{
    "summary": {
        "stock_name": "瀧澤科",
        "stock_id": "6609",
        "category": "電機機械",
        "main_business": "CNC工具機之製造及銷售<br>PCB鑽孔機之製造及銷售",
        "website_url": "http://www.takisawa.com.tw",
        "ceo": "戴雲錦",
        "pe_ratio": 12,
        "report_year_from": 2001,
        "report_year_to": 2023,
        "age": 23,
        "eps_negative_percentage": 5,
        "eps_growth_avg": {
            "last_all": 8.39,
            "last_2y": 41.44,
            "last_4y": -3.05,
            "last_8y": 8.62,
            "last_12y": 12.69,
            "last_16y": 2.06,
            "last_20y": 8.39,
            "at_2006_last_3y": 33.74,
            "at_2007_last_3y": 14.68,
            "at_2008_last_3y": -2.51,
            "at_2009_last_3y": -29,
            "at_2010_last_3y": -44.04,
            "at_2011_last_3y": -46.51,
            "at_2012_last_3y": -38.65,
            "at_2013_last_3y": 13.22,
            "at_2014_last_3y": 21.85,
            "at_2015_last_3y": 13.24,
            "at_2016_last_3y": 1.04,
            "at_2017_last_3y": 10.16,
            "at_2018_last_3y": 23.21,
            "at_2019_last_3y": 18.65,
            "at_2020_last_3y": 13.13,
            "at_2021_last_3y": 15.11,
            "at_2022_last_3y": 15.11,
            "at_2023_last_3y": 9.71,
            "at_2024_last_3y": 9.71,
            "at_2006_last_all": 33.74,
            "at_2007_last_all": 28.2,
            "at_2008_last_all": 17.14,
            "at_2009_last_all": 0.41,
            "at_2010_last_all": 0.41,
            "at_2011_last_all": 0.19,
            "at_2012_last_all": -1.46,
            "at_2013_last_all": 4.25,
            "at_2014_last_all": 8.21,
            "at_2015_last_all": 4.54,
            "at_2016_last_all": -0.69,
            "at_2017_last_all": 5.94,
            "at_2018_last_all": 12.21,
            "at_2019_last_all": 8.07,
            "at_2020_last_all": 2.56,
            "at_2021_last_all": 7.98,
            "at_2022_last_all": 12.82,
            "at_2023_last_all": 8.39,
            "at_2024_last_all": 8.39
        },
        "latest_eps": 2.56,
        "latest_price": 31.45,
        "latest_roe": 7.84,
        "latest_gross_margin": 23.15,
        "latest_equity": 2351276,
        "latest_revenue": 605164,
        "latest_gross_profit": 140089,
        "latest_net_income": 68269,
        "latest_debt_ratio": 44.55,
        "latest_current_ratio": 222.29,
        "latest_account_receivable_turnover_ratio": 0.62,
        "latest_inventory_turnover_ratio": 0.46,
        "latest_reinvestment_rate": 26.63,
        "latest_research_to_sale_ratio": 3.48
    },
    "eps_dividends": {
        "2001": {
            "cash": 0,
            "stock": 0,
            "eps": 0
        },
        "2002": {
            "cash": 0.2,
            "stock": 0,
            "eps": 1.13
        },
        "2003": {
            "cash": 0.4,
            "stock": 0.6,
            "eps": 2.06
        },
        "2004": {
            "cash": 0.6,
            "stock": 0.4,
            "eps": 2.69
        },
        "2005": {
            "cash": 0.5,
            "stock": 0.8,
            "eps": 2.85
        },
        "2006": {
            "cash": 1,
            "stock": 0.3,
            "eps": 3.31
        },
        "2007": {
            "cash": 1.2,
            "stock": 0.3,
            "eps": 3.51
        },
        "2008": {
            "cash": 1.4,
            "stock": 0.3,
            "eps": 2.17
        },
        "2009": {
            "cash": 0.6,
            "stock": 0,
            "eps": -2.32
        },
        "2010": {
            "cash": 0.6,
            "stock": 0,
            "eps": 2.22
        },
        "2011": {
            "cash": 0.8,
            "stock": 0,
            "eps": 2.19
        },
        "2012": {
            "cash": 1.2,
            "stock": 0.3,
            "eps": 1.87
        },
        "2013": {
            "cash": 1,
            "stock": 0,
            "eps": 2.91
        },
        "2014": {
            "cash": 1.5,
            "stock": 0,
            "eps": 4.3
        },
        "2015": {
            "cash": 2,
            "stock": 0,
            "eps": 2.76
        },
        "2016": {
            "cash": 1.4,
            "stock": 0,
            "eps": 1.01
        },
        "2017": {
            "cash": 0.6,
            "stock": 0,
            "eps": 1.94
        },
        "2018": {
            "cash": 1,
            "stock": 0.2,
            "eps": 4.05
        },
        "2019": {
            "cash": 2.2,
            "stock": 0,
            "eps": 1.86
        },
        "2020": {
            "cash": 1,
            "stock": 0,
            "eps": 0.27
        },
        "2021": {
            "cash": 0.8,
            "stock": 0,
            "eps": 2.51
        },
        "2022": {
            "cash": 1.5,
            "stock": 0,
            "eps": 5.1
        },
        "2023": {
            "cash": 3,
            "stock": 0,
            "eps": 1.24
        }
    },
    "dividends": {
        "2002-06-11": {
            "cash": 0.2,
            "stock": 0
        },
        "2003-06-20": {
            "cash": 0.4,
            "stock": 0.6
        },
        "2004-03-26": {
            "cash": 0.6,
            "stock": 0.4
        },
        "2005-03-25": {
            "cash": 0.5,
            "stock": 0.8
        },
        "2006-04-19": {
            "cash": 1,
            "stock": 0.3
        },
        "2007-04-19": {
            "cash": 1.2,
            "stock": 0.3
        },
        "2008-04-25": {
            "cash": 1.4,
            "stock": 0.3
        },
        "2009-03-18": {
            "cash": 0.6,
            "stock": 0
        },
        "2010-03-10": {
            "cash": 0.6,
            "stock": 0
        },
        "2011-03-07": {
            "cash": 0.8,
            "stock": 0
        },
        "2012-06-06": {
            "cash": 1.2,
            "stock": 0.3
        },
        "2013-06-14": {
            "cash": 1,
            "stock": 0
        },
        "2014-06-23": {
            "cash": 1.5,
            "stock": 0
        },
        "2015-08-14": {
            "cash": 2,
            "stock": 0
        },
        "2016-08-12": {
            "cash": 1.4,
            "stock": 0
        },
        "2017-08-11": {
            "cash": 0.6,
            "stock": 0
        },
        "2018-09-20": {
            "cash": 1,
            "stock": 0.2
        },
        "2019-08-15": {
            "cash": 2.2,
            "stock": 0
        },
        "2020-08-20": {
            "cash": 1,
            "stock": 0
        },
        "2021-09-10": {
            "cash": 0.8,
            "stock": 0
        },
        "2022-08-12": {
            "cash": 1.5,
            "stock": 0
        },
        "2023-08-18": {
            "cash": 3,
            "stock": 0
        }
    },
    "prices": {
        "200101": "無",
        "200102": "無",
        "200103": "無",
        "200104": "無",
        "200105": "無",
        "200106": "無",
        "200107": "無",
        "200108": "無",
        "200109": "無",
        "200110": "無",
        "200111": "無",
        "200112": "無",
        "200201": "無",
        "200202": "無",
        "200203": "無",
        "200204": "無",
        "200205": "無",
        "200206": "無",
        "200207": "無",
        "200208": "無",
        "200209": "無",
        "200210": "無",
        "200211": "無",
        "200212": "無",
        "200301": "無",
        "200302": "無",
        "200303": "無",
        "200304": "無",
        "200305": "無",
        "200306": "無",
        "200307": "無",
        "200308": "無",
        "200309": "17.43",
        "200310": "17.54",
        "200311": "23.08",
        "200312": "27.05",
        "200401": "26.66",
        "200402": "26.90",
        "200403": "27.27",
        "200404": "27.98",
        "200405": "24.41",
        "200406": "22.93",
        "200407": "21.97",
        "200408": "21.19",
        "200409": "21.93",
        "200410": "20.81",
        "200411": "20.35",
        "200412": "21.22",
        "200501": "20.72",
        "200502": "20.61",
        "200503": "20.64",
        "200504": "19.83",
        "200505": "19.01",
        "200506": "19.24",
        "200507": "19.19",
        "200508": "20.05",
        "200509": "19.51",
        "200510": "18.76",
        "200511": "18.90",
        "200512": "21.13",
        "200601": "22.19",
        "200602": "20.92",
        "200603": "20.70",
        "200604": "21.47",
        "200605": "22.96",
        "200606": "22.18",
        "200607": "22.18",
        "200608": "22.51",
        "200609": "24.13",
        "200610": "26.56",
        "200611": "27.05",
        "200612": "30.26",
        "200701": "30.62",
        "200702": "31.50",
        "200703": "30.67",
        "200704": "30.83",
        "200705": "29.81",
        "200706": "30.20",
        "200707": "32.63",
        "200708": "29.16",
        "200709": "30.10",
        "200710": "30.65",
        "200711": "28.91",
        "200712": "28.13",
        "200801": "27.75",
        "200802": "28.38",
        "200803": "28.95",
        "200804": "29.57",
        "200805": "29.80",
        "200806": "28.55",
        "200807": "26.88",
        "200808": "26.11",
        "200809": "20.64",
        "200810": "15.96",
        "200811": "14.20",
        "200812": "13.37",
        "200901": "13.77",
        "200902": "14.40",
        "200903": "14.55",
        "200904": "15.10",
        "200905": "14.20",
        "200906": "14.29",
        "200907": "14.23",
        "200908": "13.66",
        "200909": "13.12",
        "200910": "14.02",
        "200911": "13.69",
        "200912": "14.96",
        "201001": "16.34",
        "201002": "15.15",
        "201003": "17.05",
        "201004": "24.62",
        "201005": "25.75",
        "201006": "27.26",
        "201007": "26.73",
        "201008": "27.80",
        "201009": "26.80",
        "201010": "27.61",
        "201011": "25.25",
        "201012": "26.80",
        "201101": "26.49",
        "201102": "24.56",
        "201103": "23.57",
        "201104": "23.26",
        "201105": "21.22",
        "201106": "21.38",
        "201107": "21.23",
        "201108": "20.56",
        "201109": "19.99",
        "201110": "19.34",
        "201111": "18.62",
        "201112": "17.50",
        "201201": "18.07",
        "201202": "20.30",
        "201203": "21.57",
        "201204": "21.12",
        "201205": "20.00",
        "201206": "19.88",
        "201207": "20.20",
        "201208": "20.55",
        "201209": "19.54",
        "201210": "19.08",
        "201211": "18.01",
        "201212": "18.11",
        "201301": "18.68",
        "201302": "19.03",
        "201303": "19.14",
        "201304": "19.06",
        "201305": "19.07",
        "201306": "18.96",
        "201307": "18.53",
        "201308": "22.95",
        "201309": "27.69",
        "201310": "29.67",
        "201311": "30.27",
        "201312": "40.56",
        "201401": "52.05",
        "201402": "60.59",
        "201403": "65.17",
        "201404": "64.75",
        "201405": "61.51",
        "201406": "63.19",
        "201407": "53.82",
        "201408": "51.15",
        "201409": "52.69",
        "201410": "44.18",
        "201411": "41.08",
        "201412": "43.82",
        "201501": "42.28",
        "201502": "42.84",
        "201503": "46.40",
        "201504": "45.84",
        "201505": "36.78",
        "201506": "29.25",
        "201507": "26.30",
        "201508": "20.77",
        "201509": "25.05",
        "201510": "29.15",
        "201511": "27.94",
        "201512": "26.39",
        "201601": "25.68",
        "201602": "27.17",
        "201603": "27.25",
        "201604": "26.81",
        "201605": "25.29",
        "201606": "25.29",
        "201607": "25.38",
        "201608": "23.50",
        "201609": "23.07",
        "201610": "23.96",
        "201611": "22.32",
        "201612": "21.23",
        "201701": "21.17",
        "201702": "22.61",
        "201703": "23.27",
        "201704": "22.17",
        "201705": "23.54",
        "201706": "23.60",
        "201707": "23.59",
        "201708": "22.54",
        "201709": "23.39",
        "201710": "23.36",
        "201711": "25.84",
        "201712": "25.93",
        "201801": "31.70",
        "201802": "34.64",
        "201803": "34.02",
        "201804": "34.04",
        "201805": "35.84",
        "201806": "44.92",
        "201807": "42.54",
        "201808": "38.96",
        "201809": "33.10",
        "201810": "28.41",
        "201811": "28.00",
        "201812": "28.33",
        "201901": "29.73",
        "201902": "30.83",
        "201903": "32.80",
        "201904": "33.89",
        "201905": "31.90",
        "201906": "32.19",
        "201907": "31.47",
        "201908": "28.65",
        "201909": "28.02",
        "201910": "28.10",
        "201911": "28.41",
        "201912": "28.10",
        "202001": "28.78",
        "202002": "28.53",
        "202003": "24.20",
        "202004": "24.41",
        "202005": "25.77",
        "202006": "26.06",
        "202007": "25.30",
        "202008": "23.71",
        "202009": "24.04",
        "202010": "23.79",
        "202011": "23.75",
        "202012": "24.77",
        "202101": "25.87",
        "202102": "25.67",
        "202103": "27.65",
        "202104": "30.46",
        "202105": "29.20",
        "202106": "29.89",
        "202107": "34.20",
        "202108": "32.76",
        "202109": "30.35",
        "202110": "28.92",
        "202111": "29.22",
        "202112": "30.06",
        "202201": "30.43",
        "202202": "31.02",
        "202203": "31.16",
        "202204": "32.45",
        "202205": "35.23",
        "202206": "36.51",
        "202207": "31.08",
        "202208": "33.49",
        "202209": "30.94",
        "202210": "28.09",
        "202211": "31.08",
        "202212": "34.13",
        "202301": "37.82",
        "202302": "40.87",
        "202303": "40.38",
        "202304": "38.61",
        "202305": "35.91",
        "202306": "35.90",
        "202307": "36.11",
        "202308": "32.52",
        "202309": "31.38",
        "202310": "30.44",
        "202311": "30.97",
        "202312": "31.66"
    },
    "quarters": {
        "20011": {
            "year_quarter": 20011,
            "year": 2001,
            "quarter": 1,
            "eps": null,
            "eps_growth_year": null,
            "eps_4q": null,
            "eps_4q_growth_year": null,
            "roe": null,
            "roe_4q": 0,
            "gross_profit": null,
            "gross_margin": null,
            "gross_margin_4q_avg": 0,
            "net_income": null,
            "net_income_4q": null,
            "revenue": null,
            "revenue_4q": null,
            "common_shares": null,
            "book_valuer_per_share": null,
            "book_valuer_per_share_4q_avg": 0,
            "equity": null,
            "current_ratio": null,
            "debt_ratio": null,
            "inventory_turnover_ratio": null,
            "account_receivable_turnover_ratio": null,
            "reinvestment_rate": null,
            "research_to_sale_ratio": null,
            "price_fair": 0,
            "eps_avg_yearly": 0,
            "eps_latest_yearly": 0,
            "eps_growth_yearly": 0
        },
        "20012": {
            "year_quarter": 20012,
            "year": 2001,
            "quarter": 2,
            "eps": null,
            "eps_growth_year": null,
            "eps_4q": null,
            "eps_4q_growth_year": null,
            "roe": null,
            "roe_4q": 0,
            "gross_profit": null,
            "gross_margin": null,
            "gross_margin_4q_avg": 0,
            "net_income": null,
            "net_income_4q": null,
            "revenue": null,
            "revenue_4q": null,
            "common_shares": null,
            "book_valuer_per_share": null,
            "book_valuer_per_share_4q_avg": 0,
            "equity": null,
            "current_ratio": null,
            "debt_ratio": null,
            "inventory_turnover_ratio": null,
            "account_receivable_turnover_ratio": null,
            "reinvestment_rate": null,
            "research_to_sale_ratio": null,
            "price_fair": 0,
            "eps_avg_yearly": 0,
            "eps_latest_yearly": 0,
            "eps_growth_yearly": 0
        },
        "20013": {
            "year_quarter": 20013,
            "year": 2001,
            "quarter": 3,
            "eps": null,
            "eps_growth_year": null,
            "eps_4q": null,
            "eps_4q_growth_year": null,
            "roe": null,
            "roe_4q": 0,
            "gross_profit": null,
            "gross_margin": null,
            "gross_margin_4q_avg": 0,
            "net_income": null,
            "net_income_4q": null,
            "revenue": null,
            "revenue_4q": null,
            "common_shares": null,
            "book_valuer_per_share": null,
            "book_valuer_per_share_4q_avg": 0,
            "equity": null,
            "current_ratio": null,
            "debt_ratio": null,
            "inventory_turnover_ratio": null,
            "account_receivable_turnover_ratio": null,
            "reinvestment_rate": null,
            "research_to_sale_ratio": null,
            "price_fair": 0,
            "eps_avg_yearly": 0,
            "eps_latest_yearly": 0,
            "eps_growth_yearly": 0
        },
        "20014": {
            "year_quarter": 20014,
            "year": 2001,
            "quarter": 4,
            "eps": null,
            "eps_growth_year": null,
            "eps_4q": null,
            "eps_4q_growth_year": null,
            "roe": null,
            "roe_4q": 0,
            "gross_profit": null,
            "gross_margin": null,
            "gross_margin_4q_avg": 0,
            "net_income": null,
            "net_income_4q": null,
            "revenue": null,
            "revenue_4q": null,
            "common_shares": 453243,
            "book_valuer_per_share": 13.08,
            "book_valuer_per_share_4q_avg": 3.27,
            "equity": 592978,
            "current_ratio": 151.76,
            "debt_ratio": 53.95,
            "inventory_turnover_ratio": null,
            "account_receivable_turnover_ratio": null,
            "reinvestment_rate": null,
            "research_to_sale_ratio": null,
            "price_fair": 0,
            "eps_avg_yearly": 0,
            "eps_latest_yearly": 0,
            "eps_growth_yearly": 0
        },
        "20021": {
            "year_quarter": 20021,
            "year": 2002,
            "quarter": 1,
            "eps": 0.15,
            "eps_growth_year": null,
            "eps_4q": null,
            "eps_4q_growth_year": null,
            "roe": 1.16,
            "roe_4q": 1.16,
            "gross_profit": 45591,
            "gross_margin": 17.03,
            "gross_margin_4q_avg": 4.26,
            "net_income": 6895,
            "net_income_4q": null,
            "revenue": 267785,
            "revenue_4q": null,
            "common_shares": 453243,
            "book_valuer_per_share": 13.24,
            "book_valuer_per_share_4q_avg": 6.58,
            "equity": 599873,
            "current_ratio": 149.52,
            "debt_ratio": 55.63,
            "inventory_turnover_ratio": 0.55,
            "account_receivable_turnover_ratio": null,
            "reinvestment_rate": null,
            "research_to_sale_ratio": null,
            "price_fair": 0,
            "eps_avg_yearly": 0,
            "eps_latest_yearly": 0,
            "eps_growth_yearly": 0
        },
        "20022": {
            "year_quarter": 20022,
            "year": 2002,
            "quarter": 2,
            "eps": 0.25,
            "eps_growth_year": null,
            "eps_4q": null,
            "eps_4q_growth_year": null,
            "roe": 1.87,
            "roe_4q": 3.0300000000000002,
            "gross_profit": 57553,
            "gross_margin": 17.23,
            "gross_margin_4q_avg": 8.57,
            "net_income": 11252,
            "net_income_4q": null,
            "revenue": 334079,
            "revenue_4q": null,
            "common_shares": 453243,
            "book_valuer_per_share": 13.27,
            "book_valuer_per_share_4q_avg": 9.9,
            "equity": 601314,
            "current_ratio": 146.66,
            "debt_ratio": 57.04,
            "inventory_turnover_ratio": 0.76,
            "account_receivable_turnover_ratio": null,
            "reinvestment_rate": null,
            "research_to_sale_ratio": null,
            "price_fair": 35,
            "eps_avg_yearly": 1,
            "eps_latest_yearly": 1,
            "eps_growth_yearly": 266.67
        },
        "20023": {
            "year_quarter": 20023,
            "year": 2002,
            "quarter": 3,
            "eps": 0.4,
            "eps_growth_year": null,
            "eps_4q": null,
            "eps_4q_growth_year": null,
            "roe": 3,
            "roe_4q": 6.03,
            "gross_profit": 65651,
            "gross_margin": 18.91,
            "gross_margin_4q_avg": 13.29,
            "net_income": 18300,
            "net_income_4q": null,
            "revenue": 347158,
            "revenue_4q": null,
            "common_shares": 453243,
            "book_valuer_per_share": 13.67,
            "book_valuer_per_share_4q_avg": 13.32,
            "equity": 619614,
            "current_ratio": 149.49,
            "debt_ratio": 56.12,
            "inventory_turnover_ratio": 0.82,
            "account_receivable_turnover_ratio": null,
            "reinvestment_rate": null,
            "research_to_sale_ratio": null,
            "price_fair": 45.5,
            "eps_avg_yearly": 1.3,
            "eps_latest_yearly": 1.6,
            "eps_growth_yearly": 253.33
        },
        "20024": {
            "year_quarter": 20024,
            "year": 2002,
            "quarter": 4,
            "eps": 0.33,
            "eps_growth_year": null,
            "eps_4q": 1.14,
            "eps_4q_growth_year": null,
            "roe": 2.37,
            "roe_4q": 8.4,
            "gross_profit": 80658,
            "gross_margin": 19.98,
            "gross_margin_4q_avg": 18.29,
            "net_income": 14835,
            "net_income_4q": null,
            "revenue": 403606,
            "revenue_4q": null,
            "common_shares": 453243,
            "book_valuer_per_share": 14,
            "book_valuer_per_share_4q_avg": 13.55,
            "equity": 634449,
            "current_ratio": 157.5,
            "debt_ratio": 56.82,
            "inventory_turnover_ratio": 1.01,
            "account_receivable_turnover_ratio": null,
            "reinvestment_rate": null,
            "research_to_sale_ratio": null,
            "price_fair": 45.73,
            "eps_avg_yearly": 1.31,
            "eps_latest_yearly": 1.32,
            "eps_growth_yearly": 145.56
        },
        "20031": {
            "year_quarter": 20031,
            "year": 2003,
            "quarter": 1,
            "eps": 0.54,
            "eps_growth_year": 260,
            "eps_4q": 1.52,
            "eps_4q_growth_year": null,
            "roe": 3.77,
            "roe_4q": 11.010000000000002,
            "gross_profit": 91301,
            "gross_margin": 21.43,
            "gross_margin_4q_avg": 19.39,
            "net_income": 24403,
            "net_income_4q": null,
            "revenue": 426089,
            "revenue_4q": null,
            "common_shares": 453243,
            "book_valuer_per_share": 14.54,
            "book_valuer_per_share_4q_avg": 13.87,
            "equity": 658852,
            "current_ratio": 147.61,
            "debt_ratio": 59.6,
            "inventory_turnover_ratio": 1.03,
            "account_receivable_turnover_ratio": null,
            "reinvestment_rate": null,
            "research_to_sale_ratio": null,
            "price_fair": 53.2,
            "eps_avg_yearly": 1.52,
            "eps_latest_yearly": 2.16,
            "eps_growth_yearly": 172.8
        },
        "20032": {
            "year_quarter": 20032,
            "year": 2003,
            "quarter": 2,
            "eps": 0.36,
            "eps_growth_year": 44,
            "eps_4q": 1.62,
            "eps_4q_growth_year": null,
            "roe": 2.5,
            "roe_4q": 11.64,
            "gross_profit": 106928,
            "gross_margin": 23.9,
            "gross_margin_4q_avg": 21.06,
            "net_income": 16388,
            "net_income_4q": null,
            "revenue": 447371,
            "revenue_4q": null,
            "common_shares": 453243,
            "book_valuer_per_share": 14.45,
            "book_valuer_per_share_4q_avg": 14.17,
            "equity": 654791,
            "current_ratio": 145.74,
            "debt_ratio": 59.28,
            "inventory_turnover_ratio": 0.97,
            "account_receivable_turnover_ratio": null,
            "reinvestment_rate": null,
            "research_to_sale_ratio": null,
            "price_fair": 52.64,
            "eps_avg_yearly": 1.5,
            "eps_latest_yearly": 1.44,
            "eps_growth_yearly": 111.58
        },
        "20033": {
            "year_quarter": 20033,
            "year": 2003,
            "quarter": 3,
            "eps": 0.4,
            "eps_growth_year": 0,
            "eps_4q": 1.56,
            "eps_4q_growth_year": null,
            "roe": 2.88,
            "roe_4q": 11.52,
            "gross_profit": 106264,
            "gross_margin": 23.24,
            "gross_margin_4q_avg": 22.14,
            "net_income": 19101,
            "net_income_4q": null,
            "revenue": 457234,
            "revenue_4q": null,
            "common_shares": 480438,
            "book_valuer_per_share": 14,
            "book_valuer_per_share_4q_avg": 14.25,
            "equity": 672392,
            "current_ratio": 147.71,
            "debt_ratio": 60.39,
            "inventory_turnover_ratio": 1.03,
            "account_receivable_turnover_ratio": null,
            "reinvestment_rate": null,
            "research_to_sale_ratio": null,
            "price_fair": 53.2,
            "eps_avg_yearly": 1.52,
            "eps_latest_yearly": 1.6,
            "eps_growth_yearly": 100.39
        },
        "20034": {
            "year_quarter": 20034,
            "year": 2003,
            "quarter": 4,
            "eps": 0.76,
            "eps_growth_year": 130.3,
            "eps_4q": 2,
            "eps_4q_growth_year": 75.37,
            "roe": 5.31,
            "roe_4q": 14.459999999999999,
            "gross_profit": 93973,
            "gross_margin": 18.2,
            "gross_margin_4q_avg": 21.69,
            "net_income": 36693,
            "net_income_4q": null,
            "revenue": 516322,
            "revenue_4q": null,
            "common_shares": 480438,
            "book_valuer_per_share": 14.76,
            "book_valuer_per_share_4q_avg": 14.44,
            "equity": 709211,
            "current_ratio": 154.03,
            "debt_ratio": 58.29,
            "inventory_turnover_ratio": 1.38,
            "account_receivable_turnover_ratio": null,
            "reinvestment_rate": null,
            "research_to_sale_ratio": null,
            "price_fair": 60.8,
            "eps_avg_yearly": 1.74,
            "eps_latest_yearly": 3.04,
            "eps_growth_yearly": 137.47
        },
        "20041": {
            "year_quarter": 20041,
            "year": 2004,
            "quarter": 1,
            "eps": 0.83,
            "eps_growth_year": 53.7,
            "eps_4q": 2.34,
            "eps_4q_growth_year": 53.72,
            "roe": 5.45,
            "roe_4q": 16.14,
            "gross_profit": 115923,
            "gross_margin": 19.52,
            "gross_margin_4q_avg": 21.22,
            "net_income": 39676,
            "net_income_4q": null,
            "revenue": 593860,
            "revenue_4q": null,
            "common_shares": 480438,
            "book_valuer_per_share": 15.54,
            "book_valuer_per_share_4q_avg": 14.69,
            "equity": 746723,
            "current_ratio": 151.47,
            "debt_ratio": 60.39,
            "inventory_turnover_ratio": 1.35,
            "account_receivable_turnover_ratio": null,
            "reinvestment_rate": null,
            "research_to_sale_ratio": null,
            "price_fair": 67.73,
            "eps_avg_yearly": 1.94,
            "eps_latest_yearly": 3.32,
            "eps_growth_yearly": 124.9
        },
        "20042": {
            "year_quarter": 20042,
            "year": 2004,
            "quarter": 2,
            "eps": 0.63,
            "eps_growth_year": 75,
            "eps_4q": 2.61,
            "eps_4q_growth_year": 60.85,
            "roe": 4.07,
            "roe_4q": 17.709999999999997,
            "gross_profit": 106253,
            "gross_margin": 16.63,
            "gross_margin_4q_avg": 19.4,
            "net_income": 30343,
            "net_income_4q": null,
            "revenue": 638879,
            "revenue_4q": null,
            "common_shares": 480438,
            "book_valuer_per_share": 15.5,
            "book_valuer_per_share_4q_avg": 14.95,
            "equity": 744872,
            "current_ratio": 139.81,
            "debt_ratio": 62.68,
            "inventory_turnover_ratio": 1.22,
            "account_receivable_turnover_ratio": null,
            "reinvestment_rate": null,
            "research_to_sale_ratio": null,
            "price_fair": 70,
            "eps_avg_yearly": 2,
            "eps_latest_yearly": 2.52,
            "eps_growth_yearly": 100.31
        },
        "20043": {
            "year_quarter": 20043,
            "year": 2004,
            "quarter": 3,
            "eps": 0.72,
            "eps_growth_year": 80,
            "eps_4q": 2.84,
            "eps_4q_growth_year": 81.64,
            "roe": 4.75,
            "roe_4q": 19.58,
            "gross_profit": 106047,
            "gross_margin": 18.37,
            "gross_margin_4q_avg": 18.18,
            "net_income": 36199,
            "net_income_4q": null,
            "revenue": 577320,
            "revenue_4q": null,
            "common_shares": 499655,
            "book_valuer_per_share": 15.62,
            "book_valuer_per_share_4q_avg": 15.36,
            "equity": 780436,
            "current_ratio": 142.02,
            "debt_ratio": 62.32,
            "inventory_turnover_ratio": 0.94,
            "account_receivable_turnover_ratio": null,
            "reinvestment_rate": null,
            "research_to_sale_ratio": null,
            "price_fair": 73.08,
            "eps_avg_yearly": 2.09,
            "eps_latest_yearly": 2.88,
            "eps_growth_yearly": 95.99
        },
        "20044": {
            "year_quarter": 20044,
            "year": 2004,
            "quarter": 4,
            "eps": 0.51,
            "eps_growth_year": -32.89,
            "eps_4q": 2.65,
            "eps_4q_growth_year": 32.68,
            "roe": 3.19,
            "roe_4q": 17.46,
            "gross_profit": 98202,
            "gross_margin": 16.26,
            "gross_margin_4q_avg": 17.7,
            "net_income": 25263,
            "net_income_4q": null,
            "revenue": 604075,
            "revenue_4q": null,
            "common_shares": 499655,
            "book_valuer_per_share": 16.04,
            "book_valuer_per_share_4q_avg": 15.68,
            "equity": 801551,
            "current_ratio": 155.58,
            "debt_ratio": 59.07,
            "inventory_turnover_ratio": 0.99,
            "account_receivable_turnover_ratio": null,
            "reinvestment_rate": null,
            "research_to_sale_ratio": null,
            "price_fair": 72.93,
            "eps_avg_yearly": 2.08,
            "eps_latest_yearly": 2.04,
            "eps_growth_yearly": 76.66
        },
        "20051": {
            "year_quarter": 20051,
            "year": 2005,
            "quarter": 1,
            "eps": 0.64,
            "eps_growth_year": -22.89,
            "eps_4q": 2.49,
            "eps_4q_growth_year": 6.29,
            "roe": 3.84,
            "roe_4q": 15.85,
            "gross_profit": 105731,
            "gross_margin": 17.19,
            "gross_margin_4q_avg": 17.11,
            "net_income": 31807,
            "net_income_4q": null,
            "revenue": 615009,
            "revenue_4q": null,
            "common_shares": 499655,
            "book_valuer_per_share": 17.07,
            "book_valuer_per_share_4q_avg": 16.06,
            "equity": 853122,
            "current_ratio": 164.9,
            "debt_ratio": 55.12,
            "inventory_turnover_ratio": 1.06,
            "account_receivable_turnover_ratio": null,
            "reinvestment_rate": null,
            "research_to_sale_ratio": null,
            "price_fair": 74.32,
            "eps_avg_yearly": 2.12,
            "eps_latest_yearly": 2.56,
            "eps_growth_yearly": 78.77
        },
        "20052": {
            "year_quarter": 20052,
            "year": 2005,
            "quarter": 2,
            "eps": 0.49,
            "eps_growth_year": -22.22,
            "eps_4q": 2.37,
            "eps_4q_growth_year": -9.26,
            "roe": 2.86,
            "roe_4q": 14.639999999999999,
            "gross_profit": 99274,
            "gross_margin": 15.78,
            "gross_margin_4q_avg": 16.9,
            "net_income": 24306,
            "net_income_4q": null,
            "revenue": 629079,
            "revenue_4q": null,
            "common_shares": 499655,
            "book_valuer_per_share": 16.91,
            "book_valuer_per_share_4q_avg": 16.41,
            "equity": 844682,
            "current_ratio": 165.23,
            "debt_ratio": 54.6,
            "inventory_turnover_ratio": 1.22,
            "account_receivable_turnover_ratio": null,
            "reinvestment_rate": null,
            "research_to_sale_ratio": null,
            "price_fair": 73.88,
            "eps_avg_yearly": 2.11,
            "eps_latest_yearly": 1.96,
            "eps_growth_yearly": 65.5
        },
        "20053": {
            "year_quarter": 20053,
            "year": 2005,
            "quarter": 3,
            "eps": 0.89,
            "eps_growth_year": 23.61,
            "eps_4q": 2.4,
            "eps_4q_growth_year": -15.49,
            "roe": 5.5,
            "roe_4q": 15.389999999999999,
            "gross_profit": 108012,
            "gross_margin": 18.55,
            "gross_margin_4q_avg": 16.95,
            "net_income": 47893,
            "net_income_4q": null,
            "revenue": 582303,
            "revenue_4q": null,
            "common_shares": 539627,
            "book_valuer_per_share": 16.63,
            "book_valuer_per_share_4q_avg": 16.66,
            "equity": 897214,
            "current_ratio": 166.04,
            "debt_ratio": 54.62,
            "inventory_turnover_ratio": 1.05,
            "account_receivable_turnover_ratio": null,
            "reinvestment_rate": null,
            "research_to_sale_ratio": null,
            "price_fair": 77.5,
            "eps_avg_yearly": 2.21,
            "eps_latest_yearly": 3.56,
            "eps_growth_yearly": 84.14
        },
        "20054": {
            "year_quarter": 20054,
            "year": 2005,
            "quarter": 4,
            "eps": 0.83,
            "eps_growth_year": 62.75,
            "eps_4q": 2.75,
            "eps_4q_growth_year": 3.78,
            "roe": 4.71,
            "roe_4q": 16.91,
            "gross_profit": 111371,
            "gross_margin": 17.86,
            "gross_margin_4q_avg": 17.35,
            "net_income": 44852,
            "net_income_4q": null,
            "revenue": 623434,
            "revenue_4q": null,
            "common_shares": 539627,
            "book_valuer_per_share": 17.45,
            "book_valuer_per_share_4q_avg": 17.02,
            "equity": 1007761,
            "current_ratio": 177.14,
            "debt_ratio": 52.44,
            "inventory_turnover_ratio": 1.05,
            "account_receivable_turnover_ratio": null,
            "reinvestment_rate": -1.66,
            "research_to_sale_ratio": null,
            "price_fair": 80.08,
            "eps_avg_yearly": 2.29,
            "eps_latest_yearly": 3.32,
            "eps_growth_yearly": 76.74
        },
        "20061": {
            "year_quarter": 20061,
            "year": 2006,
            "quarter": 1,
            "eps": 0.76,
            "eps_growth_year": 18.75,
            "eps_4q": 2.92,
            "eps_4q_growth_year": 17.58,
            "roe": 4.13,
            "roe_4q": 17.2,
            "gross_profit": 109100,
            "gross_margin": 18.73,
            "gross_margin_4q_avg": 17.73,
            "net_income": 41098,
            "net_income_4q": null,
            "revenue": 582466,
            "revenue_4q": null,
            "common_shares": 539627,
            "book_valuer_per_share": 18.2,
            "book_valuer_per_share_4q_avg": 17.3,
            "equity": 982329,
            "current_ratio": 174.27,
            "debt_ratio": 51.43,
            "inventory_turnover_ratio": 0.96,
            "account_receivable_turnover_ratio": null,
            "reinvestment_rate": -5.65,
            "research_to_sale_ratio": null,
            "price_fair": 81.73,
            "eps_avg_yearly": 2.34,
            "eps_latest_yearly": 3.04,
            "eps_growth_yearly": 69.83
        },
        "20062": {
            "year_quarter": 20062,
            "year": 2006,
            "quarter": 2,
            "eps": 0.64,
            "eps_growth_year": 30.61,
            "eps_4q": 3.12,
            "eps_4q_growth_year": 31.56,
            "roe": 3.57,
            "roe_4q": 17.91,
            "gross_profit": 116837,
            "gross_margin": 18.61,
            "gross_margin_4q_avg": 18.44,
            "net_income": 34564,
            "net_income_4q": null,
            "revenue": 627751,
            "revenue_4q": null,
            "common_shares": 539627,
            "book_valuer_per_share": 17.7,
            "book_valuer_per_share_4q_avg": 17.5,
            "equity": 955009,
            "current_ratio": 158.93,
            "debt_ratio": 55.98,
            "inventory_turnover_ratio": 0.98,
            "account_receivable_turnover_ratio": null,
            "reinvestment_rate": -3.26,
            "research_to_sale_ratio": null,
            "price_fair": 85.14,
            "eps_avg_yearly": 2.43,
            "eps_latest_yearly": 2.56,
            "eps_growth_yearly": 49.22
        },
        "20063": {
            "year_quarter": 20063,
            "year": 2006,
            "quarter": 3,
            "eps": 1.02,
            "eps_growth_year": 14.61,
            "eps_4q": 3.18,
            "eps_4q_growth_year": 32.31,
            "roe": 5.78,
            "roe_4q": 18.19,
            "gross_profit": 141072,
            "gross_margin": 19.25,
            "gross_margin_4q_avg": 18.61,
            "net_income": 56954,
            "net_income_4q": null,
            "revenue": 732810,
            "revenue_4q": null,
            "common_shares": 555816,
            "book_valuer_per_share": 18.26,
            "book_valuer_per_share_4q_avg": 17.9,
            "equity": 1015135,
            "current_ratio": 149.35,
            "debt_ratio": 57.18,
            "inventory_turnover_ratio": 1.05,
            "account_receivable_turnover_ratio": null,
            "reinvestment_rate": -0.53,
            "research_to_sale_ratio": null,
            "price_fair": 90.56,
            "eps_avg_yearly": 2.59,
            "eps_latest_yearly": 4.08,
            "eps_growth_yearly": 49.06
        },
        "20064": {
            "year_quarter": 20064,
            "year": 2006,
            "quarter": 4,
            "eps": 0.89,
            "eps_growth_year": 7.23,
            "eps_4q": 3.28,
            "eps_4q_growth_year": 19.02,
            "roe": 4.6,
            "roe_4q": 18.08,
            "gross_profit": 117243,
            "gross_margin": 15.81,
            "gross_margin_4q_avg": 18.1,
            "net_income": 49414,
            "net_income_4q": null,
            "revenue": 741621,
            "revenue_4q": null,
            "common_shares": 555816,
            "book_valuer_per_share": 19.15,
            "book_valuer_per_share_4q_avg": 18.33,
            "equity": 1131781,
            "current_ratio": 162.15,
            "debt_ratio": 53.02,
            "inventory_turnover_ratio": 1.1,
            "account_receivable_turnover_ratio": null,
            "reinvestment_rate": 14.5,
            "research_to_sale_ratio": null,
            "price_fair": 95.46,
            "eps_avg_yearly": 2.73,
            "eps_latest_yearly": 3.56,
            "eps_growth_yearly": 50.25
        },
        "20071": {
            "year_quarter": 20071,
            "year": 2007,
            "quarter": 1,
            "eps": 0.75,
            "eps_growth_year": -1.32,
            "eps_4q": 3.3,
            "eps_4q_growth_year": 12.9,
            "roe": 3.7,
            "roe_4q": 17.650000000000002,
            "gross_profit": 103138,
            "gross_margin": 16.19,
            "gross_margin_4q_avg": 17.47,
            "net_income": 41421,
            "net_income_4q": null,
            "revenue": 636857,
            "revenue_4q": null,
            "common_shares": 555816,
            "book_valuer_per_share": 19.94,
            "book_valuer_per_share_4q_avg": 18.76,
            "equity": 1108386,
            "current_ratio": 165.59,
            "debt_ratio": 51.07,
            "inventory_turnover_ratio": 1,
            "account_receivable_turnover_ratio": null,
            "reinvestment_rate": 2.13,
            "research_to_sale_ratio": null,
            "price_fair": 97.3,
            "eps_avg_yearly": 2.78,
            "eps_latest_yearly": 3,
            "eps_growth_yearly": 30.41
        },
        "20072": {
            "year_quarter": 20072,
            "year": 2007,
            "quarter": 2,
            "eps": 0.8,
            "eps_growth_year": 25,
            "eps_4q": 3.45,
            "eps_4q_growth_year": 10.49,
            "roe": 4.09,
            "roe_4q": 18.17,
            "gross_profit": 127694,
            "gross_margin": 18.83,
            "gross_margin_4q_avg": 17.52,
            "net_income": 44692,
            "net_income_4q": null,
            "revenue": 678097,
            "revenue_4q": null,
            "common_shares": 555816,
            "book_valuer_per_share": 19.38,
            "book_valuer_per_share_4q_avg": 19.18,
            "equity": 1077298,
            "current_ratio": 166.1,
            "debt_ratio": 50.71,
            "inventory_turnover_ratio": 1.06,
            "account_receivable_turnover_ratio": null,
            "reinvestment_rate": 1.92,
            "research_to_sale_ratio": null,
            "price_fair": 101.15,
            "eps_avg_yearly": 2.89,
            "eps_latest_yearly": 3.2,
            "eps_growth_yearly": 40.41
        },
        "20073": {
            "year_quarter": 20073,
            "year": 2007,
            "quarter": 3,
            "eps": 0.95,
            "eps_growth_year": -6.86,
            "eps_4q": 3.32,
            "eps_4q_growth_year": 4.47,
            "roe": 4.92,
            "roe_4q": 17.310000000000002,
            "gross_profit": 131188,
            "gross_margin": 18.25,
            "gross_margin_4q_avg": 17.27,
            "net_income": 54318,
            "net_income_4q": null,
            "revenue": 718685,
            "revenue_4q": null,
            "common_shares": 572491,
            "book_valuer_per_share": 19.78,
            "book_valuer_per_share_4q_avg": 19.56,
            "equity": 1132497,
            "current_ratio": 173.23,
            "debt_ratio": 49.07,
            "inventory_turnover_ratio": 1.14,
            "account_receivable_turnover_ratio": null,
            "reinvestment_rate": 2.39,
            "research_to_sale_ratio": null,
            "price_fair": 105.96,
            "eps_avg_yearly": 3.03,
            "eps_latest_yearly": 3.8,
            "eps_growth_yearly": 42.32
        },
        "20074": {
            "year_quarter": 20074,
            "year": 2007,
            "quarter": 4,
            "eps": 1.01,
            "eps_growth_year": 13.48,
            "eps_4q": 3.45,
            "eps_4q_growth_year": 5.27,
            "roe": 4.85,
            "roe_4q": 17.56,
            "gross_profit": 133817,
            "gross_margin": 17.45,
            "gross_margin_4q_avg": 17.68,
            "net_income": 58095,
            "net_income_4q": null,
            "revenue": 766681,
            "revenue_4q": null,
            "common_shares": 572490,
            "book_valuer_per_share": 20.84,
            "book_valuer_per_share_4q_avg": 19.99,
            "equity": 1264251,
            "current_ratio": 180.42,
            "debt_ratio": 48.59,
            "inventory_turnover_ratio": 1.18,
            "account_receivable_turnover_ratio": null,
            "reinvestment_rate": 12.07,
            "research_to_sale_ratio": null,
            "price_fair": 97.02,
            "eps_avg_yearly": 3.09,
            "eps_latest_yearly": 4.04,
            "eps_growth_yearly": 21.4
        },
        "20081": {
            "year_quarter": 20081,
            "year": 2008,
            "quarter": 1,
            "eps": 0.72,
            "eps_growth_year": -4,
            "eps_4q": 3.45,
            "eps_4q_growth_year": 4.43,
            "roe": 3.23,
            "roe_4q": 17.09,
            "gross_profit": 128994,
            "gross_margin": 17.8,
            "gross_margin_4q_avg": 18.08,
            "net_income": 41470,
            "net_income_4q": null,
            "revenue": 724581,
            "revenue_4q": null,
            "common_shares": 572490,
            "book_valuer_per_share": 21.52,
            "book_valuer_per_share_4q_avg": 20.38,
            "equity": 1303765,
            "current_ratio": 166.29,
            "debt_ratio": 48.48,
            "inventory_turnover_ratio": 1.03,
            "account_receivable_turnover_ratio": null,
            "reinvestment_rate": 38.41,
            "research_to_sale_ratio": null,
            "price_fair": 67.12,
            "eps_avg_yearly": 3.06,
            "eps_latest_yearly": 2.88,
            "eps_growth_yearly": 11.92
        },
        "20082": {
            "year_quarter": 20082,
            "year": 2008,
            "quarter": 2,
            "eps": 0.63,
            "eps_growth_year": -21.25,
            "eps_4q": 3.29,
            "eps_4q_growth_year": -4.52,
            "roe": 2.85,
            "roe_4q": 15.85,
            "gross_profit": 127664,
            "gross_margin": 16.22,
            "gross_margin_4q_avg": 17.43,
            "net_income": 36383,
            "net_income_4q": null,
            "revenue": 786955,
            "revenue_4q": null,
            "common_shares": 572490,
            "book_valuer_per_share": 20.6,
            "book_valuer_per_share_4q_avg": 20.69,
            "equity": 1250830,
            "current_ratio": 149.77,
            "debt_ratio": 51.43,
            "inventory_turnover_ratio": 1.09,
            "account_receivable_turnover_ratio": null,
            "reinvestment_rate": 51.46,
            "research_to_sale_ratio": null,
            "price_fair": 75.99,
            "eps_avg_yearly": 3.06,
            "eps_latest_yearly": 2.52,
            "eps_growth_yearly": 14.81
        },
        "20083": {
            "year_quarter": 20083,
            "year": 2008,
            "quarter": 3,
            "eps": 0.54,
            "eps_growth_year": -43.16,
            "eps_4q": 2.62,
            "eps_4q_growth_year": -20.97,
            "roe": 2.7,
            "roe_4q": 13.63,
            "gross_profit": 97283,
            "gross_margin": 13.51,
            "gross_margin_4q_avg": 16.25,
            "net_income": 34459,
            "net_income_4q": null,
            "revenue": 719843,
            "revenue_4q": null,
            "common_shares": 589665,
            "book_valuer_per_share": 20.66,
            "book_valuer_per_share_4q_avg": 20.91,
            "equity": 1297373,
            "current_ratio": 155.35,
            "debt_ratio": 49.27,
            "inventory_turnover_ratio": 0.98,
            "account_receivable_turnover_ratio": null,
            "reinvestment_rate": 54.33,
            "research_to_sale_ratio": null,
            "price_fair": 53.32,
            "eps_avg_yearly": 3.02,
            "eps_latest_yearly": 2.16,
            "eps_growth_yearly": 7.67
        },
        "20084": {
            "year_quarter": 20084,
            "year": 2008,
            "quarter": 4,
            "eps": 0.28,
            "eps_growth_year": -72.28,
            "eps_4q": 3.69,
            "eps_4q_growth_year": 6.79,
            "roe": 0.73,
            "roe_4q": 9.51,
            "gross_profit": 76089,
            "gross_margin": 16.51,
            "gross_margin_4q_avg": 16.01,
            "net_income": 9550,
            "net_income_4q": null,
            "revenue": 460878,
            "revenue_4q": null,
            "common_shares": 589665,
            "book_valuer_per_share": 20.96,
            "book_valuer_per_share_4q_avg": 20.94,
            "equity": 1309448,
            "current_ratio": 171.15,
            "debt_ratio": 43.57,
            "inventory_turnover_ratio": 0.6,
            "account_receivable_turnover_ratio": 1.37,
            "reinvestment_rate": 57.46,
            "research_to_sale_ratio": null,
            "price_fair": 38.26,
            "eps_avg_yearly": 2.96,
            "eps_latest_yearly": 1.12,
            "eps_growth_yearly": 2.93
        },
        "20091": {
            "year_quarter": 20091,
            "year": 2009,
            "quarter": 1,
            "eps": -0.43,
            "eps_growth_year": -159.72,
            "eps_4q": 0.99,
            "eps_4q_growth_year": -71.19,
            "roe": -1.68,
            "roe_4q": 4.6000000000000005,
            "gross_profit": 19655,
            "gross_margin": 7.44,
            "gross_margin_4q_avg": 13.42,
            "net_income": -21846,
            "net_income_4q": null,
            "revenue": 264207,
            "revenue_4q": null,
            "common_shares": 589665,
            "book_valuer_per_share": 20.58,
            "book_valuer_per_share_4q_avg": 20.7,
            "equity": 1293279,
            "current_ratio": 209.95,
            "debt_ratio": 34.11,
            "inventory_turnover_ratio": 0.43,
            "account_receivable_turnover_ratio": 0.46,
            "reinvestment_rate": 63.22,
            "research_to_sale_ratio": null,
            "price_fair": 8.96,
            "eps_avg_yearly": 2.99,
            "eps_latest_yearly": 1.12,
            "eps_growth_yearly": -3.68
        },
        "20092": {
            "year_quarter": 20092,
            "year": 2009,
            "quarter": 2,
            "eps": -0.91,
            "eps_growth_year": -244.44,
            "eps_4q": -0.53,
            "eps_4q_growth_year": -116.2,
            "roe": -4.49,
            "roe_4q": -2.7399999999999993,
            "gross_profit": -1069,
            "gross_margin": -0.64,
            "gross_margin_4q_avg": 9.21,
            "net_income": -55846,
            "net_income_4q": null,
            "revenue": 166447,
            "revenue_4q": null,
            "common_shares": 589665,
            "book_valuer_per_share": 19.01,
            "book_valuer_per_share_4q_avg": 20.3,
            "equity": 1196092,
            "current_ratio": 208.04,
            "debt_ratio": 34.96,
            "inventory_turnover_ratio": 0.34,
            "account_receivable_turnover_ratio": 0.38,
            "reinvestment_rate": 70.31,
            "research_to_sale_ratio": null,
            "price_fair": 39.04,
            "eps_avg_yearly": 3.06,
            "eps_latest_yearly": 1.12,
            "eps_growth_yearly": 2.76
        },
        "20093": {
            "year_quarter": 20093,
            "year": 2009,
            "quarter": 3,
            "eps": -0.84,
            "eps_growth_year": -255.56,
            "eps_4q": -1.91,
            "eps_4q_growth_year": -172.74,
            "roe": -4.45,
            "roe_4q": -9.89,
            "gross_profit": 1642,
            "gross_margin": 0.74,
            "gross_margin_4q_avg": 6.01,
            "net_income": -51974,
            "net_income_4q": null,
            "revenue": 221125,
            "revenue_4q": null,
            "common_shares": 589665,
            "book_valuer_per_share": 18.14,
            "book_valuer_per_share_4q_avg": 19.67,
            "equity": 1140852,
            "current_ratio": 196.03,
            "debt_ratio": 36.96,
            "inventory_turnover_ratio": 0.46,
            "account_receivable_turnover_ratio": 0.56,
            "reinvestment_rate": 83.35,
            "research_to_sale_ratio": null,
            "price_fair": 9.06,
            "eps_avg_yearly": 3.02,
            "eps_latest_yearly": 1.12,
            "eps_growth_yearly": -22.15
        },
        "20094": {
            "year_quarter": 20094,
            "year": 2009,
            "quarter": 4,
            "eps": -0.14,
            "eps_growth_year": -150,
            "eps_4q": -2.33,
            "eps_4q_growth_year": -163.22,
            "roe": -0.76,
            "roe_4q": -11.379999999999999,
            "gross_profit": 46252,
            "gross_margin": 13.5,
            "gross_margin_4q_avg": 5.26,
            "net_income": -8690,
            "net_income_4q": null,
            "revenue": 342560,
            "revenue_4q": null,
            "common_shares": 589665,
            "book_valuer_per_share": 17.99,
            "book_valuer_per_share_4q_avg": 18.93,
            "equity": 1131186,
            "current_ratio": 175.05,
            "debt_ratio": 41.68,
            "inventory_turnover_ratio": 0.62,
            "account_receivable_turnover_ratio": 1.53,
            "reinvestment_rate": 113,
            "research_to_sale_ratio": null,
            "price_fair": 8.99,
            "eps_avg_yearly": 3,
            "eps_latest_yearly": 1.12,
            "eps_growth_yearly": -21.75
        },
        "20101": {
            "year_quarter": 20101,
            "year": 2010,
            "quarter": 1,
            "eps": 0.21,
            "eps_growth_year": null,
            "eps_4q": -1.68,
            "eps_4q_growth_year": -269.54,
            "roe": 1.13,
            "roe_4q": -8.57,
            "gross_profit": 70209,
            "gross_margin": 14.81,
            "gross_margin_4q_avg": 7.1,
            "net_income": 12438,
            "net_income_4q": null,
            "revenue": 474221,
            "revenue_4q": null,
            "common_shares": 589665,
            "book_valuer_per_share": 18.18,
            "book_valuer_per_share_4q_avg": 18.33,
            "equity": 1072079,
            "current_ratio": 172.63,
            "debt_ratio": 48.33,
            "inventory_turnover_ratio": 0.8,
            "account_receivable_turnover_ratio": 0.9,
            "reinvestment_rate": 147.2,
            "research_to_sale_ratio": null,
            "price_fair": 8.98,
            "eps_avg_yearly": 2.99,
            "eps_latest_yearly": 1.12,
            "eps_growth_yearly": -20.66
        },
        "20102": {
            "year_quarter": 20102,
            "year": 2010,
            "quarter": 2,
            "eps": 0.91,
            "eps_growth_year": null,
            "eps_4q": 0.14,
            "eps_4q_growth_year": null,
            "roe": 4.98,
            "roe_4q": 0.9000000000000004,
            "gross_profit": 146848,
            "gross_margin": 17.95,
            "gross_margin_4q_avg": 11.75,
            "net_income": 53902,
            "net_income_4q": null,
            "revenue": 818284,
            "revenue_4q": null,
            "common_shares": 589665,
            "book_valuer_per_share": 18.55,
            "book_valuer_per_share_4q_avg": 18.22,
            "equity": 1093678,
            "current_ratio": 146.21,
            "debt_ratio": 58.33,
            "inventory_turnover_ratio": 1.21,
            "account_receivable_turnover_ratio": 1.01,
            "reinvestment_rate": 136.7,
            "research_to_sale_ratio": null,
            "price_fair": 108.18,
            "eps_avg_yearly": 3.09,
            "eps_latest_yearly": 3.64,
            "eps_growth_yearly": 106.3
        },
        "20103": {
            "year_quarter": 20103,
            "year": 2010,
            "quarter": 3,
            "eps": 0.88,
            "eps_growth_year": null,
            "eps_4q": 1.86,
            "eps_4q_growth_year": null,
            "roe": 4.62,
            "roe_4q": 9.97,
            "gross_profit": 158730,
            "gross_margin": 17.3,
            "gross_margin_4q_avg": 15.89,
            "net_income": 51631,
            "net_income_4q": null,
            "revenue": 917376,
            "revenue_4q": null,
            "common_shares": 589665,
            "book_valuer_per_share": 19.38,
            "book_valuer_per_share_4q_avg": 18.53,
            "equity": 1142736,
            "current_ratio": 140.57,
            "debt_ratio": 61.78,
            "inventory_turnover_ratio": 1.12,
            "account_receivable_turnover_ratio": 0.81,
            "reinvestment_rate": 132.95,
            "research_to_sale_ratio": null,
            "price_fair": 106.4,
            "eps_avg_yearly": 3.04,
            "eps_latest_yearly": 3.52,
            "eps_growth_yearly": 83.51
        },
        "20104": {
            "year_quarter": 20104,
            "year": 2010,
            "quarter": 4,
            "eps": 0.22,
            "eps_growth_year": null,
            "eps_4q": 2.22,
            "eps_4q_growth_year": null,
            "roe": 1.15,
            "roe_4q": 11.879999999999999,
            "gross_profit": 105755,
            "gross_margin": 12.78,
            "gross_margin_4q_avg": 15.71,
            "net_income": 13167,
            "net_income_4q": null,
            "revenue": 827498,
            "revenue_4q": null,
            "common_shares": 589665,
            "book_valuer_per_share": 19.44,
            "book_valuer_per_share_4q_avg": 18.89,
            "equity": 1146230,
            "current_ratio": 139.68,
            "debt_ratio": 62.56,
            "inventory_turnover_ratio": 0.88,
            "account_receivable_turnover_ratio": 0.66,
            "reinvestment_rate": 117.5,
            "research_to_sale_ratio": 0.71,
            "price_fair": 97.87,
            "eps_avg_yearly": 2.8,
            "eps_latest_yearly": 0.88,
            "eps_growth_yearly": 60.87
        },
        "20111": {
            "year_quarter": 20111,
            "year": 2011,
            "quarter": 1,
            "eps": 0,
            "eps_growth_year": -100,
            "eps_4q": 2.01,
            "eps_4q_growth_year": null,
            "roe": 0,
            "roe_4q": 10.75,
            "gross_profit": 104509,
            "gross_margin": 15.46,
            "gross_margin_4q_avg": 15.87,
            "net_income": 37,
            "net_income_4q": null,
            "revenue": 676048,
            "revenue_4q": null,
            "common_shares": 589665,
            "book_valuer_per_share": 19.48,
            "book_valuer_per_share_4q_avg": 19.21,
            "equity": 1148797,
            "current_ratio": 149.76,
            "debt_ratio": 61.87,
            "inventory_turnover_ratio": 0.64,
            "account_receivable_turnover_ratio": 0.56,
            "reinvestment_rate": 168.05,
            "research_to_sale_ratio": 1.44,
            "price_fair": 97.16,
            "eps_avg_yearly": 2.78,
            "eps_latest_yearly": 0.88,
            "eps_growth_yearly": 73.25
        },
        "20112": {
            "year_quarter": 20112,
            "year": 2011,
            "quarter": 2,
            "eps": 0.3,
            "eps_growth_year": -67.06,
            "eps_4q": 1.4,
            "eps_4q_growth_year": 870.43,
            "roe": 1.57,
            "roe_4q": 7.34,
            "gross_profit": 132016,
            "gross_margin": 16.55,
            "gross_margin_4q_avg": 15.52,
            "net_income": 17758,
            "net_income_4q": null,
            "revenue": 797738,
            "revenue_4q": null,
            "common_shares": 589665,
            "book_valuer_per_share": 18.95,
            "book_valuer_per_share_4q_avg": 19.31,
            "equity": 1117407,
            "current_ratio": 143.71,
            "debt_ratio": 63.77,
            "inventory_turnover_ratio": 0.74,
            "account_receivable_turnover_ratio": 0.7,
            "reinvestment_rate": 197.52,
            "research_to_sale_ratio": null,
            "price_fair": 95.51,
            "eps_avg_yearly": 2.73,
            "eps_latest_yearly": 0.88,
            "eps_growth_yearly": 78.42
        },
        "20113": {
            "year_quarter": 20113,
            "year": 2011,
            "quarter": 3,
            "eps": 1.05,
            "eps_growth_year": 20.21,
            "eps_4q": 1.5,
            "eps_4q_growth_year": -19.13,
            "roe": 5.76,
            "roe_4q": 8.48,
            "gross_profit": 167009,
            "gross_margin": 19.99,
            "gross_margin_4q_avg": 16.2,
            "net_income": 72593,
            "net_income_4q": null,
            "revenue": 835602,
            "revenue_4q": null,
            "common_shares": 689665,
            "book_valuer_per_share": 20.34,
            "book_valuer_per_share_4q_avg": 19.55,
            "equity": 1402945,
            "current_ratio": 157.46,
            "debt_ratio": 58.47,
            "inventory_turnover_ratio": 0.74,
            "account_receivable_turnover_ratio": 0.73,
            "reinvestment_rate": 208.01,
            "research_to_sale_ratio": null,
            "price_fair": 97.07,
            "eps_avg_yearly": 2.77,
            "eps_latest_yearly": 4.2,
            "eps_growth_yearly": 181.2
        },
        "20114": {
            "year_quarter": 20114,
            "year": 2011,
            "quarter": 4,
            "eps": 0.84,
            "eps_growth_year": 276.2,
            "eps_4q": 2.15,
            "eps_4q_growth_year": -3.3,
            "roe": 4.05,
            "roe_4q": 11.379999999999999,
            "gross_profit": 176246,
            "gross_margin": 21.71,
            "gross_margin_4q_avg": 18.43,
            "net_income": 57934,
            "net_income_4q": null,
            "revenue": 811906,
            "revenue_4q": null,
            "common_shares": 689665,
            "book_valuer_per_share": 21.16,
            "book_valuer_per_share_4q_avg": 19.98,
            "equity": 1459513,
            "current_ratio": 164.44,
            "debt_ratio": 55.78,
            "inventory_turnover_ratio": 0.68,
            "account_receivable_turnover_ratio": 0.75,
            "reinvestment_rate": 192.26,
            "research_to_sale_ratio": 1.37,
            "price_fair": 94.42,
            "eps_avg_yearly": 2.7,
            "eps_latest_yearly": 3.36,
            "eps_growth_yearly": 169.51
        },
        "20121": {
            "year_quarter": 20121,
            "year": 2012,
            "quarter": 1,
            "eps": 0.36,
            "eps_growth_year": null,
            "eps_4q": 2.51,
            "eps_4q_growth_year": 24.65,
            "roe": 1.69,
            "roe_4q": 13.07,
            "gross_profit": 140981,
            "gross_margin": 20.67,
            "gross_margin_4q_avg": 19.73,
            "net_income": 24816,
            "net_income_4q": null,
            "revenue": 681982,
            "revenue_4q": null,
            "common_shares": 689665,
            "book_valuer_per_share": 21.45,
            "book_valuer_per_share_4q_avg": 20.48,
            "equity": 1479530,
            "current_ratio": 186.83,
            "debt_ratio": 51.86,
            "inventory_turnover_ratio": 0.59,
            "account_receivable_turnover_ratio": 0.76,
            "reinvestment_rate": 137.11,
            "research_to_sale_ratio": 2.06,
            "price_fair": 88.82,
            "eps_avg_yearly": 2.54,
            "eps_latest_yearly": 1.44,
            "eps_growth_yearly": 156.87
        },
        "20122": {
            "year_quarter": 20122,
            "year": 2012,
            "quarter": 2,
            "eps": 0.66,
            "eps_growth_year": 119.07,
            "eps_4q": 2.85,
            "eps_4q_growth_year": 103.23,
            "roe": 3.21,
            "roe_4q": 14.709999999999999,
            "gross_profit": 165177,
            "gross_margin": 22.95,
            "gross_margin_4q_avg": 21.33,
            "net_income": 46864,
            "net_income_4q": null,
            "revenue": 719671,
            "revenue_4q": null,
            "common_shares": 689665,
            "book_valuer_per_share": 20.94,
            "book_valuer_per_share_4q_avg": 20.97,
            "equity": 1444491,
            "current_ratio": 191.93,
            "debt_ratio": 51.71,
            "inventory_turnover_ratio": 0.64,
            "account_receivable_turnover_ratio": 0.96,
            "reinvestment_rate": 99.98,
            "research_to_sale_ratio": 3.94,
            "price_fair": 89.29,
            "eps_avg_yearly": 2.55,
            "eps_latest_yearly": 2.64,
            "eps_growth_yearly": 199.46
        },
        "20123": {
            "year_quarter": 20123,
            "year": 2012,
            "quarter": 3,
            "eps": 0.48,
            "eps_growth_year": -54.8,
            "eps_4q": 2.3,
            "eps_4q_growth_year": 53.2,
            "roe": 2.31,
            "roe_4q": 11.259999999999998,
            "gross_profit": 125027,
            "gross_margin": 20.8,
            "gross_margin_4q_avg": 21.53,
            "net_income": 33797,
            "net_income_4q": null,
            "revenue": 601113,
            "revenue_4q": null,
            "common_shares": 710355,
            "book_valuer_per_share": 20.78,
            "book_valuer_per_share_4q_avg": 21.08,
            "equity": 1476263,
            "current_ratio": 185.81,
            "debt_ratio": 52.72,
            "inventory_turnover_ratio": 0.55,
            "account_receivable_turnover_ratio": 0.91,
            "reinvestment_rate": 98.71,
            "research_to_sale_ratio": 1.06,
            "price_fair": 88.36,
            "eps_avg_yearly": 2.52,
            "eps_latest_yearly": 1.92,
            "eps_growth_yearly": 193.69
        },
        "20124": {
            "year_quarter": 20124,
            "year": 2012,
            "quarter": 4,
            "eps": 0.37,
            "eps_growth_year": -56.49,
            "eps_4q": 1.85,
            "eps_4q_growth_year": -13.96,
            "roe": 1.74,
            "roe_4q": 8.95,
            "gross_profit": 110010,
            "gross_margin": 15.13,
            "gross_margin_4q_avg": 19.89,
            "net_income": 25961,
            "net_income_4q": null,
            "revenue": 727242,
            "revenue_4q": null,
            "common_shares": 710355,
            "book_valuer_per_share": 21.17,
            "book_valuer_per_share_4q_avg": 21.09,
            "equity": 1503795,
            "current_ratio": 206.55,
            "debt_ratio": 49.08,
            "inventory_turnover_ratio": 0.73,
            "account_receivable_turnover_ratio": 1.07,
            "reinvestment_rate": 89.12,
            "research_to_sale_ratio": 1.07,
            "price_fair": 89.76,
            "eps_avg_yearly": 2.56,
            "eps_latest_yearly": 1.48,
            "eps_growth_yearly": 204.91
        },
        "20131": {
            "year_quarter": 20131,
            "year": 2013,
            "quarter": 1,
            "eps": 0.27,
            "eps_growth_year": -25,
            "eps_4q": 1.77,
            "eps_4q_growth_year": -29.49,
            "roe": 1.26,
            "roe_4q": 8.52,
            "gross_profit": 97305,
            "gross_margin": 17.48,
            "gross_margin_4q_avg": 19.09,
            "net_income": 19095,
            "net_income_4q": null,
            "revenue": 556511,
            "revenue_4q": null,
            "common_shares": 710355,
            "book_valuer_per_share": 21.65,
            "book_valuer_per_share_4q_avg": 21.14,
            "equity": 1537758,
            "current_ratio": 212.1,
            "debt_ratio": 47.67,
            "inventory_turnover_ratio": 0.61,
            "account_receivable_turnover_ratio": 0.76,
            "reinvestment_rate": 7.78,
            "research_to_sale_ratio": 2.19,
            "price_fair": 84.56,
            "eps_avg_yearly": 2.42,
            "eps_latest_yearly": 1.08,
            "eps_growth_yearly": 173.6
        },
        "20132": {
            "year_quarter": 20132,
            "year": 2013,
            "quarter": 2,
            "eps": 0.74,
            "eps_growth_year": 12.17,
            "eps_4q": 1.85,
            "eps_4q_growth_year": -35.14,
            "roe": 3.42,
            "roe_4q": 8.73,
            "gross_profit": 145512,
            "gross_margin": 20.09,
            "gross_margin_4q_avg": 18.38,
            "net_income": 52305,
            "net_income_4q": null,
            "revenue": 724426,
            "revenue_4q": null,
            "common_shares": 710355,
            "book_valuer_per_share": 21.41,
            "book_valuer_per_share_4q_avg": 21.25,
            "equity": 1520694,
            "current_ratio": 183.67,
            "debt_ratio": 53.26,
            "inventory_turnover_ratio": 0.75,
            "account_receivable_turnover_ratio": 0.88,
            "reinvestment_rate": 7.18,
            "research_to_sale_ratio": 2.38,
            "price_fair": 86.29,
            "eps_avg_yearly": 2.47,
            "eps_latest_yearly": 2.96,
            "eps_growth_yearly": 221.12
        },
        "20133": {
            "year_quarter": 20133,
            "year": 2013,
            "quarter": 3,
            "eps": 1.02,
            "eps_growth_year": 114.39,
            "eps_4q": 2.39,
            "eps_4q_growth_year": 3.94,
            "roe": 4.66,
            "roe_4q": 11.08,
            "gross_profit": 191247,
            "gross_margin": 23.71,
            "gross_margin_4q_avg": 19.1,
            "net_income": 72481,
            "net_income_4q": null,
            "revenue": 806501,
            "revenue_4q": null,
            "common_shares": 710355,
            "book_valuer_per_share": 22.4,
            "book_valuer_per_share_4q_avg": 21.66,
            "equity": 1591125,
            "current_ratio": 181.39,
            "debt_ratio": 53.46,
            "inventory_turnover_ratio": 0.73,
            "account_receivable_turnover_ratio": 0.83,
            "reinvestment_rate": 6.8,
            "research_to_sale_ratio": 1.75,
            "price_fair": 91,
            "eps_avg_yearly": 2.6,
            "eps_latest_yearly": 4.08,
            "eps_growth_yearly": 215.31
        },
        "20134": {
            "year_quarter": 20134,
            "year": 2013,
            "quarter": 4,
            "eps": 0.88,
            "eps_growth_year": 139.47,
            "eps_4q": 2.9,
            "eps_4q_growth_year": 56.77,
            "roe": 3.83,
            "roe_4q": 13.17,
            "gross_profit": 160954,
            "gross_margin": 21.43,
            "gross_margin_4q_avg": 20.68,
            "net_income": 62170,
            "net_income_4q": null,
            "revenue": 751206,
            "revenue_4q": null,
            "common_shares": 710355,
            "book_valuer_per_share": 23.32,
            "book_valuer_per_share_4q_avg": 22.2,
            "equity": 1656446,
            "current_ratio": 183.67,
            "debt_ratio": 52.35,
            "inventory_turnover_ratio": 0.66,
            "account_receivable_turnover_ratio": 0.71,
            "reinvestment_rate": -11.49,
            "research_to_sale_ratio": 1.69,
            "price_fair": 93.48,
            "eps_avg_yearly": 2.67,
            "eps_latest_yearly": 3.52,
            "eps_growth_yearly": 194.52
        },
        "20141": {
            "year_quarter": 20141,
            "year": 2014,
            "quarter": 1,
            "eps": 1.19,
            "eps_growth_year": 340.74,
            "eps_4q": 3.82,
            "eps_4q_growth_year": 115.73,
            "roe": 4.96,
            "roe_4q": 16.869999999999997,
            "gross_profit": 178260,
            "gross_margin": 23.33,
            "gross_margin_4q_avg": 22.14,
            "net_income": 84257,
            "net_income_4q": null,
            "revenue": 763947,
            "revenue_4q": null,
            "common_shares": 710355,
            "book_valuer_per_share": 24.5,
            "book_valuer_per_share_4q_avg": 22.91,
            "equity": 1740034,
            "current_ratio": 191.95,
            "debt_ratio": 50.37,
            "inventory_turnover_ratio": 0.64,
            "account_receivable_turnover_ratio": 0.72,
            "reinvestment_rate": -19.26,
            "research_to_sale_ratio": 1.49,
            "price_fair": 98.7,
            "eps_avg_yearly": 2.82,
            "eps_latest_yearly": 4.76,
            "eps_growth_yearly": 190.69
        },
        "20142": {
            "year_quarter": 20142,
            "year": 2014,
            "quarter": 2,
            "eps": 0.97,
            "eps_growth_year": 31.08,
            "eps_4q": 4.05,
            "eps_4q_growth_year": 119.32,
            "roe": 4,
            "roe_4q": 17.450000000000003,
            "gross_profit": 202862,
            "gross_margin": 23.43,
            "gross_margin_4q_avg": 22.98,
            "net_income": 68743,
            "net_income_4q": null,
            "revenue": 865723,
            "revenue_4q": null,
            "common_shares": 710355,
            "book_valuer_per_share": 23.91,
            "book_valuer_per_share_4q_avg": 23.53,
            "equity": 1698689,
            "current_ratio": 176.4,
            "debt_ratio": 53.31,
            "inventory_turnover_ratio": 0.73,
            "account_receivable_turnover_ratio": 0.8,
            "reinvestment_rate": -10.82,
            "research_to_sale_ratio": 1.42,
            "price_fair": 99.3,
            "eps_avg_yearly": 2.84,
            "eps_latest_yearly": 3.88,
            "eps_growth_yearly": 90.17
        },
        "20143": {
            "year_quarter": 20143,
            "year": 2014,
            "quarter": 3,
            "eps": 1.25,
            "eps_growth_year": 22.55,
            "eps_4q": 4.28,
            "eps_4q_growth_year": 78.8,
            "roe": 5.07,
            "roe_4q": 17.86,
            "gross_profit": 207518,
            "gross_margin": 25.13,
            "gross_margin_4q_avg": 23.33,
            "net_income": 88516,
            "net_income_4q": null,
            "revenue": 825902,
            "revenue_4q": null,
            "common_shares": 710355,
            "book_valuer_per_share": 25.23,
            "book_valuer_per_share_4q_avg": 24.24,
            "equity": 1792382,
            "current_ratio": 186.77,
            "debt_ratio": 50.44,
            "inventory_turnover_ratio": 0.7,
            "account_receivable_turnover_ratio": 0.77,
            "reinvestment_rate": -10.07,
            "research_to_sale_ratio": 1.51,
            "price_fair": 103,
            "eps_avg_yearly": 2.94,
            "eps_latest_yearly": 5,
            "eps_growth_yearly": 99.36
        },
        "20144": {
            "year_quarter": 20144,
            "year": 2014,
            "quarter": 4,
            "eps": 0.89,
            "eps_growth_year": 1.98,
            "eps_4q": 4.29,
            "eps_4q_growth_year": 47.98,
            "roe": 3.47,
            "roe_4q": 17.5,
            "gross_profit": 160066,
            "gross_margin": 22.34,
            "gross_margin_4q_avg": 23.56,
            "net_income": 63401,
            "net_income_4q": null,
            "revenue": 716635,
            "revenue_4q": null,
            "common_shares": 710355,
            "book_valuer_per_share": 26.22,
            "book_valuer_per_share_4q_avg": 24.97,
            "equity": 1862273,
            "current_ratio": 202.69,
            "debt_ratio": 47.21,
            "inventory_turnover_ratio": 0.63,
            "account_receivable_turnover_ratio": 0.73,
            "reinvestment_rate": -2.93,
            "research_to_sale_ratio": 2.63,
            "price_fair": 109.7,
            "eps_avg_yearly": 3.13,
            "eps_latest_yearly": 3.56,
            "eps_growth_yearly": 112.56
        },
        "20151": {
            "year_quarter": 20151,
            "year": 2015,
            "quarter": 1,
            "eps": 0.4,
            "eps_growth_year": -66.39,
            "eps_4q": 3.5,
            "eps_4q_growth_year": -8.26,
            "roe": 1.5,
            "roe_4q": 14.040000000000001,
            "gross_profit": 153007,
            "gross_margin": 21.94,
            "gross_margin_4q_avg": 23.21,
            "net_income": 28142,
            "net_income_4q": null,
            "revenue": 697312,
            "revenue_4q": null,
            "common_shares": 710355,
            "book_valuer_per_share": 26.5,
            "book_valuer_per_share_4q_avg": 25.47,
            "equity": 1882507,
            "current_ratio": 207.11,
            "debt_ratio": 46.26,
            "inventory_turnover_ratio": 0.62,
            "account_receivable_turnover_ratio": 0.75,
            "reinvestment_rate": -5.81,
            "research_to_sale_ratio": 2.57,
            "price_fair": 106.12,
            "eps_avg_yearly": 3.03,
            "eps_latest_yearly": 1.6,
            "eps_growth_yearly": 90.38
        },
        "20152": {
            "year_quarter": 20152,
            "year": 2015,
            "quarter": 2,
            "eps": 0.41,
            "eps_growth_year": -57.73,
            "eps_4q": 2.95,
            "eps_4q_growth_year": -27.23,
            "roe": 1.6,
            "roe_4q": 11.64,
            "gross_profit": 164419,
            "gross_margin": 23.44,
            "gross_margin_4q_avg": 23.21,
            "net_income": 29261,
            "net_income_4q": null,
            "revenue": 701535,
            "revenue_4q": null,
            "common_shares": 710355,
            "book_valuer_per_share": 24.87,
            "book_valuer_per_share_4q_avg": 25.71,
            "equity": 1766552,
            "current_ratio": 190.96,
            "debt_ratio": 50.65,
            "inventory_turnover_ratio": 0.62,
            "account_receivable_turnover_ratio": 0.75,
            "reinvestment_rate": -8.9,
            "research_to_sale_ratio": 2.51,
            "price_fair": 103.08,
            "eps_avg_yearly": 2.95,
            "eps_latest_yearly": 1.64,
            "eps_growth_yearly": 85.35
        },
        "20153": {
            "year_quarter": 20153,
            "year": 2015,
            "quarter": 3,
            "eps": 1.27,
            "eps_growth_year": 1.6,
            "eps_4q": 2.97,
            "eps_4q_growth_year": -30.54,
            "roe": 4.96,
            "roe_4q": 11.530000000000001,
            "gross_profit": 134498,
            "gross_margin": 20.26,
            "gross_margin_4q_avg": 22,
            "net_income": 90132,
            "net_income_4q": null,
            "revenue": 663825,
            "revenue_4q": null,
            "common_shares": 710355,
            "book_valuer_per_share": 26.24,
            "book_valuer_per_share_4q_avg": 25.96,
            "equity": 1864234,
            "current_ratio": 200.62,
            "debt_ratio": 48.8,
            "inventory_turnover_ratio": 0.61,
            "account_receivable_turnover_ratio": 0.68,
            "reinvestment_rate": -14.44,
            "research_to_sale_ratio": 2.44,
            "price_fair": 105,
            "eps_avg_yearly": 3,
            "eps_latest_yearly": 5.08,
            "eps_growth_yearly": 75.29
        },
        "20154": {
            "year_quarter": 20154,
            "year": 2015,
            "quarter": 4,
            "eps": 0.68,
            "eps_growth_year": -24.01,
            "eps_4q": 2.76,
            "eps_4q_growth_year": -35.81,
            "roe": 2.56,
            "roe_4q": 10.62,
            "gross_profit": 138265,
            "gross_margin": 18.74,
            "gross_margin_4q_avg": 21.1,
            "net_income": 48181,
            "net_income_4q": null,
            "revenue": 737974,
            "revenue_4q": null,
            "common_shares": 710355,
            "book_valuer_per_share": 26.81,
            "book_valuer_per_share_4q_avg": 26.11,
            "equity": 1904236,
            "current_ratio": 198.8,
            "debt_ratio": 48.86,
            "inventory_turnover_ratio": 0.71,
            "account_receivable_turnover_ratio": 0.72,
            "reinvestment_rate": -16.57,
            "research_to_sale_ratio": 1.78,
            "price_fair": 103.6,
            "eps_avg_yearly": 2.96,
            "eps_latest_yearly": 2.72,
            "eps_growth_yearly": 68.68
        },
        "20161": {
            "year_quarter": 20161,
            "year": 2016,
            "quarter": 1,
            "eps": 0.17,
            "eps_growth_year": -57.5,
            "eps_4q": 2.53,
            "eps_4q_growth_year": -27.73,
            "roe": 0.64,
            "roe_4q": 9.76,
            "gross_profit": 125465,
            "gross_margin": 23.54,
            "gross_margin_4q_avg": 21.5,
            "net_income": 12239,
            "net_income_4q": null,
            "revenue": 533004,
            "revenue_4q": null,
            "common_shares": 710355,
            "book_valuer_per_share": 26.98,
            "book_valuer_per_share_4q_avg": 26.23,
            "equity": 1916388,
            "current_ratio": 217.58,
            "debt_ratio": 45.16,
            "inventory_turnover_ratio": 0.5,
            "account_receivable_turnover_ratio": 0.55,
            "reinvestment_rate": -18.78,
            "research_to_sale_ratio": 1.78,
            "price_fair": 101.94,
            "eps_avg_yearly": 2.91,
            "eps_latest_yearly": 0.68,
            "eps_growth_yearly": 64.21
        },
        "20162": {
            "year_quarter": 20162,
            "year": 2016,
            "quarter": 2,
            "eps": 0.23,
            "eps_growth_year": -43.9,
            "eps_4q": 2.35,
            "eps_4q_growth_year": -20.29,
            "roe": 0.87,
            "roe_4q": 9.030000000000001,
            "gross_profit": 122613,
            "gross_margin": 21.19,
            "gross_margin_4q_avg": 20.93,
            "net_income": 16304,
            "net_income_4q": null,
            "revenue": 578542,
            "revenue_4q": null,
            "common_shares": 710355,
            "book_valuer_per_share": 25.73,
            "book_valuer_per_share_4q_avg": 26.44,
            "equity": 1827681,
            "current_ratio": 204.29,
            "debt_ratio": 47.25,
            "inventory_turnover_ratio": 0.54,
            "account_receivable_turnover_ratio": 0.68,
            "reinvestment_rate": -22.13,
            "research_to_sale_ratio": 2.04,
            "price_fair": 98.18,
            "eps_avg_yearly": 2.81,
            "eps_latest_yearly": 0.92,
            "eps_growth_yearly": 52.2
        },
        "20163": {
            "year_quarter": 20163,
            "year": 2016,
            "quarter": 3,
            "eps": 0,
            "eps_growth_year": -100,
            "eps_4q": 1.08,
            "eps_4q_growth_year": -63.52,
            "roe": 0.01,
            "roe_4q": 4.08,
            "gross_profit": 111827,
            "gross_margin": 17.77,
            "gross_margin_4q_avg": 20.31,
            "net_income": 231,
            "net_income_4q": null,
            "revenue": 629252,
            "revenue_4q": null,
            "common_shares": 710355,
            "book_valuer_per_share": 25.66,
            "book_valuer_per_share_4q_avg": 26.3,
            "equity": 1822936,
            "current_ratio": 202.1,
            "debt_ratio": 47.33,
            "inventory_turnover_ratio": 0.61,
            "account_receivable_turnover_ratio": 0.75,
            "reinvestment_rate": -24.52,
            "research_to_sale_ratio": 1.67,
            "price_fair": 100.24,
            "eps_avg_yearly": 2.86,
            "eps_latest_yearly": 0.92,
            "eps_growth_yearly": 62.96
        },
        "20164": {
            "year_quarter": 20164,
            "year": 2016,
            "quarter": 4,
            "eps": 0.61,
            "eps_growth_year": -10.06,
            "eps_4q": 1.02,
            "eps_4q_growth_year": -63.16,
            "roe": 2.36,
            "roe_4q": 3.88,
            "gross_profit": 132968,
            "gross_margin": 21.18,
            "gross_margin_4q_avg": 20.92,
            "net_income": 43332,
            "net_income_4q": null,
            "revenue": 627945,
            "revenue_4q": null,
            "common_shares": 710355,
            "book_valuer_per_share": 26.14,
            "book_valuer_per_share_4q_avg": 26.13,
            "equity": 1857103,
            "current_ratio": 215.56,
            "debt_ratio": 44.96,
            "inventory_turnover_ratio": 0.59,
            "account_receivable_turnover_ratio": 0.75,
            "reinvestment_rate": -24.22,
            "research_to_sale_ratio": 1.45,
            "price_fair": 103.7,
            "eps_avg_yearly": 2.96,
            "eps_latest_yearly": 0.92,
            "eps_growth_yearly": 74
        },
        "20171": {
            "year_quarter": 20171,
            "year": 2017,
            "quarter": 1,
            "eps": -0.42,
            "eps_growth_year": -347.06,
            "eps_4q": 0.42,
            "eps_4q_growth_year": -83.23,
            "roe": -1.61,
            "roe_4q": 1.63,
            "gross_profit": 107834,
            "gross_margin": 18.49,
            "gross_margin_4q_avg": 19.66,
            "net_income": -29708,
            "net_income_4q": null,
            "revenue": 583201,
            "revenue_4q": null,
            "common_shares": 710355,
            "book_valuer_per_share": 25.66,
            "book_valuer_per_share_4q_avg": 25.8,
            "equity": 1822428,
            "current_ratio": 203.43,
            "debt_ratio": 46.71,
            "inventory_turnover_ratio": 0.56,
            "account_receivable_turnover_ratio": 0.72,
            "reinvestment_rate": 3.52,
            "research_to_sale_ratio": 1.23,
            "price_fair": 108.77,
            "eps_avg_yearly": 3.11,
            "eps_latest_yearly": 0.92,
            "eps_growth_yearly": 88.01
        },
        "20172": {
            "year_quarter": 20172,
            "year": 2017,
            "quarter": 2,
            "eps": 0.63,
            "eps_growth_year": 173.91,
            "eps_4q": 0.83,
            "eps_4q_growth_year": -64.86,
            "roe": 2.45,
            "roe_4q": 3.21,
            "gross_profit": 134252,
            "gross_margin": 18.86,
            "gross_margin_4q_avg": 19.08,
            "net_income": 44773,
            "net_income_4q": null,
            "revenue": 711966,
            "revenue_4q": null,
            "common_shares": 710355,
            "book_valuer_per_share": 25.73,
            "book_valuer_per_share_4q_avg": 25.8,
            "equity": 1828073,
            "current_ratio": 188.49,
            "debt_ratio": 49.83,
            "inventory_turnover_ratio": 0.67,
            "account_receivable_turnover_ratio": 0.85,
            "reinvestment_rate": 3.92,
            "research_to_sale_ratio": 1.36,
            "price_fair": 109.2,
            "eps_avg_yearly": 3.12,
            "eps_latest_yearly": 0.92,
            "eps_growth_yearly": 37.32
        },
        "20173": {
            "year_quarter": 20173,
            "year": 2017,
            "quarter": 3,
            "eps": 0.69,
            "eps_growth_year": null,
            "eps_4q": 1.52,
            "eps_4q_growth_year": 39.94,
            "roe": 2.66,
            "roe_4q": 5.859999999999999,
            "gross_profit": 141763,
            "gross_margin": 21.63,
            "gross_margin_4q_avg": 20.04,
            "net_income": 49291,
            "net_income_4q": null,
            "revenue": 655524,
            "revenue_4q": null,
            "common_shares": 710355,
            "book_valuer_per_share": 26.48,
            "book_valuer_per_share_4q_avg": 26,
            "equity": 1881005,
            "current_ratio": 190.29,
            "debt_ratio": 49.48,
            "inventory_turnover_ratio": 0.54,
            "account_receivable_turnover_ratio": 0.74,
            "reinvestment_rate": 4.06,
            "research_to_sale_ratio": 1.6,
            "price_fair": 105.35,
            "eps_avg_yearly": 3.01,
            "eps_latest_yearly": 2.76,
            "eps_growth_yearly": 27.88
        },
        "20174": {
            "year_quarter": 20174,
            "year": 2017,
            "quarter": 4,
            "eps": 1.04,
            "eps_growth_year": 70.89,
            "eps_4q": 1.95,
            "eps_4q_growth_year": 91.95,
            "roe": 3.86,
            "roe_4q": 7.3599999999999985,
            "gross_profit": 206241,
            "gross_margin": 22.37,
            "gross_margin_4q_avg": 20.34,
            "net_income": 74049,
            "net_income_4q": null,
            "revenue": 921796,
            "revenue_4q": null,
            "common_shares": 710355,
            "book_valuer_per_share": 27.58,
            "book_valuer_per_share_4q_avg": 26.36,
            "equity": 1958812,
            "current_ratio": 192.45,
            "debt_ratio": 48.83,
            "inventory_turnover_ratio": 0.74,
            "account_receivable_turnover_ratio": 0.92,
            "reinvestment_rate": 5.73,
            "research_to_sale_ratio": 1.09,
            "price_fair": 107.22,
            "eps_avg_yearly": 3.06,
            "eps_latest_yearly": 4.16,
            "eps_growth_yearly": 49.36
        },
        "20181": {
            "year_quarter": 20181,
            "year": 2018,
            "quarter": 1,
            "eps": 1.01,
            "eps_growth_year": null,
            "eps_4q": 3.38,
            "eps_4q_growth_year": 696.23,
            "roe": 3.61,
            "roe_4q": 12.579999999999998,
            "gross_profit": 170200,
            "gross_margin": 21.63,
            "gross_margin_4q_avg": 21.12,
            "net_income": 72021,
            "net_income_4q": null,
            "revenue": 786880,
            "revenue_4q": null,
            "common_shares": 710355,
            "book_valuer_per_share": 28.66,
            "book_valuer_per_share_4q_avg": 27.11,
            "equity": 2036025,
            "current_ratio": 195.72,
            "debt_ratio": 48.17,
            "inventory_turnover_ratio": 0.66,
            "account_receivable_turnover_ratio": 0.74,
            "reinvestment_rate": 5.99,
            "research_to_sale_ratio": 1.15,
            "price_fair": 105.12,
            "eps_avg_yearly": 3,
            "eps_latest_yearly": 4.04,
            "eps_growth_yearly": 36.66
        },
        "20182": {
            "year_quarter": 20182,
            "year": 2018,
            "quarter": 2,
            "eps": 1.29,
            "eps_growth_year": 104.76,
            "eps_4q": 3.96,
            "eps_4q_growth_year": 380.2,
            "roe": 4.49,
            "roe_4q": 14.62,
            "gross_profit": 196254,
            "gross_margin": 22.61,
            "gross_margin_4q_avg": 22.06,
            "net_income": 91801,
            "net_income_4q": null,
            "revenue": 867962,
            "revenue_4q": null,
            "common_shares": 710355,
            "book_valuer_per_share": 28.89,
            "book_valuer_per_share_4q_avg": 27.9,
            "equity": 2052289,
            "current_ratio": 196.35,
            "debt_ratio": 48.08,
            "inventory_turnover_ratio": 0.7,
            "account_receivable_turnover_ratio": 0.8,
            "reinvestment_rate": -2.8,
            "research_to_sale_ratio": 0.98,
            "price_fair": 108.85,
            "eps_avg_yearly": 3.11,
            "eps_latest_yearly": 5.16,
            "eps_growth_yearly": 52.06
        },
        "20183": {
            "year_quarter": 20183,
            "year": 2018,
            "quarter": 3,
            "eps": 0.76,
            "eps_growth_year": 10.14,
            "eps_4q": 4.04,
            "eps_4q_growth_year": 166.68,
            "roe": 2.65,
            "roe_4q": 14.61,
            "gross_profit": 186360,
            "gross_margin": 22.83,
            "gross_margin_4q_avg": 22.36,
            "net_income": 55054,
            "net_income_4q": null,
            "revenue": 816344,
            "revenue_4q": null,
            "common_shares": 724562,
            "book_valuer_per_share": 28.98,
            "book_valuer_per_share_4q_avg": 28.53,
            "equity": 2099825,
            "current_ratio": 202.14,
            "debt_ratio": 46.81,
            "inventory_turnover_ratio": 0.64,
            "account_receivable_turnover_ratio": 0.79,
            "reinvestment_rate": -3.87,
            "research_to_sale_ratio": 1.15,
            "price_fair": 103.13,
            "eps_avg_yearly": 2.95,
            "eps_latest_yearly": 3.04,
            "eps_growth_yearly": 28.75
        },
        "20184": {
            "year_quarter": 20184,
            "year": 2018,
            "quarter": 4,
            "eps": 0.99,
            "eps_growth_year": -4.63,
            "eps_4q": 4.02,
            "eps_4q_growth_year": 106.07,
            "roe": 3.37,
            "roe_4q": 14.12,
            "gross_profit": 191394,
            "gross_margin": 23.04,
            "gross_margin_4q_avg": 22.53,
            "net_income": 72036,
            "net_income_4q": null,
            "revenue": 830823,
            "revenue_4q": null,
            "common_shares": 724562,
            "book_valuer_per_share": 29.97,
            "book_valuer_per_share_4q_avg": 29.13,
            "equity": 2171337,
            "current_ratio": 205.17,
            "debt_ratio": 46.03,
            "inventory_turnover_ratio": 0.64,
            "account_receivable_turnover_ratio": 0.85,
            "reinvestment_rate": -9.56,
            "research_to_sale_ratio": 2.16,
            "price_fair": 104.3,
            "eps_avg_yearly": 2.98,
            "eps_latest_yearly": 3.96,
            "eps_growth_yearly": 48.43
        },
        "20191": {
            "year_quarter": 20191,
            "year": 2019,
            "quarter": 1,
            "eps": 0.74,
            "eps_growth_year": -26.73,
            "eps_4q": 3.76,
            "eps_4q_growth_year": 11.22,
            "roe": 2.43,
            "roe_4q": 12.940000000000001,
            "gross_profit": 152575,
            "gross_margin": 23.25,
            "gross_margin_4q_avg": 22.93,
            "net_income": 53535,
            "net_income_4q": null,
            "revenue": 656204,
            "revenue_4q": null,
            "common_shares": 724562,
            "book_valuer_per_share": 30.8,
            "book_valuer_per_share_4q_avg": 29.66,
            "equity": 2231820,
            "current_ratio": 218.44,
            "debt_ratio": 44.53,
            "inventory_turnover_ratio": 0.47,
            "account_receivable_turnover_ratio": 0.71,
            "reinvestment_rate": -9.2,
            "research_to_sale_ratio": 2.28,
            "price_fair": 108.27,
            "eps_avg_yearly": 3.09,
            "eps_latest_yearly": 2.96,
            "eps_growth_yearly": 58.37
        },
        "20192": {
            "year_quarter": 20192,
            "year": 2019,
            "quarter": 2,
            "eps": 0.54,
            "eps_growth_year": -58.14,
            "eps_4q": 3.04,
            "eps_4q_growth_year": -23.41,
            "roe": 1.81,
            "roe_4q": 10.26,
            "gross_profit": 139240,
            "gross_margin": 20.29,
            "gross_margin_4q_avg": 22.35,
            "net_income": 39302,
            "net_income_4q": null,
            "revenue": 686119,
            "revenue_4q": null,
            "common_shares": 724562,
            "book_valuer_per_share": 29.1,
            "book_valuer_per_share_4q_avg": 29.71,
            "equity": 2108397,
            "current_ratio": 210.35,
            "debt_ratio": 46.91,
            "inventory_turnover_ratio": 0.47,
            "account_receivable_turnover_ratio": 0.88,
            "reinvestment_rate": -7.28,
            "research_to_sale_ratio": 2.14,
            "price_fair": 109.78,
            "eps_avg_yearly": 3.14,
            "eps_latest_yearly": 2.16,
            "eps_growth_yearly": 48.53
        },
        "20193": {
            "year_quarter": 20193,
            "year": 2019,
            "quarter": 3,
            "eps": 0.35,
            "eps_growth_year": -53.95,
            "eps_4q": 2.63,
            "eps_4q_growth_year": -34.97,
            "roe": 1.21,
            "roe_4q": 8.82,
            "gross_profit": 144340,
            "gross_margin": 22.89,
            "gross_margin_4q_avg": 22.37,
            "net_income": 25628,
            "net_income_4q": null,
            "revenue": 630541,
            "revenue_4q": null,
            "common_shares": 724562,
            "book_valuer_per_share": 29.26,
            "book_valuer_per_share_4q_avg": 29.78,
            "equity": 2120169,
            "current_ratio": 213.06,
            "debt_ratio": 45.55,
            "inventory_turnover_ratio": 0.42,
            "account_receivable_turnover_ratio": 0.9,
            "reinvestment_rate": -2.96,
            "research_to_sale_ratio": 2.52,
            "price_fair": 8.49,
            "eps_avg_yearly": 2.83,
            "eps_latest_yearly": 1.4,
            "eps_growth_yearly": -33.12
        },
        "20194": {
            "year_quarter": 20194,
            "year": 2019,
            "quarter": 4,
            "eps": 0.23,
            "eps_growth_year": -77.28,
            "eps_4q": 1.86,
            "eps_4q_growth_year": -53.65,
            "roe": 0.77,
            "roe_4q": 6.220000000000001,
            "gross_profit": 137208,
            "gross_margin": 20.37,
            "gross_margin_4q_avg": 21.7,
            "net_income": 16370,
            "net_income_4q": null,
            "revenue": 673642,
            "revenue_4q": null,
            "common_shares": 724562,
            "book_valuer_per_share": 29.49,
            "book_valuer_per_share_4q_avg": 29.66,
            "equity": 2136751,
            "current_ratio": 213.67,
            "debt_ratio": 45.63,
            "inventory_turnover_ratio": 0.48,
            "account_receivable_turnover_ratio": 0.95,
            "reinvestment_rate": 2.13,
            "research_to_sale_ratio": 2.47,
            "price_fair": 8.04,
            "eps_avg_yearly": 2.68,
            "eps_latest_yearly": 0.92,
            "eps_growth_yearly": -29.06
        },
        "20201": {
            "year_quarter": 20201,
            "year": 2020,
            "quarter": 1,
            "eps": 0.01,
            "eps_growth_year": -98.65,
            "eps_4q": 1.13,
            "eps_4q_growth_year": -69.9,
            "roe": 0.03,
            "roe_4q": 3.82,
            "gross_profit": 81466,
            "gross_margin": 17.08,
            "gross_margin_4q_avg": 20.16,
            "net_income": 712,
            "net_income_4q": null,
            "revenue": 476866,
            "revenue_4q": null,
            "common_shares": 724562,
            "book_valuer_per_share": 29.51,
            "book_valuer_per_share_4q_avg": 29.34,
            "equity": 2138490,
            "current_ratio": 212.99,
            "debt_ratio": 46,
            "inventory_turnover_ratio": 0.35,
            "account_receivable_turnover_ratio": 0.69,
            "reinvestment_rate": 5.74,
            "research_to_sale_ratio": 2.83,
            "price_fair": 7.88,
            "eps_avg_yearly": 2.63,
            "eps_latest_yearly": 0.04,
            "eps_growth_yearly": -35.95
        },
        "20202": {
            "year_quarter": 20202,
            "year": 2020,
            "quarter": 2,
            "eps": -0.06,
            "eps_growth_year": -111.11,
            "eps_4q": 0.53,
            "eps_4q_growth_year": -82.47,
            "roe": -0.2,
            "roe_4q": 1.81,
            "gross_profit": 90065,
            "gross_margin": 15.49,
            "gross_margin_4q_avg": 18.96,
            "net_income": -4161,
            "net_income_4q": null,
            "revenue": 581457,
            "revenue_4q": null,
            "common_shares": 724562,
            "book_valuer_per_share": 28.39,
            "book_valuer_per_share_4q_avg": 29.16,
            "equity": 2056858,
            "current_ratio": 192.16,
            "debt_ratio": 49.97,
            "inventory_turnover_ratio": 0.44,
            "account_receivable_turnover_ratio": 0.82,
            "reinvestment_rate": 12.91,
            "research_to_sale_ratio": 2.12,
            "price_fair": 8.35,
            "eps_avg_yearly": 2.78,
            "eps_latest_yearly": 0.04,
            "eps_growth_yearly": -52.05
        },
        "20203": {
            "year_quarter": 20203,
            "year": 2020,
            "quarter": 3,
            "eps": 0.1,
            "eps_growth_year": -71.43,
            "eps_4q": 0.27,
            "eps_4q_growth_year": -89.6,
            "roe": 0.33,
            "roe_4q": 0.93,
            "gross_profit": 89748,
            "gross_margin": 17.84,
            "gross_margin_4q_avg": 17.7,
            "net_income": 6896,
            "net_income_4q": null,
            "revenue": 502939,
            "revenue_4q": null,
            "common_shares": 724562,
            "book_valuer_per_share": 28.55,
            "book_valuer_per_share_4q_avg": 28.99,
            "equity": 2068812,
            "current_ratio": 194.69,
            "debt_ratio": 48.72,
            "inventory_turnover_ratio": 0.39,
            "account_receivable_turnover_ratio": 0.72,
            "reinvestment_rate": 19.98,
            "research_to_sale_ratio": 2.72,
            "price_fair": 8.35,
            "eps_avg_yearly": 2.78,
            "eps_latest_yearly": 0.04,
            "eps_growth_yearly": -52.05
        },
        "20204": {
            "year_quarter": 20204,
            "year": 2020,
            "quarter": 4,
            "eps": 0.22,
            "eps_growth_year": -3.71,
            "eps_4q": 0.27,
            "eps_4q_growth_year": -85.75,
            "roe": 0.76,
            "roe_4q": 0.9200000000000002,
            "gross_profit": 118628,
            "gross_margin": 21.1,
            "gross_margin_4q_avg": 17.88,
            "net_income": 15762,
            "net_income_4q": null,
            "revenue": 562335,
            "revenue_4q": null,
            "common_shares": 724562,
            "book_valuer_per_share": 28.84,
            "book_valuer_per_share_4q_avg": 28.82,
            "equity": 2089447,
            "current_ratio": 188.48,
            "debt_ratio": 48.81,
            "inventory_turnover_ratio": 0.43,
            "account_receivable_turnover_ratio": 0.82,
            "reinvestment_rate": 32.81,
            "research_to_sale_ratio": 3.08,
            "price_fair": 7.87,
            "eps_avg_yearly": 2.62,
            "eps_latest_yearly": 0.88,
            "eps_growth_yearly": -7.71
        },
        "20211": {
            "year_quarter": 20211,
            "year": 2021,
            "quarter": 1,
            "eps": 0.28,
            "eps_growth_year": 2700,
            "eps_4q": 0.54,
            "eps_4q_growth_year": -52.5,
            "roe": 0.97,
            "roe_4q": 1.86,
            "gross_profit": 98712,
            "gross_margin": 19.24,
            "gross_margin_4q_avg": 18.42,
            "net_income": 20460,
            "net_income_4q": null,
            "revenue": 512974,
            "revenue_4q": null,
            "common_shares": 724562,
            "book_valuer_per_share": 29.13,
            "book_valuer_per_share_4q_avg": 28.73,
            "equity": 2110753,
            "current_ratio": 182.23,
            "debt_ratio": 50.44,
            "inventory_turnover_ratio": 0.39,
            "account_receivable_turnover_ratio": 0.73,
            "reinvestment_rate": 32.55,
            "research_to_sale_ratio": 3.7,
            "price_fair": 28.27,
            "eps_avg_yearly": 2.51,
            "eps_latest_yearly": 1.12,
            "eps_growth_yearly": 1.27
        },
        "20212": {
            "year_quarter": 20212,
            "year": 2021,
            "quarter": 2,
            "eps": 0.79,
            "eps_growth_year": null,
            "eps_4q": 1.38,
            "eps_4q_growth_year": 159.58,
            "roe": 2.66,
            "roe_4q": 4.72,
            "gross_profit": 173457,
            "gross_margin": 20.96,
            "gross_margin_4q_avg": 19.79,
            "net_income": 56947,
            "net_income_4q": null,
            "revenue": 827434,
            "revenue_4q": null,
            "common_shares": 724562,
            "book_valuer_per_share": 29.89,
            "book_valuer_per_share_4q_avg": 29.1,
            "equity": 2165495,
            "current_ratio": 179.82,
            "debt_ratio": 52.47,
            "inventory_turnover_ratio": 0.59,
            "account_receivable_turnover_ratio": 1.07,
            "reinvestment_rate": 28.39,
            "research_to_sale_ratio": 2.34,
            "price_fair": 89.4,
            "eps_avg_yearly": 2.55,
            "eps_latest_yearly": 3.16,
            "eps_growth_yearly": 53.22
        },
        "20213": {
            "year_quarter": 20213,
            "year": 2021,
            "quarter": 3,
            "eps": 0.64,
            "eps_growth_year": 540,
            "eps_4q": 1.93,
            "eps_4q_growth_year": 604.87,
            "roe": 2.15,
            "roe_4q": 6.54,
            "gross_profit": 182479,
            "gross_margin": 21.76,
            "gross_margin_4q_avg": 20.77,
            "net_income": 46516,
            "net_income_4q": null,
            "revenue": 838503,
            "revenue_4q": null,
            "common_shares": 724562,
            "book_valuer_per_share": 29.72,
            "book_valuer_per_share_4q_avg": 29.4,
            "equity": 2153160,
            "current_ratio": 169.88,
            "debt_ratio": 56.02,
            "inventory_turnover_ratio": 0.56,
            "account_receivable_turnover_ratio": 0.91,
            "reinvestment_rate": 31.97,
            "research_to_sale_ratio": 3.26,
            "price_fair": 88.9,
            "eps_avg_yearly": 2.54,
            "eps_latest_yearly": 2.56,
            "eps_growth_yearly": 45.08
        },
        "20214": {
            "year_quarter": 20214,
            "year": 2021,
            "quarter": 4,
            "eps": 0.8,
            "eps_growth_year": 265.51,
            "eps_4q": 2.51,
            "eps_4q_growth_year": 845.05,
            "roe": 2.64,
            "roe_4q": 8.42,
            "gross_profit": 179046,
            "gross_margin": 23.43,
            "gross_margin_4q_avg": 21.35,
            "net_income": 57611,
            "net_income_4q": null,
            "revenue": 764105,
            "revenue_4q": null,
            "common_shares": 724562,
            "book_valuer_per_share": 30.55,
            "book_valuer_per_share_4q_avg": 29.82,
            "equity": 2213345,
            "current_ratio": 159.94,
            "debt_ratio": 56.26,
            "inventory_turnover_ratio": 0.44,
            "account_receivable_turnover_ratio": 0.84,
            "reinvestment_rate": 32.77,
            "research_to_sale_ratio": 6.44,
            "price_fair": 86.5,
            "eps_avg_yearly": 2.47,
            "eps_latest_yearly": 3.2,
            "eps_growth_yearly": 37.73
        },
        "20221": {
            "year_quarter": 20221,
            "year": 2022,
            "quarter": 1,
            "eps": 1.24,
            "eps_growth_year": 342.86,
            "eps_4q": 3.47,
            "eps_4q_growth_year": 544.61,
            "roe": 3.98,
            "roe_4q": 11.43,
            "gross_profit": 180101,
            "gross_margin": 23.4,
            "gross_margin_4q_avg": 22.39,
            "net_income": 90045,
            "net_income_4q": null,
            "revenue": 769586,
            "revenue_4q": null,
            "common_shares": 724562,
            "book_valuer_per_share": 31.96,
            "book_valuer_per_share_4q_avg": 30.53,
            "equity": 2315687,
            "current_ratio": 161.63,
            "debt_ratio": 54.77,
            "inventory_turnover_ratio": 0.41,
            "account_receivable_turnover_ratio": 0.84,
            "reinvestment_rate": 43.73,
            "research_to_sale_ratio": 2.79,
            "price_fair": 88.8,
            "eps_avg_yearly": 2.54,
            "eps_latest_yearly": 4.96,
            "eps_growth_yearly": 54.26
        },
        "20222": {
            "year_quarter": 20222,
            "year": 2022,
            "quarter": 2,
            "eps": 1.18,
            "eps_growth_year": 49.37,
            "eps_4q": 3.86,
            "eps_4q_growth_year": 179.18,
            "roe": 3.7,
            "roe_4q": 12.47,
            "gross_profit": 227355,
            "gross_margin": 24.58,
            "gross_margin_4q_avg": 23.29,
            "net_income": 85188,
            "net_income_4q": null,
            "revenue": 924775,
            "revenue_4q": null,
            "common_shares": 724562,
            "book_valuer_per_share": 31.56,
            "book_valuer_per_share_4q_avg": 30.95,
            "equity": 2286499,
            "current_ratio": 172.99,
            "debt_ratio": 54.66,
            "inventory_turnover_ratio": 0.49,
            "account_receivable_turnover_ratio": 0.85,
            "reinvestment_rate": 43.35,
            "research_to_sale_ratio": 2.4,
            "price_fair": 87.7,
            "eps_avg_yearly": 2.51,
            "eps_latest_yearly": 4.72,
            "eps_growth_yearly": 44.96
        },
        "20223": {
            "year_quarter": 20223,
            "year": 2022,
            "quarter": 3,
            "eps": 1.36,
            "eps_growth_year": 112.5,
            "eps_4q": 4.58,
            "eps_4q_growth_year": 137.46,
            "roe": 4.23,
            "roe_4q": 14.55,
            "gross_profit": 216929,
            "gross_margin": 25.48,
            "gross_margin_4q_avg": 24.22,
            "net_income": 98851,
            "net_income_4q": null,
            "revenue": 851258,
            "revenue_4q": null,
            "common_shares": 724562,
            "book_valuer_per_share": 32.95,
            "book_valuer_per_share_4q_avg": 31.76,
            "equity": 2387267,
            "current_ratio": 193.26,
            "debt_ratio": 51.83,
            "inventory_turnover_ratio": 0.46,
            "account_receivable_turnover_ratio": 0.78,
            "reinvestment_rate": 40.67,
            "research_to_sale_ratio": 3.38,
            "price_fair": 93.7,
            "eps_avg_yearly": 2.68,
            "eps_latest_yearly": 5.44,
            "eps_growth_yearly": 61.06
        },
        "20224": {
            "year_quarter": 20224,
            "year": 2022,
            "quarter": 4,
            "eps": 1.32,
            "eps_growth_year": 65.99,
            "eps_4q": 5.1,
            "eps_4q_growth_year": 103.66,
            "roe": 3.93,
            "roe_4q": 15.84,
            "gross_profit": 241901,
            "gross_margin": 22.88,
            "gross_margin_4q_avg": 24.09,
            "net_income": 95631,
            "net_income_4q": null,
            "revenue": 1057132,
            "revenue_4q": null,
            "common_shares": 724562,
            "book_valuer_per_share": 34.22,
            "book_valuer_per_share_4q_avg": 32.67,
            "equity": 2479309,
            "current_ratio": 193.63,
            "debt_ratio": 49.24,
            "inventory_turnover_ratio": 0.62,
            "account_receivable_turnover_ratio": 0.94,
            "reinvestment_rate": 37.19,
            "research_to_sale_ratio": 3.93,
            "price_fair": 97,
            "eps_avg_yearly": 2.77,
            "eps_latest_yearly": 5.28,
            "eps_growth_yearly": 51.57
        },
        "20231": {
            "year_quarter": 20231,
            "year": 2023,
            "quarter": 1,
            "eps": 0.3,
            "eps_growth_year": -75.81,
            "eps_4q": 4.16,
            "eps_4q_growth_year": 20.08,
            "roe": 0.88,
            "roe_4q": 12.740000000000002,
            "gross_profit": 146870,
            "gross_margin": 19.37,
            "gross_margin_4q_avg": 23.08,
            "net_income": 21865,
            "net_income_4q": null,
            "revenue": 758158,
            "revenue_4q": null,
            "common_shares": 724562,
            "book_valuer_per_share": 34.55,
            "book_valuer_per_share_4q_avg": 33.32,
            "equity": 2503293,
            "current_ratio": 215.95,
            "debt_ratio": 45.94,
            "inventory_turnover_ratio": 0.51,
            "account_receivable_turnover_ratio": 0.68,
            "reinvestment_rate": 38.61,
            "research_to_sale_ratio": 2.94,
            "price_fair": 92.6,
            "eps_avg_yearly": 2.65,
            "eps_latest_yearly": 1.2,
            "eps_growth_yearly": 36.71
        },
        "20232": {
            "year_quarter": 20232,
            "year": 2023,
            "quarter": 2,
            "eps": 0,
            "eps_growth_year": -100,
            "eps_4q": 2.98,
            "eps_4q_growth_year": -22.6,
            "roe": -0,
            "roe_4q": 9.040000000000001,
            "gross_profit": 128581,
            "gross_margin": 18.11,
            "gross_margin_4q_avg": 21.46,
            "net_income": -111,
            "net_income_4q": null,
            "revenue": 709826,
            "revenue_4q": null,
            "common_shares": 724562,
            "book_valuer_per_share": 31.37,
            "book_valuer_per_share_4q_avg": 33.27,
            "equity": 2272666,
            "current_ratio": 180.4,
            "debt_ratio": 48.97,
            "inventory_turnover_ratio": 0.53,
            "account_receivable_turnover_ratio": 0.73,
            "reinvestment_rate": 35.84,
            "research_to_sale_ratio": 4.18,
            "price_fair": 93.91,
            "eps_avg_yearly": 2.68,
            "eps_latest_yearly": 1.2,
            "eps_growth_yearly": 47.85
        },
        "20233": {
            "year_quarter": 20233,
            "year": 2023,
            "quarter": 3,
            "eps": 0.94,
            "eps_growth_year": -30.88,
            "eps_4q": 2.56,
            "eps_4q_growth_year": -44.03,
            "roe": 2.95,
            "roe_4q": 7.76,
            "gross_profit": 140089,
            "gross_margin": 23.15,
            "gross_margin_4q_avg": 20.88,
            "net_income": 68269,
            "net_income_4q": null,
            "revenue": 605164,
            "revenue_4q": null,
            "common_shares": 724562,
            "book_valuer_per_share": 32.45,
            "book_valuer_per_share_4q_avg": 33.15,
            "equity": 2351276,
            "current_ratio": 222.29,
            "debt_ratio": 44.55,
            "inventory_turnover_ratio": 0.46,
            "account_receivable_turnover_ratio": 0.62,
            "reinvestment_rate": 26.63,
            "research_to_sale_ratio": 3.48,
            "price_fair": 97.65,
            "eps_avg_yearly": 2.79,
            "eps_latest_yearly": 1.2,
            "eps_growth_yearly": 63.56
        }
    },
    "months": {
        "2003-09": {
            "month": "2003-09",
            "price": "17.43",
            "revenue": 160956
        },
        "2003-10": {
            "month": "2003-10",
            "price": "17.54",
            "revenue": 172855
        },
        "2003-11": {
            "month": "2003-11",
            "price": "23.08",
            "revenue": 180039
        },
        "2003-12": {
            "month": "2003-12",
            "price": "27.05",
            "revenue": 185583
        },
        "2004-01": {
            "month": "2004-01",
            "price": "26.66",
            "revenue": 177559
        },
        "2004-02": {
            "month": "2004-02",
            "price": "26.90",
            "revenue": 206184
        },
        "2004-03": {
            "month": "2004-03",
            "price": "27.27",
            "revenue": 210117
        },
        "2004-04": {
            "month": "2004-04",
            "price": "27.98",
            "revenue": 210984
        },
        "2004-05": {
            "month": "2004-05",
            "price": "24.41",
            "revenue": 211365
        },
        "2004-06": {
            "month": "2004-06",
            "price": "22.93",
            "revenue": 223484
        },
        "2004-07": {
            "month": "2004-07",
            "price": "21.97",
            "revenue": 200247
        },
        "2004-08": {
            "month": "2004-08",
            "price": "21.19",
            "revenue": 196998
        },
        "2004-09": {
            "month": "2004-09",
            "price": "21.93",
            "revenue": 196921
        },
        "2004-10": {
            "month": "2004-10",
            "price": "20.81",
            "revenue": 213989
        },
        "2004-11": {
            "month": "2004-11",
            "price": "20.35",
            "revenue": 193346
        },
        "2004-12": {
            "month": "2004-12",
            "price": "21.22",
            "revenue": 182040
        },
        "2005-01": {
            "month": "2005-01",
            "price": "20.72",
            "revenue": 202703
        },
        "2005-02": {
            "month": "2005-02",
            "price": "20.61",
            "revenue": 192727
        },
        "2005-03": {
            "month": "2005-03",
            "price": "20.64",
            "revenue": 219579
        },
        "2005-04": {
            "month": "2005-04",
            "price": "19.83",
            "revenue": 201082
        },
        "2005-05": {
            "month": "2005-05",
            "price": "19.01",
            "revenue": 211705
        },
        "2005-06": {
            "month": "2005-06",
            "price": "19.24",
            "revenue": 214692
        },
        "2005-07": {
            "month": "2005-07",
            "price": "19.19",
            "revenue": 201360
        },
        "2005-08": {
            "month": "2005-08",
            "price": "20.05",
            "revenue": 196463
        },
        "2005-09": {
            "month": "2005-09",
            "price": "19.51",
            "revenue": 212017
        },
        "2005-10": {
            "month": "2005-10",
            "price": "18.76",
            "revenue": 211397
        },
        "2005-11": {
            "month": "2005-11",
            "price": "18.90",
            "revenue": 217326
        },
        "2005-12": {
            "month": "2005-12",
            "price": "21.13",
            "revenue": 202374
        },
        "2006-01": {
            "month": "2006-01",
            "price": "22.19",
            "revenue": 196608
        },
        "2006-02": {
            "month": "2006-02",
            "price": "20.92",
            "revenue": 189751
        },
        "2006-03": {
            "month": "2006-03",
            "price": "20.70",
            "revenue": 196107
        },
        "2006-04": {
            "month": "2006-04",
            "price": "21.47",
            "revenue": 204904
        },
        "2006-05": {
            "month": "2006-05",
            "price": "22.96",
            "revenue": 223963
        },
        "2006-06": {
            "month": "2006-06",
            "price": "22.18",
            "revenue": 198884
        },
        "2006-07": {
            "month": "2006-07",
            "price": "22.18",
            "revenue": 233546
        },
        "2006-08": {
            "month": "2006-08",
            "price": "22.51",
            "revenue": 253514
        },
        "2006-09": {
            "month": "2006-09",
            "price": "24.13",
            "revenue": 245749
        },
        "2006-10": {
            "month": "2006-10",
            "price": "26.56",
            "revenue": 247115
        },
        "2006-11": {
            "month": "2006-11",
            "price": "27.05",
            "revenue": 251867
        },
        "2006-12": {
            "month": "2006-12",
            "price": "30.26",
            "revenue": 242640
        },
        "2007-01": {
            "month": "2007-01",
            "price": "30.62",
            "revenue": 234843
        },
        "2007-02": {
            "month": "2007-02",
            "price": "31.50",
            "revenue": 189959
        },
        "2007-03": {
            "month": "2007-03",
            "price": "30.67",
            "revenue": 212055
        },
        "2007-04": {
            "month": "2007-04",
            "price": "30.83",
            "revenue": 224666
        },
        "2007-05": {
            "month": "2007-05",
            "price": "29.81",
            "revenue": 228921
        },
        "2007-06": {
            "month": "2007-06",
            "price": "30.20",
            "revenue": 224510
        },
        "2007-07": {
            "month": "2007-07",
            "price": "32.63",
            "revenue": 224852
        },
        "2007-08": {
            "month": "2007-08",
            "price": "29.16",
            "revenue": 247400
        },
        "2007-09": {
            "month": "2007-09",
            "price": "30.10",
            "revenue": 246434
        },
        "2007-10": {
            "month": "2007-10",
            "price": "30.65",
            "revenue": 258591
        },
        "2007-11": {
            "month": "2007-11",
            "price": "28.91",
            "revenue": 252221
        },
        "2007-12": {
            "month": "2007-12",
            "price": "28.13",
            "revenue": 255868
        },
        "2008-01": {
            "month": "2008-01",
            "price": "27.75",
            "revenue": 233828
        },
        "2008-02": {
            "month": "2008-02",
            "price": "28.38",
            "revenue": 193296
        },
        "2008-03": {
            "month": "2008-03",
            "price": "28.95",
            "revenue": 258429
        },
        "2008-04": {
            "month": "2008-04",
            "price": "29.57",
            "revenue": 247570
        },
        "2008-05": {
            "month": "2008-05",
            "price": "29.80",
            "revenue": 258565
        },
        "2008-06": {
            "month": "2008-06",
            "price": "28.55",
            "revenue": 269897
        },
        "2008-07": {
            "month": "2008-07",
            "price": "26.88",
            "revenue": 215192
        },
        "2008-08": {
            "month": "2008-08",
            "price": "26.11",
            "revenue": 224143
        },
        "2008-09": {
            "month": "2008-09",
            "price": "20.64",
            "revenue": 195043
        },
        "2008-10": {
            "month": "2008-10",
            "price": "15.96",
            "revenue": 199225
        },
        "2008-11": {
            "month": "2008-11",
            "price": "14.20",
            "revenue": 151281
        },
        "2008-12": {
            "month": "2008-12",
            "price": "13.37",
            "revenue": 99791
        },
        "2009-01": {
            "month": "2009-01",
            "price": "13.77",
            "revenue": 76633
        },
        "2009-02": {
            "month": "2009-02",
            "price": "14.40",
            "revenue": 96543
        },
        "2009-03": {
            "month": "2009-03",
            "price": "14.55",
            "revenue": 65385
        },
        "2009-04": {
            "month": "2009-04",
            "price": "15.10",
            "revenue": 45208
        },
        "2009-05": {
            "month": "2009-05",
            "price": "14.20",
            "revenue": 48080
        },
        "2009-06": {
            "month": "2009-06",
            "price": "14.29",
            "revenue": 58229
        },
        "2009-07": {
            "month": "2009-07",
            "price": "14.23",
            "revenue": 40654
        },
        "2009-08": {
            "month": "2009-08",
            "price": "13.66",
            "revenue": 76122
        },
        "2009-09": {
            "month": "2009-09",
            "price": "13.12",
            "revenue": 76606
        },
        "2009-10": {
            "month": "2009-10",
            "price": "14.02",
            "revenue": 97593
        },
        "2009-11": {
            "month": "2009-11",
            "price": "13.69",
            "revenue": 92034
        },
        "2009-12": {
            "month": "2009-12",
            "price": "14.96",
            "revenue": 103635
        },
        "2010-01": {
            "month": "2010-01",
            "price": "16.34",
            "revenue": 131150
        },
        "2010-02": {
            "month": "2010-02",
            "price": "15.15",
            "revenue": 154703
        },
        "2010-03": {
            "month": "2010-03",
            "price": "17.05",
            "revenue": 187950
        },
        "2010-04": {
            "month": "2010-04",
            "price": "24.62",
            "revenue": 221908
        },
        "2010-05": {
            "month": "2010-05",
            "price": "25.75",
            "revenue": 262920
        },
        "2010-06": {
            "month": "2010-06",
            "price": "27.26",
            "revenue": 309418
        },
        "2010-07": {
            "month": "2010-07",
            "price": "26.73",
            "revenue": 310564
        },
        "2010-08": {
            "month": "2010-08",
            "price": "27.80",
            "revenue": 312818
        },
        "2010-09": {
            "month": "2010-09",
            "price": "26.80",
            "revenue": 324034
        },
        "2010-10": {
            "month": "2010-10",
            "price": "27.61",
            "revenue": 275565
        },
        "2010-11": {
            "month": "2010-11",
            "price": "25.25",
            "revenue": 268852
        },
        "2010-12": {
            "month": "2010-12",
            "price": "26.80",
            "revenue": 260333
        },
        "2011-01": {
            "month": "2011-01",
            "price": "26.49",
            "revenue": 206229
        },
        "2011-02": {
            "month": "2011-02",
            "price": "24.56",
            "revenue": 213173
        },
        "2011-03": {
            "month": "2011-03",
            "price": "23.57",
            "revenue": 242038
        },
        "2011-04": {
            "month": "2011-04",
            "price": "23.26",
            "revenue": 239914
        },
        "2011-05": {
            "month": "2011-05",
            "price": "21.22",
            "revenue": 245947
        },
        "2011-06": {
            "month": "2011-06",
            "price": "21.38",
            "revenue": 241765
        },
        "2011-07": {
            "month": "2011-07",
            "price": "21.23",
            "revenue": 278345
        },
        "2011-08": {
            "month": "2011-08",
            "price": "20.56",
            "revenue": 277479
        },
        "2011-09": {
            "month": "2011-09",
            "price": "19.99",
            "revenue": 247971
        },
        "2011-10": {
            "month": "2011-10",
            "price": "19.34",
            "revenue": 278021
        },
        "2011-11": {
            "month": "2011-11",
            "price": "18.62",
            "revenue": 275468
        },
        "2011-12": {
            "month": "2011-12",
            "price": "17.50",
            "revenue": 221661
        },
        "2012-01": {
            "month": "2012-01",
            "price": "18.07",
            "revenue": 210457
        },
        "2012-02": {
            "month": "2012-02",
            "price": "20.30",
            "revenue": 187002
        },
        "2012-03": {
            "month": "2012-03",
            "price": "21.57",
            "revenue": 209231
        },
        "2012-04": {
            "month": "2012-04",
            "price": "21.12",
            "revenue": 217533
        },
        "2012-05": {
            "month": "2012-05",
            "price": "20.00",
            "revenue": 228247
        },
        "2012-06": {
            "month": "2012-06",
            "price": "19.88",
            "revenue": 243972
        },
        "2012-07": {
            "month": "2012-07",
            "price": "20.20",
            "revenue": 209521
        },
        "2012-08": {
            "month": "2012-08",
            "price": "20.55",
            "revenue": 208966
        },
        "2012-09": {
            "month": "2012-09",
            "price": "19.54",
            "revenue": 209089
        },
        "2012-10": {
            "month": "2012-10",
            "price": "19.08",
            "revenue": 206747
        },
        "2012-11": {
            "month": "2012-11",
            "price": "18.01",
            "revenue": 207762
        },
        "2012-12": {
            "month": "2012-12",
            "price": "18.11",
            "revenue": 302697
        },
        "2013-01": {
            "month": "2013-01",
            "price": "18.68",
            "revenue": 157845
        },
        "2013-02": {
            "month": "2013-02",
            "price": "19.03",
            "revenue": 145239
        },
        "2013-03": {
            "month": "2013-03",
            "price": "19.14",
            "revenue": 254870
        },
        "2013-04": {
            "month": "2013-04",
            "price": "19.06",
            "revenue": 199349
        },
        "2013-05": {
            "month": "2013-05",
            "price": "19.07",
            "revenue": 264670
        },
        "2013-06": {
            "month": "2013-06",
            "price": "18.96",
            "revenue": 258878
        },
        "2013-07": {
            "month": "2013-07",
            "price": "18.53",
            "revenue": 294504
        },
        "2013-08": {
            "month": "2013-08",
            "price": "22.95",
            "revenue": 276221
        },
        "2013-09": {
            "month": "2013-09",
            "price": "27.69",
            "revenue": 237648
        },
        "2013-10": {
            "month": "2013-10",
            "price": "29.67",
            "revenue": 263925
        },
        "2013-11": {
            "month": "2013-11",
            "price": "30.27",
            "revenue": 238978
        },
        "2013-12": {
            "month": "2013-12",
            "price": "40.56",
            "revenue": 247037
        },
        "2014-01": {
            "month": "2014-01",
            "price": "52.05",
            "revenue": 244390
        },
        "2014-02": {
            "month": "2014-02",
            "price": "60.59",
            "revenue": 232607
        },
        "2014-03": {
            "month": "2014-03",
            "price": "65.17",
            "revenue": 266335
        },
        "2014-04": {
            "month": "2014-04",
            "price": "64.75",
            "revenue": 302452
        },
        "2014-05": {
            "month": "2014-05",
            "price": "61.51",
            "revenue": 297479
        },
        "2014-06": {
            "month": "2014-06",
            "price": "63.19",
            "revenue": 285149
        },
        "2014-07": {
            "month": "2014-07",
            "price": "53.82",
            "revenue": 299344
        },
        "2014-08": {
            "month": "2014-08",
            "price": "51.15",
            "revenue": 276833
        },
        "2014-09": {
            "month": "2014-09",
            "price": "52.69",
            "revenue": 252253
        },
        "2014-10": {
            "month": "2014-10",
            "price": "44.18",
            "revenue": 240492
        },
        "2014-11": {
            "month": "2014-11",
            "price": "41.08",
            "revenue": 249367
        },
        "2014-12": {
            "month": "2014-12",
            "price": "43.82",
            "revenue": 225209
        },
        "2015-01": {
            "month": "2015-01",
            "price": "42.28",
            "revenue": 238735
        },
        "2015-02": {
            "month": "2015-02",
            "price": "42.84",
            "revenue": 171594
        },
        "2015-03": {
            "month": "2015-03",
            "price": "46.40",
            "revenue": 303429
        },
        "2015-04": {
            "month": "2015-04",
            "price": "45.84",
            "revenue": 205586
        },
        "2015-05": {
            "month": "2015-05",
            "price": "36.78",
            "revenue": 242641
        },
        "2015-06": {
            "month": "2015-06",
            "price": "29.25",
            "revenue": 236746
        },
        "2015-07": {
            "month": "2015-07",
            "price": "26.30",
            "revenue": 218545
        },
        "2015-08": {
            "month": "2015-08",
            "price": "20.77",
            "revenue": 265745
        },
        "2015-09": {
            "month": "2015-09",
            "price": "25.05",
            "revenue": 181569
        },
        "2015-10": {
            "month": "2015-10",
            "price": "29.15",
            "revenue": 245765
        },
        "2015-11": {
            "month": "2015-11",
            "price": "27.94",
            "revenue": 230427
        },
        "2015-12": {
            "month": "2015-12",
            "price": "26.39",
            "revenue": 263710
        },
        "2016-01": {
            "month": "2016-01",
            "price": "25.68",
            "revenue": 175530
        },
        "2016-02": {
            "month": "2016-02",
            "price": "27.17",
            "revenue": 160323
        },
        "2016-03": {
            "month": "2016-03",
            "price": "27.25",
            "revenue": 197048
        },
        "2016-04": {
            "month": "2016-04",
            "price": "26.81",
            "revenue": 154323
        },
        "2016-05": {
            "month": "2016-05",
            "price": "25.29",
            "revenue": 198645
        },
        "2016-06": {
            "month": "2016-06",
            "price": "25.29",
            "revenue": 225015
        },
        "2016-07": {
            "month": "2016-07",
            "price": "25.38",
            "revenue": 204021
        },
        "2016-08": {
            "month": "2016-08",
            "price": "23.50",
            "revenue": 218795
        },
        "2016-09": {
            "month": "2016-09",
            "price": "23.07",
            "revenue": 212300
        },
        "2016-10": {
            "month": "2016-10",
            "price": "23.96",
            "revenue": 234526
        },
        "2016-11": {
            "month": "2016-11",
            "price": "22.32",
            "revenue": 194790
        },
        "2016-12": {
            "month": "2016-12",
            "price": "21.23",
            "revenue": 196355
        },
        "2017-01": {
            "month": "2017-01",
            "price": "21.17",
            "revenue": 187487
        },
        "2017-02": {
            "month": "2017-02",
            "price": "22.61",
            "revenue": 160800
        },
        "2017-03": {
            "month": "2017-03",
            "price": "23.27",
            "revenue": 237599
        },
        "2017-04": {
            "month": "2017-04",
            "price": "22.17",
            "revenue": 242932
        },
        "2017-05": {
            "month": "2017-05",
            "price": "23.54",
            "revenue": 217857
        },
        "2017-06": {
            "month": "2017-06",
            "price": "23.60",
            "revenue": 250177
        },
        "2017-07": {
            "month": "2017-07",
            "price": "23.59",
            "revenue": 192812
        },
        "2017-08": {
            "month": "2017-08",
            "price": "22.54",
            "revenue": 231904
        },
        "2017-09": {
            "month": "2017-09",
            "price": "23.39",
            "revenue": 228099
        },
        "2017-10": {
            "month": "2017-10",
            "price": "23.36",
            "revenue": 292484
        },
        "2017-11": {
            "month": "2017-11",
            "price": "25.84",
            "revenue": 274302
        },
        "2017-12": {
            "month": "2017-12",
            "price": "25.93",
            "revenue": 354731
        },
        "2018-01": {
            "month": "2018-01",
            "price": "31.70",
            "revenue": 283205
        },
        "2018-02": {
            "month": "2018-02",
            "price": "34.64",
            "revenue": 192041
        },
        "2018-03": {
            "month": "2018-03",
            "price": "34.02",
            "revenue": 317050
        },
        "2018-04": {
            "month": "2018-04",
            "price": "34.04",
            "revenue": 258155
        },
        "2018-05": {
            "month": "2018-05",
            "price": "35.84",
            "revenue": 303821
        },
        "2018-06": {
            "month": "2018-06",
            "price": "44.92",
            "revenue": 307029
        },
        "2018-07": {
            "month": "2018-07",
            "price": "42.54",
            "revenue": 270505
        },
        "2018-08": {
            "month": "2018-08",
            "price": "38.96",
            "revenue": 311332
        },
        "2018-09": {
            "month": "2018-09",
            "price": "33.10",
            "revenue": 230734
        },
        "2018-10": {
            "month": "2018-10",
            "price": "28.41",
            "revenue": 287373
        },
        "2018-11": {
            "month": "2018-11",
            "price": "28.00",
            "revenue": 285322
        },
        "2018-12": {
            "month": "2018-12",
            "price": "28.33",
            "revenue": 255631
        },
        "2019-01": {
            "month": "2019-01",
            "price": "29.73",
            "revenue": 204672
        },
        "2019-02": {
            "month": "2019-02",
            "price": "30.83",
            "revenue": 210550
        },
        "2019-03": {
            "month": "2019-03",
            "price": "32.80",
            "revenue": 240988
        },
        "2019-04": {
            "month": "2019-04",
            "price": "33.89",
            "revenue": 250332
        },
        "2019-05": {
            "month": "2019-05",
            "price": "31.90",
            "revenue": 202307
        },
        "2019-06": {
            "month": "2019-06",
            "price": "32.19",
            "revenue": 233013
        },
        "2019-07": {
            "month": "2019-07",
            "price": "31.47",
            "revenue": 258524
        },
        "2019-08": {
            "month": "2019-08",
            "price": "28.65",
            "revenue": 180701
        },
        "2019-09": {
            "month": "2019-09",
            "price": "28.02",
            "revenue": 194965
        },
        "2019-10": {
            "month": "2019-10",
            "price": "28.10",
            "revenue": 208558
        },
        "2019-11": {
            "month": "2019-11",
            "price": "28.41",
            "revenue": 209570
        },
        "2019-12": {
            "month": "2019-12",
            "price": "28.10",
            "revenue": 248988
        },
        "2020-01": {
            "month": "2020-01",
            "price": "28.78",
            "revenue": 156426
        },
        "2020-02": {
            "month": "2020-02",
            "price": "28.53",
            "revenue": 144103
        },
        "2020-03": {
            "month": "2020-03",
            "price": "24.20",
            "revenue": 176530
        },
        "2020-04": {
            "month": "2020-04",
            "price": "24.41",
            "revenue": 196051
        },
        "2020-05": {
            "month": "2020-05",
            "price": "25.77",
            "revenue": 228939
        },
        "2020-06": {
            "month": "2020-06",
            "price": "26.06",
            "revenue": 156235
        },
        "2020-07": {
            "month": "2020-07",
            "price": "25.30",
            "revenue": 161469
        },
        "2020-08": {
            "month": "2020-08",
            "price": "23.71",
            "revenue": 180396
        },
        "2020-09": {
            "month": "2020-09",
            "price": "24.04",
            "revenue": 160919
        },
        "2020-10": {
            "month": "2020-10",
            "price": "23.79",
            "revenue": 153193
        },
        "2020-11": {
            "month": "2020-11",
            "price": "23.75",
            "revenue": 194149
        },
        "2020-12": {
            "month": "2020-12",
            "price": "24.77",
            "revenue": 218520
        },
        "2021-01": {
            "month": "2021-01",
            "price": "25.87",
            "revenue": 153489
        },
        "2021-02": {
            "month": "2021-02",
            "price": "25.67",
            "revenue": 148236
        },
        "2021-03": {
            "month": "2021-03",
            "price": "27.65",
            "revenue": 211232
        },
        "2021-04": {
            "month": "2021-04",
            "price": "30.46",
            "revenue": 214209
        },
        "2021-05": {
            "month": "2021-05",
            "price": "29.20",
            "revenue": 276761
        },
        "2021-06": {
            "month": "2021-06",
            "price": "29.89",
            "revenue": 336674
        },
        "2021-07": {
            "month": "2021-07",
            "price": "34.20",
            "revenue": 281385
        },
        "2021-08": {
            "month": "2021-08",
            "price": "32.76",
            "revenue": 294539
        },
        "2021-09": {
            "month": "2021-09",
            "price": "30.35",
            "revenue": 261760
        },
        "2021-10": {
            "month": "2021-10",
            "price": "28.92",
            "revenue": 235640
        },
        "2021-11": {
            "month": "2021-11",
            "price": "29.22",
            "revenue": 260731
        },
        "2021-12": {
            "month": "2021-12",
            "price": "30.06",
            "revenue": 268454
        },
        "2022-01": {
            "month": "2022-01",
            "price": "30.43",
            "revenue": 246271
        },
        "2022-02": {
            "month": "2022-02",
            "price": "31.02",
            "revenue": 253939
        },
        "2022-03": {
            "month": "2022-03",
            "price": "31.16",
            "revenue": 269376
        },
        "2022-04": {
            "month": "2022-04",
            "price": "32.45",
            "revenue": 343724
        },
        "2022-05": {
            "month": "2022-05",
            "price": "35.23",
            "revenue": 280867
        },
        "2022-06": {
            "month": "2022-06",
            "price": "36.51",
            "revenue": 300184
        },
        "2022-07": {
            "month": "2022-07",
            "price": "31.08",
            "revenue": 297234
        },
        "2022-08": {
            "month": "2022-08",
            "price": "33.49",
            "revenue": 270748
        },
        "2022-09": {
            "month": "2022-09",
            "price": "30.94",
            "revenue": 283275
        },
        "2022-10": {
            "month": "2022-10",
            "price": "28.09",
            "revenue": 305314
        },
        "2022-11": {
            "month": "2022-11",
            "price": "31.08",
            "revenue": 366589
        },
        "2022-12": {
            "month": "2022-12",
            "price": "34.13",
            "revenue": 385230
        },
        "2023-01": {
            "month": "2023-01",
            "price": "37.82",
            "revenue": 291989
        },
        "2023-02": {
            "month": "2023-02",
            "price": "40.87",
            "revenue": 236417
        },
        "2023-03": {
            "month": "2023-03",
            "price": "40.38",
            "revenue": 229752
        },
        "2023-04": {
            "month": "2023-04",
            "price": "38.61",
            "revenue": 211158
        },
        "2023-05": {
            "month": "2023-05",
            "price": "35.91",
            "revenue": 261355
        },
        "2023-06": {
            "month": "2023-06",
            "price": "35.90",
            "revenue": 237313
        },
        "2023-07": {
            "month": "2023-07",
            "price": "36.11",
            "revenue": 185664
        },
        "2023-08": {
            "month": "2023-08",
            "price": "32.52",
            "revenue": 212785
        },
        "2023-09": {
            "month": "2023-09",
            "price": "31.38",
            "revenue": 206715
        },
        "2023-10": {
            "month": "2023-10",
            "price": "30.44",
            "revenue": 169147
        },
        "2023-11": {
            "month": "2023-11",
            "price": "30.97",
            "revenue": 220747
        },
        "2023-12": {
            "month": "2023-12",
            "price": "31.66",
            "revenue": 200573
        }
    }
}
