{
    "summary": {
        "stock_name": "朋億*",
        "stock_id": "6613",
        "category": "其他電子",
        "main_business": "高科技產業製程系統、設備製造、安裝及銷售",
        "website_url": "http://www.novatech.com.tw",
        "ceo": "馬蔚",
        "pe_ratio": 10,
        "report_year_from": 2016,
        "report_year_to": 2023,
        "age": 7,
        "eps_negative_percentage": 0,
        "eps_growth_avg": {
            "last_all": 22.35,
            "last_2y": 11.84,
            "last_4y": 22.35,
            "last_8y": null,
            "last_12y": null,
            "last_16y": null,
            "last_20y": null,
            "at_2006_last_3y": null,
            "at_2007_last_3y": null,
            "at_2008_last_3y": null,
            "at_2009_last_3y": null,
            "at_2010_last_3y": null,
            "at_2011_last_3y": null,
            "at_2012_last_3y": null,
            "at_2013_last_3y": null,
            "at_2014_last_3y": null,
            "at_2015_last_3y": null,
            "at_2016_last_3y": null,
            "at_2017_last_3y": null,
            "at_2018_last_3y": null,
            "at_2019_last_3y": null,
            "at_2020_last_3y": null,
            "at_2021_last_3y": 21.48,
            "at_2022_last_3y": 5.2,
            "at_2023_last_3y": 5.2,
            "at_2006_last_all": null,
            "at_2007_last_all": null,
            "at_2008_last_all": null,
            "at_2009_last_all": null,
            "at_2010_last_all": null,
            "at_2011_last_all": null,
            "at_2012_last_all": null,
            "at_2013_last_all": null,
            "at_2014_last_all": null,
            "at_2015_last_all": null,
            "at_2016_last_all": null,
            "at_2017_last_all": null,
            "at_2018_last_all": null,
            "at_2019_last_all": 38.12,
            "at_2020_last_all": 20.26,
            "at_2021_last_all": 21.48,
            "at_2022_last_all": 22.35,
            "at_2023_last_all": 22.35
        },
        "latest_eps": 10.7,
        "latest_price": 109,
        "latest_roe": 28.58,
        "latest_gross_margin": 22.21,
        "latest_equity": 3179683,
        "latest_revenue": 1566721,
        "latest_gross_profit": 347946,
        "latest_net_income": 134310,
        "latest_debt_ratio": 64.69,
        "latest_current_ratio": 175.15,
        "latest_account_receivable_turnover_ratio": 0.8,
        "latest_inventory_turnover_ratio": 0.85,
        "latest_reinvestment_rate": 10.6,
        "latest_research_to_sale_ratio": 3.6
    },
    "eps_dividends": {
        "2001": {
            "cash": 0,
            "stock": 0,
            "eps": 0
        },
        "2002": {
            "cash": 0,
            "stock": 0,
            "eps": 0
        },
        "2003": {
            "cash": 0,
            "stock": 0,
            "eps": 0
        },
        "2004": {
            "cash": 0,
            "stock": 0,
            "eps": 0
        },
        "2005": {
            "cash": 0,
            "stock": 0,
            "eps": 0
        },
        "2006": {
            "cash": 0,
            "stock": 0,
            "eps": 0
        },
        "2007": {
            "cash": 0,
            "stock": 0,
            "eps": 0
        },
        "2008": {
            "cash": 0,
            "stock": 0,
            "eps": 0
        },
        "2009": {
            "cash": 0,
            "stock": 0,
            "eps": 0
        },
        "2010": {
            "cash": 0,
            "stock": 0,
            "eps": 0
        },
        "2011": {
            "cash": 0,
            "stock": 0,
            "eps": 0
        },
        "2012": {
            "cash": 0,
            "stock": 0,
            "eps": 0
        },
        "2013": {
            "cash": 0,
            "stock": 0,
            "eps": 0
        },
        "2014": {
            "cash": 0,
            "stock": 0,
            "eps": 0
        },
        "2015": {
            "cash": 0,
            "stock": 0,
            "eps": 0
        },
        "2016": {
            "cash": 3.5,
            "stock": 0.5,
            "eps": 0
        },
        "2017": {
            "cash": 6,
            "stock": 0,
            "eps": 7.86
        },
        "2018": {
            "cash": 10,
            "stock": 0,
            "eps": 15.01
        },
        "2019": {
            "cash": 15,
            "stock": 0,
            "eps": 12.8
        },
        "2020": {
            "cash": 10,
            "stock": 0,
            "eps": 10.82
        },
        "2021": {
            "cash": 8,
            "stock": 0,
            "eps": 13.54
        },
        "2022": {
            "cash": 12,
            "stock": 0,
            "eps": 17.04
        },
        "2023": {
            "cash": 8.5,
            "stock": 0,
            "eps": 1.55
        }
    },
    "dividends": {
        "2016-05-30": {
            "cash": 3.5,
            "stock": 0.5
        },
        "2017-07-20": {
            "cash": 6,
            "stock": 0
        },
        "2018-07-13": {
            "cash": 10,
            "stock": 0
        },
        "2019-07-12": {
            "cash": 15,
            "stock": 0
        },
        "2020-07-17": {
            "cash": 10,
            "stock": 0
        },
        "2021-07-16": {
            "cash": 8,
            "stock": 0
        },
        "2022-07-20": {
            "cash": 12,
            "stock": 0
        },
        "2023-02-17": {
            "cash": 2,
            "stock": 0
        },
        "2023-07-20": {
            "cash": 6.5,
            "stock": 0
        }
    },
    "prices": {
        "200101": "無",
        "200102": "無",
        "200103": "無",
        "200104": "無",
        "200105": "無",
        "200106": "無",
        "200107": "無",
        "200108": "無",
        "200109": "無",
        "200110": "無",
        "200111": "無",
        "200112": "無",
        "200201": "無",
        "200202": "無",
        "200203": "無",
        "200204": "無",
        "200205": "無",
        "200206": "無",
        "200207": "無",
        "200208": "無",
        "200209": "無",
        "200210": "無",
        "200211": "無",
        "200212": "無",
        "200301": "無",
        "200302": "無",
        "200303": "無",
        "200304": "無",
        "200305": "無",
        "200306": "無",
        "200307": "無",
        "200308": "無",
        "200309": "無",
        "200310": "無",
        "200311": "無",
        "200312": "無",
        "200401": "無",
        "200402": "無",
        "200403": "無",
        "200404": "無",
        "200405": "無",
        "200406": "無",
        "200407": "無",
        "200408": "無",
        "200409": "無",
        "200410": "無",
        "200411": "無",
        "200412": "無",
        "200501": "無",
        "200502": "無",
        "200503": "無",
        "200504": "無",
        "200505": "無",
        "200506": "無",
        "200507": "無",
        "200508": "無",
        "200509": "無",
        "200510": "無",
        "200511": "無",
        "200512": "無",
        "200601": "無",
        "200602": "無",
        "200603": "無",
        "200604": "無",
        "200605": "無",
        "200606": "無",
        "200607": "無",
        "200608": "無",
        "200609": "無",
        "200610": "無",
        "200611": "無",
        "200612": "無",
        "200701": "無",
        "200702": "無",
        "200703": "無",
        "200704": "無",
        "200705": "無",
        "200706": "無",
        "200707": "無",
        "200708": "無",
        "200709": "無",
        "200710": "無",
        "200711": "無",
        "200712": "無",
        "200801": "無",
        "200802": "無",
        "200803": "無",
        "200804": "無",
        "200805": "無",
        "200806": "無",
        "200807": "無",
        "200808": "無",
        "200809": "無",
        "200810": "無",
        "200811": "無",
        "200812": "無",
        "200901": "無",
        "200902": "無",
        "200903": "無",
        "200904": "無",
        "200905": "無",
        "200906": "無",
        "200907": "無",
        "200908": "無",
        "200909": "無",
        "200910": "無",
        "200911": "無",
        "200912": "無",
        "201001": "無",
        "201002": "無",
        "201003": "無",
        "201004": "無",
        "201005": "無",
        "201006": "無",
        "201007": "無",
        "201008": "無",
        "201009": "無",
        "201010": "無",
        "201011": "無",
        "201012": "無",
        "201101": "無",
        "201102": "無",
        "201103": "無",
        "201104": "無",
        "201105": "無",
        "201106": "無",
        "201107": "無",
        "201108": "無",
        "201109": "無",
        "201110": "無",
        "201111": "無",
        "201112": "無",
        "201201": "無",
        "201202": "無",
        "201203": "無",
        "201204": "無",
        "201205": "無",
        "201206": "無",
        "201207": "無",
        "201208": "無",
        "201209": "無",
        "201210": "無",
        "201211": "無",
        "201212": "無",
        "201301": "無",
        "201302": "無",
        "201303": "無",
        "201304": "無",
        "201305": "無",
        "201306": "無",
        "201307": "無",
        "201308": "無",
        "201309": "無",
        "201310": "無",
        "201311": "無",
        "201312": "無",
        "201401": "無",
        "201402": "無",
        "201403": "無",
        "201404": "無",
        "201405": "無",
        "201406": "無",
        "201407": "無",
        "201408": "無",
        "201409": "無",
        "201410": "無",
        "201411": "無",
        "201412": "無",
        "201501": "無",
        "201502": "無",
        "201503": "無",
        "201504": "無",
        "201505": "無",
        "201506": "無",
        "201507": "無",
        "201508": "無",
        "201509": "無",
        "201510": "無",
        "201511": "無",
        "201512": "無",
        "201601": "無",
        "201602": "無",
        "201603": "無",
        "201604": "無",
        "201605": "無",
        "201606": "無",
        "201607": "無",
        "201608": "無",
        "201609": "無",
        "201610": "無",
        "201611": "無",
        "201612": "84.83",
        "201701": "91.71",
        "201702": "101.97",
        "201703": "136.52",
        "201704": "157.40",
        "201705": "157.37",
        "201706": "165.95",
        "201707": "172.03",
        "201708": "186.36",
        "201709": "186.18",
        "201710": "187.26",
        "201711": "185.79",
        "201712": "186.33",
        "201801": "174.70",
        "201802": "172.35",
        "201803": "180.52",
        "201804": "200.00",
        "201805": "183.41",
        "201806": "182.38",
        "201807": "181.95",
        "201808": "185.52",
        "201809": "173.03",
        "201810": "154.73",
        "201811": "150.48",
        "201812": "146.74",
        "201901": "137.95",
        "201902": "157.31",
        "201903": "171.55",
        "201904": "172.45",
        "201905": "172.82",
        "201906": "169.82",
        "201907": "155.74",
        "201908": "145.83",
        "201909": "148.84",
        "201910": "150.93",
        "201911": "157.62",
        "201912": "163.43",
        "202001": "161.33",
        "202002": "149.76",
        "202003": "141.52",
        "202004": "139.72",
        "202005": "149.50",
        "202006": "152.98",
        "202007": "140.93",
        "202008": "143.60",
        "202009": "140.98",
        "202010": "135.16",
        "202011": "136.14",
        "202012": "139.00",
        "202101": "138.15",
        "202102": "138.54",
        "202103": "140.77",
        "202104": "142.87",
        "202105": "134.33",
        "202106": "137.83",
        "202107": "140.77",
        "202108": "146.16",
        "202109": "143.58",
        "202110": "143.60",
        "202111": "153.11",
        "202112": "154.52",
        "202201": "167.42",
        "202202": "167.40",
        "202203": "170.41",
        "202204": "167.21",
        "202205": "166.36",
        "202206": "164.71",
        "202207": "146.43",
        "202208": "148.01",
        "202209": "89.11",
        "202210": "82.22",
        "202211": "83.26",
        "202212": "89.81",
        "202301": "88.68",
        "202302": "96.33",
        "202303": "101.07",
        "202304": "101.74",
        "202305": "102.48",
        "202306": "108.08"
    },
    "quarters": {
        "20011": {
            "year_quarter": 20011,
            "year": 2001,
            "quarter": 1,
            "eps": null,
            "eps_growth_year": null,
            "eps_4q": null,
            "eps_4q_growth_year": null,
            "roe": null,
            "roe_4q": 0,
            "gross_profit": null,
            "gross_margin": null,
            "gross_margin_4q_avg": 0,
            "net_income": null,
            "revenue": null,
            "common_shares": null,
            "book_valuer_per_share": null,
            "book_valuer_per_share_4q_avg": 0,
            "equity": null,
            "current_ratio": null,
            "debt_ratio": null,
            "inventory_turnover_ratio": null,
            "account_receivable_turnover_ratio": null,
            "reinvestment_rate": null,
            "research_to_sale_ratio": null,
            "price_fair": 0,
            "eps_avg_yearly": 0,
            "eps_latest_yearly": 0,
            "eps_growth_yearly": 0
        },
        "20012": {
            "year_quarter": 20012,
            "year": 2001,
            "quarter": 2,
            "eps": null,
            "eps_growth_year": null,
            "eps_4q": null,
            "eps_4q_growth_year": null,
            "roe": null,
            "roe_4q": 0,
            "gross_profit": null,
            "gross_margin": null,
            "gross_margin_4q_avg": 0,
            "net_income": null,
            "revenue": null,
            "common_shares": null,
            "book_valuer_per_share": null,
            "book_valuer_per_share_4q_avg": 0,
            "equity": null,
            "current_ratio": null,
            "debt_ratio": null,
            "inventory_turnover_ratio": null,
            "account_receivable_turnover_ratio": null,
            "reinvestment_rate": null,
            "research_to_sale_ratio": null,
            "price_fair": 0,
            "eps_avg_yearly": 0,
            "eps_latest_yearly": 0,
            "eps_growth_yearly": 0
        },
        "20013": {
            "year_quarter": 20013,
            "year": 2001,
            "quarter": 3,
            "eps": null,
            "eps_growth_year": null,
            "eps_4q": null,
            "eps_4q_growth_year": null,
            "roe": null,
            "roe_4q": 0,
            "gross_profit": null,
            "gross_margin": null,
            "gross_margin_4q_avg": 0,
            "net_income": null,
            "revenue": null,
            "common_shares": null,
            "book_valuer_per_share": null,
            "book_valuer_per_share_4q_avg": 0,
            "equity": null,
            "current_ratio": null,
            "debt_ratio": null,
            "inventory_turnover_ratio": null,
            "account_receivable_turnover_ratio": null,
            "reinvestment_rate": null,
            "research_to_sale_ratio": null,
            "price_fair": 0,
            "eps_avg_yearly": 0,
            "eps_latest_yearly": 0,
            "eps_growth_yearly": 0
        },
        "20014": {
            "year_quarter": 20014,
            "year": 2001,
            "quarter": 4,
            "eps": null,
            "eps_growth_year": null,
            "eps_4q": null,
            "eps_4q_growth_year": null,
            "roe": null,
            "roe_4q": 0,
            "gross_profit": null,
            "gross_margin": null,
            "gross_margin_4q_avg": 0,
            "net_income": null,
            "revenue": null,
            "common_shares": null,
            "book_valuer_per_share": null,
            "book_valuer_per_share_4q_avg": 0,
            "equity": null,
            "current_ratio": null,
            "debt_ratio": null,
            "inventory_turnover_ratio": null,
            "account_receivable_turnover_ratio": null,
            "reinvestment_rate": null,
            "research_to_sale_ratio": null,
            "price_fair": 0,
            "eps_avg_yearly": 0,
            "eps_latest_yearly": 0,
            "eps_growth_yearly": 0
        },
        "20021": {
            "year_quarter": 20021,
            "year": 2002,
            "quarter": 1,
            "eps": null,
            "eps_growth_year": null,
            "eps_4q": null,
            "eps_4q_growth_year": null,
            "roe": null,
            "roe_4q": 0,
            "gross_profit": null,
            "gross_margin": null,
            "gross_margin_4q_avg": 0,
            "net_income": null,
            "revenue": null,
            "common_shares": null,
            "book_valuer_per_share": null,
            "book_valuer_per_share_4q_avg": 0,
            "equity": null,
            "current_ratio": null,
            "debt_ratio": null,
            "inventory_turnover_ratio": null,
            "account_receivable_turnover_ratio": null,
            "reinvestment_rate": null,
            "research_to_sale_ratio": null,
            "price_fair": 0,
            "eps_avg_yearly": 0,
            "eps_latest_yearly": 0,
            "eps_growth_yearly": 0
        },
        "20022": {
            "year_quarter": 20022,
            "year": 2002,
            "quarter": 2,
            "eps": null,
            "eps_growth_year": null,
            "eps_4q": null,
            "eps_4q_growth_year": null,
            "roe": null,
            "roe_4q": 0,
            "gross_profit": null,
            "gross_margin": null,
            "gross_margin_4q_avg": 0,
            "net_income": null,
            "revenue": null,
            "common_shares": null,
            "book_valuer_per_share": null,
            "book_valuer_per_share_4q_avg": 0,
            "equity": null,
            "current_ratio": null,
            "debt_ratio": null,
            "inventory_turnover_ratio": null,
            "account_receivable_turnover_ratio": null,
            "reinvestment_rate": null,
            "research_to_sale_ratio": null,
            "price_fair": 0,
            "eps_avg_yearly": 0,
            "eps_latest_yearly": 0,
            "eps_growth_yearly": 0
        },
        "20023": {
            "year_quarter": 20023,
            "year": 2002,
            "quarter": 3,
            "eps": null,
            "eps_growth_year": null,
            "eps_4q": null,
            "eps_4q_growth_year": null,
            "roe": null,
            "roe_4q": 0,
            "gross_profit": null,
            "gross_margin": null,
            "gross_margin_4q_avg": 0,
            "net_income": null,
            "revenue": null,
            "common_shares": null,
            "book_valuer_per_share": null,
            "book_valuer_per_share_4q_avg": 0,
            "equity": null,
            "current_ratio": null,
            "debt_ratio": null,
            "inventory_turnover_ratio": null,
            "account_receivable_turnover_ratio": null,
            "reinvestment_rate": null,
            "research_to_sale_ratio": null,
            "price_fair": 0,
            "eps_avg_yearly": 0,
            "eps_latest_yearly": 0,
            "eps_growth_yearly": 0
        },
        "20024": {
            "year_quarter": 20024,
            "year": 2002,
            "quarter": 4,
            "eps": null,
            "eps_growth_year": null,
            "eps_4q": null,
            "eps_4q_growth_year": null,
            "roe": null,
            "roe_4q": 0,
            "gross_profit": null,
            "gross_margin": null,
            "gross_margin_4q_avg": 0,
            "net_income": null,
            "revenue": null,
            "common_shares": null,
            "book_valuer_per_share": null,
            "book_valuer_per_share_4q_avg": 0,
            "equity": null,
            "current_ratio": null,
            "debt_ratio": null,
            "inventory_turnover_ratio": null,
            "account_receivable_turnover_ratio": null,
            "reinvestment_rate": null,
            "research_to_sale_ratio": null,
            "price_fair": 0,
            "eps_avg_yearly": 0,
            "eps_latest_yearly": 0,
            "eps_growth_yearly": 0
        },
        "20031": {
            "year_quarter": 20031,
            "year": 2003,
            "quarter": 1,
            "eps": null,
            "eps_growth_year": null,
            "eps_4q": null,
            "eps_4q_growth_year": null,
            "roe": null,
            "roe_4q": 0,
            "gross_profit": null,
            "gross_margin": null,
            "gross_margin_4q_avg": 0,
            "net_income": null,
            "revenue": null,
            "common_shares": null,
            "book_valuer_per_share": null,
            "book_valuer_per_share_4q_avg": 0,
            "equity": null,
            "current_ratio": null,
            "debt_ratio": null,
            "inventory_turnover_ratio": null,
            "account_receivable_turnover_ratio": null,
            "reinvestment_rate": null,
            "research_to_sale_ratio": null,
            "price_fair": 0,
            "eps_avg_yearly": 0,
            "eps_latest_yearly": 0,
            "eps_growth_yearly": 0
        },
        "20032": {
            "year_quarter": 20032,
            "year": 2003,
            "quarter": 2,
            "eps": null,
            "eps_growth_year": null,
            "eps_4q": null,
            "eps_4q_growth_year": null,
            "roe": null,
            "roe_4q": 0,
            "gross_profit": null,
            "gross_margin": null,
            "gross_margin_4q_avg": 0,
            "net_income": null,
            "revenue": null,
            "common_shares": null,
            "book_valuer_per_share": null,
            "book_valuer_per_share_4q_avg": 0,
            "equity": null,
            "current_ratio": null,
            "debt_ratio": null,
            "inventory_turnover_ratio": null,
            "account_receivable_turnover_ratio": null,
            "reinvestment_rate": null,
            "research_to_sale_ratio": null,
            "price_fair": 0,
            "eps_avg_yearly": 0,
            "eps_latest_yearly": 0,
            "eps_growth_yearly": 0
        },
        "20033": {
            "year_quarter": 20033,
            "year": 2003,
            "quarter": 3,
            "eps": null,
            "eps_growth_year": null,
            "eps_4q": null,
            "eps_4q_growth_year": null,
            "roe": null,
            "roe_4q": 0,
            "gross_profit": null,
            "gross_margin": null,
            "gross_margin_4q_avg": 0,
            "net_income": null,
            "revenue": null,
            "common_shares": null,
            "book_valuer_per_share": null,
            "book_valuer_per_share_4q_avg": 0,
            "equity": null,
            "current_ratio": null,
            "debt_ratio": null,
            "inventory_turnover_ratio": null,
            "account_receivable_turnover_ratio": null,
            "reinvestment_rate": null,
            "research_to_sale_ratio": null,
            "price_fair": 0,
            "eps_avg_yearly": 0,
            "eps_latest_yearly": 0,
            "eps_growth_yearly": 0
        },
        "20034": {
            "year_quarter": 20034,
            "year": 2003,
            "quarter": 4,
            "eps": null,
            "eps_growth_year": null,
            "eps_4q": null,
            "eps_4q_growth_year": null,
            "roe": null,
            "roe_4q": 0,
            "gross_profit": null,
            "gross_margin": null,
            "gross_margin_4q_avg": 0,
            "net_income": null,
            "revenue": null,
            "common_shares": null,
            "book_valuer_per_share": null,
            "book_valuer_per_share_4q_avg": 0,
            "equity": null,
            "current_ratio": null,
            "debt_ratio": null,
            "inventory_turnover_ratio": null,
            "account_receivable_turnover_ratio": null,
            "reinvestment_rate": null,
            "research_to_sale_ratio": null,
            "price_fair": 0,
            "eps_avg_yearly": 0,
            "eps_latest_yearly": 0,
            "eps_growth_yearly": 0
        },
        "20041": {
            "year_quarter": 20041,
            "year": 2004,
            "quarter": 1,
            "eps": null,
            "eps_growth_year": null,
            "eps_4q": null,
            "eps_4q_growth_year": null,
            "roe": null,
            "roe_4q": 0,
            "gross_profit": null,
            "gross_margin": null,
            "gross_margin_4q_avg": 0,
            "net_income": null,
            "revenue": null,
            "common_shares": null,
            "book_valuer_per_share": null,
            "book_valuer_per_share_4q_avg": 0,
            "equity": null,
            "current_ratio": null,
            "debt_ratio": null,
            "inventory_turnover_ratio": null,
            "account_receivable_turnover_ratio": null,
            "reinvestment_rate": null,
            "research_to_sale_ratio": null,
            "price_fair": 0,
            "eps_avg_yearly": 0,
            "eps_latest_yearly": 0,
            "eps_growth_yearly": 0
        },
        "20042": {
            "year_quarter": 20042,
            "year": 2004,
            "quarter": 2,
            "eps": null,
            "eps_growth_year": null,
            "eps_4q": null,
            "eps_4q_growth_year": null,
            "roe": null,
            "roe_4q": 0,
            "gross_profit": null,
            "gross_margin": null,
            "gross_margin_4q_avg": 0,
            "net_income": null,
            "revenue": null,
            "common_shares": null,
            "book_valuer_per_share": null,
            "book_valuer_per_share_4q_avg": 0,
            "equity": null,
            "current_ratio": null,
            "debt_ratio": null,
            "inventory_turnover_ratio": null,
            "account_receivable_turnover_ratio": null,
            "reinvestment_rate": null,
            "research_to_sale_ratio": null,
            "price_fair": 0,
            "eps_avg_yearly": 0,
            "eps_latest_yearly": 0,
            "eps_growth_yearly": 0
        },
        "20043": {
            "year_quarter": 20043,
            "year": 2004,
            "quarter": 3,
            "eps": null,
            "eps_growth_year": null,
            "eps_4q": null,
            "eps_4q_growth_year": null,
            "roe": null,
            "roe_4q": 0,
            "gross_profit": null,
            "gross_margin": null,
            "gross_margin_4q_avg": 0,
            "net_income": null,
            "revenue": null,
            "common_shares": null,
            "book_valuer_per_share": null,
            "book_valuer_per_share_4q_avg": 0,
            "equity": null,
            "current_ratio": null,
            "debt_ratio": null,
            "inventory_turnover_ratio": null,
            "account_receivable_turnover_ratio": null,
            "reinvestment_rate": null,
            "research_to_sale_ratio": null,
            "price_fair": 0,
            "eps_avg_yearly": 0,
            "eps_latest_yearly": 0,
            "eps_growth_yearly": 0
        },
        "20044": {
            "year_quarter": 20044,
            "year": 2004,
            "quarter": 4,
            "eps": null,
            "eps_growth_year": null,
            "eps_4q": null,
            "eps_4q_growth_year": null,
            "roe": null,
            "roe_4q": 0,
            "gross_profit": null,
            "gross_margin": null,
            "gross_margin_4q_avg": 0,
            "net_income": null,
            "revenue": null,
            "common_shares": null,
            "book_valuer_per_share": null,
            "book_valuer_per_share_4q_avg": 0,
            "equity": null,
            "current_ratio": null,
            "debt_ratio": null,
            "inventory_turnover_ratio": null,
            "account_receivable_turnover_ratio": null,
            "reinvestment_rate": null,
            "research_to_sale_ratio": null,
            "price_fair": 0,
            "eps_avg_yearly": 0,
            "eps_latest_yearly": 0,
            "eps_growth_yearly": 0
        },
        "20051": {
            "year_quarter": 20051,
            "year": 2005,
            "quarter": 1,
            "eps": null,
            "eps_growth_year": null,
            "eps_4q": null,
            "eps_4q_growth_year": null,
            "roe": null,
            "roe_4q": 0,
            "gross_profit": null,
            "gross_margin": null,
            "gross_margin_4q_avg": 0,
            "net_income": null,
            "revenue": null,
            "common_shares": null,
            "book_valuer_per_share": null,
            "book_valuer_per_share_4q_avg": 0,
            "equity": null,
            "current_ratio": null,
            "debt_ratio": null,
            "inventory_turnover_ratio": null,
            "account_receivable_turnover_ratio": null,
            "reinvestment_rate": null,
            "research_to_sale_ratio": null,
            "price_fair": 0,
            "eps_avg_yearly": 0,
            "eps_latest_yearly": 0,
            "eps_growth_yearly": 0
        },
        "20052": {
            "year_quarter": 20052,
            "year": 2005,
            "quarter": 2,
            "eps": null,
            "eps_growth_year": null,
            "eps_4q": null,
            "eps_4q_growth_year": null,
            "roe": null,
            "roe_4q": 0,
            "gross_profit": null,
            "gross_margin": null,
            "gross_margin_4q_avg": 0,
            "net_income": null,
            "revenue": null,
            "common_shares": null,
            "book_valuer_per_share": null,
            "book_valuer_per_share_4q_avg": 0,
            "equity": null,
            "current_ratio": null,
            "debt_ratio": null,
            "inventory_turnover_ratio": null,
            "account_receivable_turnover_ratio": null,
            "reinvestment_rate": null,
            "research_to_sale_ratio": null,
            "price_fair": 0,
            "eps_avg_yearly": 0,
            "eps_latest_yearly": 0,
            "eps_growth_yearly": 0
        },
        "20053": {
            "year_quarter": 20053,
            "year": 2005,
            "quarter": 3,
            "eps": null,
            "eps_growth_year": null,
            "eps_4q": null,
            "eps_4q_growth_year": null,
            "roe": null,
            "roe_4q": 0,
            "gross_profit": null,
            "gross_margin": null,
            "gross_margin_4q_avg": 0,
            "net_income": null,
            "revenue": null,
            "common_shares": null,
            "book_valuer_per_share": null,
            "book_valuer_per_share_4q_avg": 0,
            "equity": null,
            "current_ratio": null,
            "debt_ratio": null,
            "inventory_turnover_ratio": null,
            "account_receivable_turnover_ratio": null,
            "reinvestment_rate": null,
            "research_to_sale_ratio": null,
            "price_fair": 0,
            "eps_avg_yearly": 0,
            "eps_latest_yearly": 0,
            "eps_growth_yearly": 0
        },
        "20054": {
            "year_quarter": 20054,
            "year": 2005,
            "quarter": 4,
            "eps": null,
            "eps_growth_year": null,
            "eps_4q": null,
            "eps_4q_growth_year": null,
            "roe": null,
            "roe_4q": 0,
            "gross_profit": null,
            "gross_margin": null,
            "gross_margin_4q_avg": 0,
            "net_income": null,
            "revenue": null,
            "common_shares": null,
            "book_valuer_per_share": null,
            "book_valuer_per_share_4q_avg": 0,
            "equity": null,
            "current_ratio": null,
            "debt_ratio": null,
            "inventory_turnover_ratio": null,
            "account_receivable_turnover_ratio": null,
            "reinvestment_rate": null,
            "research_to_sale_ratio": null,
            "price_fair": 0,
            "eps_avg_yearly": 0,
            "eps_latest_yearly": 0,
            "eps_growth_yearly": 0
        },
        "20061": {
            "year_quarter": 20061,
            "year": 2006,
            "quarter": 1,
            "eps": null,
            "eps_growth_year": null,
            "eps_4q": null,
            "eps_4q_growth_year": null,
            "roe": null,
            "roe_4q": 0,
            "gross_profit": null,
            "gross_margin": null,
            "gross_margin_4q_avg": 0,
            "net_income": null,
            "revenue": null,
            "common_shares": null,
            "book_valuer_per_share": null,
            "book_valuer_per_share_4q_avg": 0,
            "equity": null,
            "current_ratio": null,
            "debt_ratio": null,
            "inventory_turnover_ratio": null,
            "account_receivable_turnover_ratio": null,
            "reinvestment_rate": null,
            "research_to_sale_ratio": null,
            "price_fair": 0,
            "eps_avg_yearly": 0,
            "eps_latest_yearly": 0,
            "eps_growth_yearly": 0
        },
        "20062": {
            "year_quarter": 20062,
            "year": 2006,
            "quarter": 2,
            "eps": null,
            "eps_growth_year": null,
            "eps_4q": null,
            "eps_4q_growth_year": null,
            "roe": null,
            "roe_4q": 0,
            "gross_profit": null,
            "gross_margin": null,
            "gross_margin_4q_avg": 0,
            "net_income": null,
            "revenue": null,
            "common_shares": null,
            "book_valuer_per_share": null,
            "book_valuer_per_share_4q_avg": 0,
            "equity": null,
            "current_ratio": null,
            "debt_ratio": null,
            "inventory_turnover_ratio": null,
            "account_receivable_turnover_ratio": null,
            "reinvestment_rate": null,
            "research_to_sale_ratio": null,
            "price_fair": 0,
            "eps_avg_yearly": 0,
            "eps_latest_yearly": 0,
            "eps_growth_yearly": 0
        },
        "20063": {
            "year_quarter": 20063,
            "year": 2006,
            "quarter": 3,
            "eps": null,
            "eps_growth_year": null,
            "eps_4q": null,
            "eps_4q_growth_year": null,
            "roe": null,
            "roe_4q": 0,
            "gross_profit": null,
            "gross_margin": null,
            "gross_margin_4q_avg": 0,
            "net_income": null,
            "revenue": null,
            "common_shares": null,
            "book_valuer_per_share": null,
            "book_valuer_per_share_4q_avg": 0,
            "equity": null,
            "current_ratio": null,
            "debt_ratio": null,
            "inventory_turnover_ratio": null,
            "account_receivable_turnover_ratio": null,
            "reinvestment_rate": null,
            "research_to_sale_ratio": null,
            "price_fair": 0,
            "eps_avg_yearly": 0,
            "eps_latest_yearly": 0,
            "eps_growth_yearly": 0
        },
        "20064": {
            "year_quarter": 20064,
            "year": 2006,
            "quarter": 4,
            "eps": null,
            "eps_growth_year": null,
            "eps_4q": null,
            "eps_4q_growth_year": null,
            "roe": null,
            "roe_4q": 0,
            "gross_profit": null,
            "gross_margin": null,
            "gross_margin_4q_avg": 0,
            "net_income": null,
            "revenue": null,
            "common_shares": null,
            "book_valuer_per_share": null,
            "book_valuer_per_share_4q_avg": 0,
            "equity": null,
            "current_ratio": null,
            "debt_ratio": null,
            "inventory_turnover_ratio": null,
            "account_receivable_turnover_ratio": null,
            "reinvestment_rate": null,
            "research_to_sale_ratio": null,
            "price_fair": 0,
            "eps_avg_yearly": 0,
            "eps_latest_yearly": 0,
            "eps_growth_yearly": 0
        },
        "20071": {
            "year_quarter": 20071,
            "year": 2007,
            "quarter": 1,
            "eps": null,
            "eps_growth_year": null,
            "eps_4q": null,
            "eps_4q_growth_year": null,
            "roe": null,
            "roe_4q": 0,
            "gross_profit": null,
            "gross_margin": null,
            "gross_margin_4q_avg": 0,
            "net_income": null,
            "revenue": null,
            "common_shares": null,
            "book_valuer_per_share": null,
            "book_valuer_per_share_4q_avg": 0,
            "equity": null,
            "current_ratio": null,
            "debt_ratio": null,
            "inventory_turnover_ratio": null,
            "account_receivable_turnover_ratio": null,
            "reinvestment_rate": null,
            "research_to_sale_ratio": null,
            "price_fair": 0,
            "eps_avg_yearly": 0,
            "eps_latest_yearly": 0,
            "eps_growth_yearly": 0
        },
        "20072": {
            "year_quarter": 20072,
            "year": 2007,
            "quarter": 2,
            "eps": null,
            "eps_growth_year": null,
            "eps_4q": null,
            "eps_4q_growth_year": null,
            "roe": null,
            "roe_4q": 0,
            "gross_profit": null,
            "gross_margin": null,
            "gross_margin_4q_avg": 0,
            "net_income": null,
            "revenue": null,
            "common_shares": null,
            "book_valuer_per_share": null,
            "book_valuer_per_share_4q_avg": 0,
            "equity": null,
            "current_ratio": null,
            "debt_ratio": null,
            "inventory_turnover_ratio": null,
            "account_receivable_turnover_ratio": null,
            "reinvestment_rate": null,
            "research_to_sale_ratio": null,
            "price_fair": 0,
            "eps_avg_yearly": 0,
            "eps_latest_yearly": 0,
            "eps_growth_yearly": 0
        },
        "20073": {
            "year_quarter": 20073,
            "year": 2007,
            "quarter": 3,
            "eps": null,
            "eps_growth_year": null,
            "eps_4q": null,
            "eps_4q_growth_year": null,
            "roe": null,
            "roe_4q": 0,
            "gross_profit": null,
            "gross_margin": null,
            "gross_margin_4q_avg": 0,
            "net_income": null,
            "revenue": null,
            "common_shares": null,
            "book_valuer_per_share": null,
            "book_valuer_per_share_4q_avg": 0,
            "equity": null,
            "current_ratio": null,
            "debt_ratio": null,
            "inventory_turnover_ratio": null,
            "account_receivable_turnover_ratio": null,
            "reinvestment_rate": null,
            "research_to_sale_ratio": null,
            "price_fair": 0,
            "eps_avg_yearly": 0,
            "eps_latest_yearly": 0,
            "eps_growth_yearly": 0
        },
        "20074": {
            "year_quarter": 20074,
            "year": 2007,
            "quarter": 4,
            "eps": null,
            "eps_growth_year": null,
            "eps_4q": null,
            "eps_4q_growth_year": null,
            "roe": null,
            "roe_4q": 0,
            "gross_profit": null,
            "gross_margin": null,
            "gross_margin_4q_avg": 0,
            "net_income": null,
            "revenue": null,
            "common_shares": null,
            "book_valuer_per_share": null,
            "book_valuer_per_share_4q_avg": 0,
            "equity": null,
            "current_ratio": null,
            "debt_ratio": null,
            "inventory_turnover_ratio": null,
            "account_receivable_turnover_ratio": null,
            "reinvestment_rate": null,
            "research_to_sale_ratio": null,
            "price_fair": 0,
            "eps_avg_yearly": 0,
            "eps_latest_yearly": 0,
            "eps_growth_yearly": 0
        },
        "20081": {
            "year_quarter": 20081,
            "year": 2008,
            "quarter": 1,
            "eps": null,
            "eps_growth_year": null,
            "eps_4q": null,
            "eps_4q_growth_year": null,
            "roe": null,
            "roe_4q": 0,
            "gross_profit": null,
            "gross_margin": null,
            "gross_margin_4q_avg": 0,
            "net_income": null,
            "revenue": null,
            "common_shares": null,
            "book_valuer_per_share": null,
            "book_valuer_per_share_4q_avg": 0,
            "equity": null,
            "current_ratio": null,
            "debt_ratio": null,
            "inventory_turnover_ratio": null,
            "account_receivable_turnover_ratio": null,
            "reinvestment_rate": null,
            "research_to_sale_ratio": null,
            "price_fair": 0,
            "eps_avg_yearly": 0,
            "eps_latest_yearly": 0,
            "eps_growth_yearly": 0
        },
        "20082": {
            "year_quarter": 20082,
            "year": 2008,
            "quarter": 2,
            "eps": null,
            "eps_growth_year": null,
            "eps_4q": null,
            "eps_4q_growth_year": null,
            "roe": null,
            "roe_4q": 0,
            "gross_profit": null,
            "gross_margin": null,
            "gross_margin_4q_avg": 0,
            "net_income": null,
            "revenue": null,
            "common_shares": null,
            "book_valuer_per_share": null,
            "book_valuer_per_share_4q_avg": 0,
            "equity": null,
            "current_ratio": null,
            "debt_ratio": null,
            "inventory_turnover_ratio": null,
            "account_receivable_turnover_ratio": null,
            "reinvestment_rate": null,
            "research_to_sale_ratio": null,
            "price_fair": 0,
            "eps_avg_yearly": 0,
            "eps_latest_yearly": 0,
            "eps_growth_yearly": 0
        },
        "20083": {
            "year_quarter": 20083,
            "year": 2008,
            "quarter": 3,
            "eps": null,
            "eps_growth_year": null,
            "eps_4q": null,
            "eps_4q_growth_year": null,
            "roe": null,
            "roe_4q": 0,
            "gross_profit": null,
            "gross_margin": null,
            "gross_margin_4q_avg": 0,
            "net_income": null,
            "revenue": null,
            "common_shares": null,
            "book_valuer_per_share": null,
            "book_valuer_per_share_4q_avg": 0,
            "equity": null,
            "current_ratio": null,
            "debt_ratio": null,
            "inventory_turnover_ratio": null,
            "account_receivable_turnover_ratio": null,
            "reinvestment_rate": null,
            "research_to_sale_ratio": null,
            "price_fair": 0,
            "eps_avg_yearly": 0,
            "eps_latest_yearly": 0,
            "eps_growth_yearly": 0
        },
        "20084": {
            "year_quarter": 20084,
            "year": 2008,
            "quarter": 4,
            "eps": null,
            "eps_growth_year": null,
            "eps_4q": null,
            "eps_4q_growth_year": null,
            "roe": null,
            "roe_4q": 0,
            "gross_profit": null,
            "gross_margin": null,
            "gross_margin_4q_avg": 0,
            "net_income": null,
            "revenue": null,
            "common_shares": null,
            "book_valuer_per_share": null,
            "book_valuer_per_share_4q_avg": 0,
            "equity": null,
            "current_ratio": null,
            "debt_ratio": null,
            "inventory_turnover_ratio": null,
            "account_receivable_turnover_ratio": null,
            "reinvestment_rate": null,
            "research_to_sale_ratio": null,
            "price_fair": 0,
            "eps_avg_yearly": 0,
            "eps_latest_yearly": 0,
            "eps_growth_yearly": 0
        },
        "20091": {
            "year_quarter": 20091,
            "year": 2009,
            "quarter": 1,
            "eps": null,
            "eps_growth_year": null,
            "eps_4q": null,
            "eps_4q_growth_year": null,
            "roe": null,
            "roe_4q": 0,
            "gross_profit": null,
            "gross_margin": null,
            "gross_margin_4q_avg": 0,
            "net_income": null,
            "revenue": null,
            "common_shares": null,
            "book_valuer_per_share": null,
            "book_valuer_per_share_4q_avg": 0,
            "equity": null,
            "current_ratio": null,
            "debt_ratio": null,
            "inventory_turnover_ratio": null,
            "account_receivable_turnover_ratio": null,
            "reinvestment_rate": null,
            "research_to_sale_ratio": null,
            "price_fair": 0,
            "eps_avg_yearly": 0,
            "eps_latest_yearly": 0,
            "eps_growth_yearly": 0
        },
        "20092": {
            "year_quarter": 20092,
            "year": 2009,
            "quarter": 2,
            "eps": null,
            "eps_growth_year": null,
            "eps_4q": null,
            "eps_4q_growth_year": null,
            "roe": null,
            "roe_4q": 0,
            "gross_profit": null,
            "gross_margin": null,
            "gross_margin_4q_avg": 0,
            "net_income": null,
            "revenue": null,
            "common_shares": null,
            "book_valuer_per_share": null,
            "book_valuer_per_share_4q_avg": 0,
            "equity": null,
            "current_ratio": null,
            "debt_ratio": null,
            "inventory_turnover_ratio": null,
            "account_receivable_turnover_ratio": null,
            "reinvestment_rate": null,
            "research_to_sale_ratio": null,
            "price_fair": 0,
            "eps_avg_yearly": 0,
            "eps_latest_yearly": 0,
            "eps_growth_yearly": 0
        },
        "20093": {
            "year_quarter": 20093,
            "year": 2009,
            "quarter": 3,
            "eps": null,
            "eps_growth_year": null,
            "eps_4q": null,
            "eps_4q_growth_year": null,
            "roe": null,
            "roe_4q": 0,
            "gross_profit": null,
            "gross_margin": null,
            "gross_margin_4q_avg": 0,
            "net_income": null,
            "revenue": null,
            "common_shares": null,
            "book_valuer_per_share": null,
            "book_valuer_per_share_4q_avg": 0,
            "equity": null,
            "current_ratio": null,
            "debt_ratio": null,
            "inventory_turnover_ratio": null,
            "account_receivable_turnover_ratio": null,
            "reinvestment_rate": null,
            "research_to_sale_ratio": null,
            "price_fair": 0,
            "eps_avg_yearly": 0,
            "eps_latest_yearly": 0,
            "eps_growth_yearly": 0
        },
        "20094": {
            "year_quarter": 20094,
            "year": 2009,
            "quarter": 4,
            "eps": null,
            "eps_growth_year": null,
            "eps_4q": null,
            "eps_4q_growth_year": null,
            "roe": null,
            "roe_4q": 0,
            "gross_profit": null,
            "gross_margin": null,
            "gross_margin_4q_avg": 0,
            "net_income": null,
            "revenue": null,
            "common_shares": null,
            "book_valuer_per_share": null,
            "book_valuer_per_share_4q_avg": 0,
            "equity": null,
            "current_ratio": null,
            "debt_ratio": null,
            "inventory_turnover_ratio": null,
            "account_receivable_turnover_ratio": null,
            "reinvestment_rate": null,
            "research_to_sale_ratio": null,
            "price_fair": 0,
            "eps_avg_yearly": 0,
            "eps_latest_yearly": 0,
            "eps_growth_yearly": 0
        },
        "20101": {
            "year_quarter": 20101,
            "year": 2010,
            "quarter": 1,
            "eps": null,
            "eps_growth_year": null,
            "eps_4q": null,
            "eps_4q_growth_year": null,
            "roe": null,
            "roe_4q": 0,
            "gross_profit": null,
            "gross_margin": null,
            "gross_margin_4q_avg": 0,
            "net_income": null,
            "revenue": null,
            "common_shares": null,
            "book_valuer_per_share": null,
            "book_valuer_per_share_4q_avg": 0,
            "equity": null,
            "current_ratio": null,
            "debt_ratio": null,
            "inventory_turnover_ratio": null,
            "account_receivable_turnover_ratio": null,
            "reinvestment_rate": null,
            "research_to_sale_ratio": null,
            "price_fair": 0,
            "eps_avg_yearly": 0,
            "eps_latest_yearly": 0,
            "eps_growth_yearly": 0
        },
        "20102": {
            "year_quarter": 20102,
            "year": 2010,
            "quarter": 2,
            "eps": null,
            "eps_growth_year": null,
            "eps_4q": null,
            "eps_4q_growth_year": null,
            "roe": null,
            "roe_4q": 0,
            "gross_profit": null,
            "gross_margin": null,
            "gross_margin_4q_avg": 0,
            "net_income": null,
            "revenue": null,
            "common_shares": null,
            "book_valuer_per_share": null,
            "book_valuer_per_share_4q_avg": 0,
            "equity": null,
            "current_ratio": null,
            "debt_ratio": null,
            "inventory_turnover_ratio": null,
            "account_receivable_turnover_ratio": null,
            "reinvestment_rate": null,
            "research_to_sale_ratio": null,
            "price_fair": 0,
            "eps_avg_yearly": 0,
            "eps_latest_yearly": 0,
            "eps_growth_yearly": 0
        },
        "20103": {
            "year_quarter": 20103,
            "year": 2010,
            "quarter": 3,
            "eps": null,
            "eps_growth_year": null,
            "eps_4q": null,
            "eps_4q_growth_year": null,
            "roe": null,
            "roe_4q": 0,
            "gross_profit": null,
            "gross_margin": null,
            "gross_margin_4q_avg": 0,
            "net_income": null,
            "revenue": null,
            "common_shares": null,
            "book_valuer_per_share": null,
            "book_valuer_per_share_4q_avg": 0,
            "equity": null,
            "current_ratio": null,
            "debt_ratio": null,
            "inventory_turnover_ratio": null,
            "account_receivable_turnover_ratio": null,
            "reinvestment_rate": null,
            "research_to_sale_ratio": null,
            "price_fair": 0,
            "eps_avg_yearly": 0,
            "eps_latest_yearly": 0,
            "eps_growth_yearly": 0
        },
        "20104": {
            "year_quarter": 20104,
            "year": 2010,
            "quarter": 4,
            "eps": null,
            "eps_growth_year": null,
            "eps_4q": null,
            "eps_4q_growth_year": null,
            "roe": null,
            "roe_4q": 0,
            "gross_profit": null,
            "gross_margin": null,
            "gross_margin_4q_avg": 0,
            "net_income": null,
            "revenue": null,
            "common_shares": null,
            "book_valuer_per_share": null,
            "book_valuer_per_share_4q_avg": 0,
            "equity": null,
            "current_ratio": null,
            "debt_ratio": null,
            "inventory_turnover_ratio": null,
            "account_receivable_turnover_ratio": null,
            "reinvestment_rate": null,
            "research_to_sale_ratio": null,
            "price_fair": 0,
            "eps_avg_yearly": 0,
            "eps_latest_yearly": 0,
            "eps_growth_yearly": 0
        },
        "20111": {
            "year_quarter": 20111,
            "year": 2011,
            "quarter": 1,
            "eps": null,
            "eps_growth_year": null,
            "eps_4q": null,
            "eps_4q_growth_year": null,
            "roe": null,
            "roe_4q": 0,
            "gross_profit": null,
            "gross_margin": null,
            "gross_margin_4q_avg": 0,
            "net_income": null,
            "revenue": null,
            "common_shares": null,
            "book_valuer_per_share": null,
            "book_valuer_per_share_4q_avg": 0,
            "equity": null,
            "current_ratio": null,
            "debt_ratio": null,
            "inventory_turnover_ratio": null,
            "account_receivable_turnover_ratio": null,
            "reinvestment_rate": null,
            "research_to_sale_ratio": null,
            "price_fair": 0,
            "eps_avg_yearly": 0,
            "eps_latest_yearly": 0,
            "eps_growth_yearly": 0
        },
        "20112": {
            "year_quarter": 20112,
            "year": 2011,
            "quarter": 2,
            "eps": null,
            "eps_growth_year": null,
            "eps_4q": null,
            "eps_4q_growth_year": null,
            "roe": null,
            "roe_4q": 0,
            "gross_profit": null,
            "gross_margin": null,
            "gross_margin_4q_avg": 0,
            "net_income": null,
            "revenue": null,
            "common_shares": null,
            "book_valuer_per_share": null,
            "book_valuer_per_share_4q_avg": 0,
            "equity": null,
            "current_ratio": null,
            "debt_ratio": null,
            "inventory_turnover_ratio": null,
            "account_receivable_turnover_ratio": null,
            "reinvestment_rate": null,
            "research_to_sale_ratio": null,
            "price_fair": 0,
            "eps_avg_yearly": 0,
            "eps_latest_yearly": 0,
            "eps_growth_yearly": 0
        },
        "20113": {
            "year_quarter": 20113,
            "year": 2011,
            "quarter": 3,
            "eps": null,
            "eps_growth_year": null,
            "eps_4q": null,
            "eps_4q_growth_year": null,
            "roe": null,
            "roe_4q": 0,
            "gross_profit": null,
            "gross_margin": null,
            "gross_margin_4q_avg": 0,
            "net_income": null,
            "revenue": null,
            "common_shares": null,
            "book_valuer_per_share": null,
            "book_valuer_per_share_4q_avg": 0,
            "equity": null,
            "current_ratio": null,
            "debt_ratio": null,
            "inventory_turnover_ratio": null,
            "account_receivable_turnover_ratio": null,
            "reinvestment_rate": null,
            "research_to_sale_ratio": null,
            "price_fair": 0,
            "eps_avg_yearly": 0,
            "eps_latest_yearly": 0,
            "eps_growth_yearly": 0
        },
        "20114": {
            "year_quarter": 20114,
            "year": 2011,
            "quarter": 4,
            "eps": null,
            "eps_growth_year": null,
            "eps_4q": null,
            "eps_4q_growth_year": null,
            "roe": null,
            "roe_4q": 0,
            "gross_profit": null,
            "gross_margin": null,
            "gross_margin_4q_avg": 0,
            "net_income": null,
            "revenue": null,
            "common_shares": null,
            "book_valuer_per_share": null,
            "book_valuer_per_share_4q_avg": 0,
            "equity": null,
            "current_ratio": null,
            "debt_ratio": null,
            "inventory_turnover_ratio": null,
            "account_receivable_turnover_ratio": null,
            "reinvestment_rate": null,
            "research_to_sale_ratio": null,
            "price_fair": 0,
            "eps_avg_yearly": 0,
            "eps_latest_yearly": 0,
            "eps_growth_yearly": 0
        },
        "20121": {
            "year_quarter": 20121,
            "year": 2012,
            "quarter": 1,
            "eps": null,
            "eps_growth_year": null,
            "eps_4q": null,
            "eps_4q_growth_year": null,
            "roe": null,
            "roe_4q": 0,
            "gross_profit": null,
            "gross_margin": null,
            "gross_margin_4q_avg": 0,
            "net_income": null,
            "revenue": null,
            "common_shares": null,
            "book_valuer_per_share": null,
            "book_valuer_per_share_4q_avg": 0,
            "equity": null,
            "current_ratio": null,
            "debt_ratio": null,
            "inventory_turnover_ratio": null,
            "account_receivable_turnover_ratio": null,
            "reinvestment_rate": null,
            "research_to_sale_ratio": null,
            "price_fair": 0,
            "eps_avg_yearly": 0,
            "eps_latest_yearly": 0,
            "eps_growth_yearly": 0
        },
        "20122": {
            "year_quarter": 20122,
            "year": 2012,
            "quarter": 2,
            "eps": null,
            "eps_growth_year": null,
            "eps_4q": null,
            "eps_4q_growth_year": null,
            "roe": null,
            "roe_4q": 0,
            "gross_profit": null,
            "gross_margin": null,
            "gross_margin_4q_avg": 0,
            "net_income": null,
            "revenue": null,
            "common_shares": null,
            "book_valuer_per_share": null,
            "book_valuer_per_share_4q_avg": 0,
            "equity": null,
            "current_ratio": null,
            "debt_ratio": null,
            "inventory_turnover_ratio": null,
            "account_receivable_turnover_ratio": null,
            "reinvestment_rate": null,
            "research_to_sale_ratio": null,
            "price_fair": 0,
            "eps_avg_yearly": 0,
            "eps_latest_yearly": 0,
            "eps_growth_yearly": 0
        },
        "20123": {
            "year_quarter": 20123,
            "year": 2012,
            "quarter": 3,
            "eps": null,
            "eps_growth_year": null,
            "eps_4q": null,
            "eps_4q_growth_year": null,
            "roe": null,
            "roe_4q": 0,
            "gross_profit": null,
            "gross_margin": null,
            "gross_margin_4q_avg": 0,
            "net_income": null,
            "revenue": null,
            "common_shares": null,
            "book_valuer_per_share": null,
            "book_valuer_per_share_4q_avg": 0,
            "equity": null,
            "current_ratio": null,
            "debt_ratio": null,
            "inventory_turnover_ratio": null,
            "account_receivable_turnover_ratio": null,
            "reinvestment_rate": null,
            "research_to_sale_ratio": null,
            "price_fair": 0,
            "eps_avg_yearly": 0,
            "eps_latest_yearly": 0,
            "eps_growth_yearly": 0
        },
        "20124": {
            "year_quarter": 20124,
            "year": 2012,
            "quarter": 4,
            "eps": null,
            "eps_growth_year": null,
            "eps_4q": null,
            "eps_4q_growth_year": null,
            "roe": null,
            "roe_4q": 0,
            "gross_profit": null,
            "gross_margin": null,
            "gross_margin_4q_avg": 0,
            "net_income": null,
            "revenue": null,
            "common_shares": null,
            "book_valuer_per_share": null,
            "book_valuer_per_share_4q_avg": 0,
            "equity": null,
            "current_ratio": null,
            "debt_ratio": null,
            "inventory_turnover_ratio": null,
            "account_receivable_turnover_ratio": null,
            "reinvestment_rate": null,
            "research_to_sale_ratio": null,
            "price_fair": 0,
            "eps_avg_yearly": 0,
            "eps_latest_yearly": 0,
            "eps_growth_yearly": 0
        },
        "20131": {
            "year_quarter": 20131,
            "year": 2013,
            "quarter": 1,
            "eps": null,
            "eps_growth_year": null,
            "eps_4q": null,
            "eps_4q_growth_year": null,
            "roe": null,
            "roe_4q": 0,
            "gross_profit": null,
            "gross_margin": null,
            "gross_margin_4q_avg": 0,
            "net_income": null,
            "revenue": null,
            "common_shares": null,
            "book_valuer_per_share": null,
            "book_valuer_per_share_4q_avg": 0,
            "equity": null,
            "current_ratio": null,
            "debt_ratio": null,
            "inventory_turnover_ratio": null,
            "account_receivable_turnover_ratio": null,
            "reinvestment_rate": null,
            "research_to_sale_ratio": null,
            "price_fair": 0,
            "eps_avg_yearly": 0,
            "eps_latest_yearly": 0,
            "eps_growth_yearly": 0
        },
        "20132": {
            "year_quarter": 20132,
            "year": 2013,
            "quarter": 2,
            "eps": null,
            "eps_growth_year": null,
            "eps_4q": null,
            "eps_4q_growth_year": null,
            "roe": null,
            "roe_4q": 0,
            "gross_profit": null,
            "gross_margin": null,
            "gross_margin_4q_avg": 0,
            "net_income": null,
            "revenue": null,
            "common_shares": null,
            "book_valuer_per_share": null,
            "book_valuer_per_share_4q_avg": 0,
            "equity": null,
            "current_ratio": null,
            "debt_ratio": null,
            "inventory_turnover_ratio": null,
            "account_receivable_turnover_ratio": null,
            "reinvestment_rate": null,
            "research_to_sale_ratio": null,
            "price_fair": 0,
            "eps_avg_yearly": 0,
            "eps_latest_yearly": 0,
            "eps_growth_yearly": 0
        },
        "20133": {
            "year_quarter": 20133,
            "year": 2013,
            "quarter": 3,
            "eps": null,
            "eps_growth_year": null,
            "eps_4q": null,
            "eps_4q_growth_year": null,
            "roe": null,
            "roe_4q": 0,
            "gross_profit": null,
            "gross_margin": null,
            "gross_margin_4q_avg": 0,
            "net_income": null,
            "revenue": null,
            "common_shares": null,
            "book_valuer_per_share": null,
            "book_valuer_per_share_4q_avg": 0,
            "equity": null,
            "current_ratio": null,
            "debt_ratio": null,
            "inventory_turnover_ratio": null,
            "account_receivable_turnover_ratio": null,
            "reinvestment_rate": null,
            "research_to_sale_ratio": null,
            "price_fair": 0,
            "eps_avg_yearly": 0,
            "eps_latest_yearly": 0,
            "eps_growth_yearly": 0
        },
        "20134": {
            "year_quarter": 20134,
            "year": 2013,
            "quarter": 4,
            "eps": null,
            "eps_growth_year": null,
            "eps_4q": null,
            "eps_4q_growth_year": null,
            "roe": null,
            "roe_4q": 0,
            "gross_profit": null,
            "gross_margin": null,
            "gross_margin_4q_avg": 0,
            "net_income": null,
            "revenue": null,
            "common_shares": null,
            "book_valuer_per_share": null,
            "book_valuer_per_share_4q_avg": 0,
            "equity": null,
            "current_ratio": null,
            "debt_ratio": null,
            "inventory_turnover_ratio": null,
            "account_receivable_turnover_ratio": null,
            "reinvestment_rate": null,
            "research_to_sale_ratio": null,
            "price_fair": 0,
            "eps_avg_yearly": 0,
            "eps_latest_yearly": 0,
            "eps_growth_yearly": 0
        },
        "20141": {
            "year_quarter": 20141,
            "year": 2014,
            "quarter": 1,
            "eps": null,
            "eps_growth_year": null,
            "eps_4q": null,
            "eps_4q_growth_year": null,
            "roe": null,
            "roe_4q": 0,
            "gross_profit": null,
            "gross_margin": null,
            "gross_margin_4q_avg": 0,
            "net_income": null,
            "revenue": null,
            "common_shares": null,
            "book_valuer_per_share": null,
            "book_valuer_per_share_4q_avg": 0,
            "equity": null,
            "current_ratio": null,
            "debt_ratio": null,
            "inventory_turnover_ratio": null,
            "account_receivable_turnover_ratio": null,
            "reinvestment_rate": null,
            "research_to_sale_ratio": null,
            "price_fair": 0,
            "eps_avg_yearly": 0,
            "eps_latest_yearly": 0,
            "eps_growth_yearly": 0
        },
        "20142": {
            "year_quarter": 20142,
            "year": 2014,
            "quarter": 2,
            "eps": null,
            "eps_growth_year": null,
            "eps_4q": null,
            "eps_4q_growth_year": null,
            "roe": null,
            "roe_4q": 0,
            "gross_profit": null,
            "gross_margin": null,
            "gross_margin_4q_avg": 0,
            "net_income": null,
            "revenue": null,
            "common_shares": null,
            "book_valuer_per_share": null,
            "book_valuer_per_share_4q_avg": 0,
            "equity": null,
            "current_ratio": null,
            "debt_ratio": null,
            "inventory_turnover_ratio": null,
            "account_receivable_turnover_ratio": null,
            "reinvestment_rate": null,
            "research_to_sale_ratio": null,
            "price_fair": 0,
            "eps_avg_yearly": 0,
            "eps_latest_yearly": 0,
            "eps_growth_yearly": 0
        },
        "20143": {
            "year_quarter": 20143,
            "year": 2014,
            "quarter": 3,
            "eps": null,
            "eps_growth_year": null,
            "eps_4q": null,
            "eps_4q_growth_year": null,
            "roe": null,
            "roe_4q": 0,
            "gross_profit": null,
            "gross_margin": null,
            "gross_margin_4q_avg": 0,
            "net_income": null,
            "revenue": null,
            "common_shares": null,
            "book_valuer_per_share": null,
            "book_valuer_per_share_4q_avg": 0,
            "equity": null,
            "current_ratio": null,
            "debt_ratio": null,
            "inventory_turnover_ratio": null,
            "account_receivable_turnover_ratio": null,
            "reinvestment_rate": null,
            "research_to_sale_ratio": null,
            "price_fair": 0,
            "eps_avg_yearly": 0,
            "eps_latest_yearly": 0,
            "eps_growth_yearly": 0
        },
        "20144": {
            "year_quarter": 20144,
            "year": 2014,
            "quarter": 4,
            "eps": null,
            "eps_growth_year": null,
            "eps_4q": null,
            "eps_4q_growth_year": null,
            "roe": null,
            "roe_4q": 0,
            "gross_profit": null,
            "gross_margin": null,
            "gross_margin_4q_avg": 0,
            "net_income": null,
            "revenue": null,
            "common_shares": null,
            "book_valuer_per_share": null,
            "book_valuer_per_share_4q_avg": 0,
            "equity": null,
            "current_ratio": null,
            "debt_ratio": null,
            "inventory_turnover_ratio": null,
            "account_receivable_turnover_ratio": null,
            "reinvestment_rate": null,
            "research_to_sale_ratio": null,
            "price_fair": 0,
            "eps_avg_yearly": 0,
            "eps_latest_yearly": 0,
            "eps_growth_yearly": 0
        },
        "20151": {
            "year_quarter": 20151,
            "year": 2015,
            "quarter": 1,
            "eps": null,
            "eps_growth_year": null,
            "eps_4q": null,
            "eps_4q_growth_year": null,
            "roe": null,
            "roe_4q": 0,
            "gross_profit": null,
            "gross_margin": null,
            "gross_margin_4q_avg": 0,
            "net_income": null,
            "revenue": null,
            "common_shares": null,
            "book_valuer_per_share": null,
            "book_valuer_per_share_4q_avg": 0,
            "equity": null,
            "current_ratio": null,
            "debt_ratio": null,
            "inventory_turnover_ratio": null,
            "account_receivable_turnover_ratio": null,
            "reinvestment_rate": null,
            "research_to_sale_ratio": null,
            "price_fair": 0,
            "eps_avg_yearly": 0,
            "eps_latest_yearly": 0,
            "eps_growth_yearly": 0
        },
        "20152": {
            "year_quarter": 20152,
            "year": 2015,
            "quarter": 2,
            "eps": null,
            "eps_growth_year": null,
            "eps_4q": null,
            "eps_4q_growth_year": null,
            "roe": null,
            "roe_4q": 0,
            "gross_profit": null,
            "gross_margin": null,
            "gross_margin_4q_avg": 0,
            "net_income": null,
            "revenue": null,
            "common_shares": null,
            "book_valuer_per_share": null,
            "book_valuer_per_share_4q_avg": 0,
            "equity": null,
            "current_ratio": null,
            "debt_ratio": null,
            "inventory_turnover_ratio": null,
            "account_receivable_turnover_ratio": null,
            "reinvestment_rate": null,
            "research_to_sale_ratio": null,
            "price_fair": 0,
            "eps_avg_yearly": 0,
            "eps_latest_yearly": 0,
            "eps_growth_yearly": 0
        },
        "20153": {
            "year_quarter": 20153,
            "year": 2015,
            "quarter": 3,
            "eps": null,
            "eps_growth_year": null,
            "eps_4q": null,
            "eps_4q_growth_year": null,
            "roe": null,
            "roe_4q": 0,
            "gross_profit": null,
            "gross_margin": null,
            "gross_margin_4q_avg": 0,
            "net_income": null,
            "revenue": null,
            "common_shares": null,
            "book_valuer_per_share": null,
            "book_valuer_per_share_4q_avg": 0,
            "equity": null,
            "current_ratio": null,
            "debt_ratio": null,
            "inventory_turnover_ratio": null,
            "account_receivable_turnover_ratio": null,
            "reinvestment_rate": null,
            "research_to_sale_ratio": null,
            "price_fair": 0,
            "eps_avg_yearly": 0,
            "eps_latest_yearly": 0,
            "eps_growth_yearly": 0
        },
        "20154": {
            "year_quarter": 20154,
            "year": 2015,
            "quarter": 4,
            "eps": null,
            "eps_growth_year": null,
            "eps_4q": null,
            "eps_4q_growth_year": null,
            "roe": null,
            "roe_4q": 0,
            "gross_profit": null,
            "gross_margin": null,
            "gross_margin_4q_avg": 0,
            "net_income": null,
            "revenue": null,
            "common_shares": 253600,
            "book_valuer_per_share": null,
            "book_valuer_per_share_4q_avg": 0,
            "equity": 807930,
            "current_ratio": null,
            "debt_ratio": null,
            "inventory_turnover_ratio": null,
            "account_receivable_turnover_ratio": null,
            "reinvestment_rate": null,
            "research_to_sale_ratio": null,
            "price_fair": 0,
            "eps_avg_yearly": 0,
            "eps_latest_yearly": 0,
            "eps_growth_yearly": 0
        },
        "20161": {
            "year_quarter": 20161,
            "year": 2016,
            "quarter": 1,
            "eps": null,
            "eps_growth_year": null,
            "eps_4q": null,
            "eps_4q_growth_year": null,
            "roe": null,
            "roe_4q": 0,
            "gross_profit": null,
            "gross_margin": null,
            "gross_margin_4q_avg": 0,
            "net_income": null,
            "revenue": null,
            "common_shares": null,
            "book_valuer_per_share": null,
            "book_valuer_per_share_4q_avg": 0,
            "equity": null,
            "current_ratio": null,
            "debt_ratio": null,
            "inventory_turnover_ratio": null,
            "account_receivable_turnover_ratio": null,
            "reinvestment_rate": null,
            "research_to_sale_ratio": null,
            "price_fair": 0,
            "eps_avg_yearly": 0,
            "eps_latest_yearly": 0,
            "eps_growth_yearly": 0
        },
        "20162": {
            "year_quarter": 20162,
            "year": 2016,
            "quarter": 2,
            "eps": null,
            "eps_growth_year": null,
            "eps_4q": null,
            "eps_4q_growth_year": null,
            "roe": null,
            "roe_4q": 0,
            "gross_profit": null,
            "gross_margin": null,
            "gross_margin_4q_avg": 0,
            "net_income": null,
            "revenue": null,
            "common_shares": null,
            "book_valuer_per_share": null,
            "book_valuer_per_share_4q_avg": 0,
            "equity": null,
            "current_ratio": null,
            "debt_ratio": null,
            "inventory_turnover_ratio": null,
            "account_receivable_turnover_ratio": null,
            "reinvestment_rate": null,
            "research_to_sale_ratio": null,
            "price_fair": 0,
            "eps_avg_yearly": 0,
            "eps_latest_yearly": 0,
            "eps_growth_yearly": 0
        },
        "20163": {
            "year_quarter": 20163,
            "year": 2016,
            "quarter": 3,
            "eps": null,
            "eps_growth_year": null,
            "eps_4q": null,
            "eps_4q_growth_year": null,
            "roe": null,
            "roe_4q": 0,
            "gross_profit": null,
            "gross_margin": null,
            "gross_margin_4q_avg": 0,
            "net_income": null,
            "revenue": null,
            "common_shares": null,
            "book_valuer_per_share": null,
            "book_valuer_per_share_4q_avg": 0,
            "equity": null,
            "current_ratio": null,
            "debt_ratio": null,
            "inventory_turnover_ratio": null,
            "account_receivable_turnover_ratio": null,
            "reinvestment_rate": null,
            "research_to_sale_ratio": null,
            "price_fair": 0,
            "eps_avg_yearly": 0,
            "eps_latest_yearly": 0,
            "eps_growth_yearly": 0
        },
        "20164": {
            "year_quarter": 20164,
            "year": 2016,
            "quarter": 4,
            "eps": null,
            "eps_growth_year": null,
            "eps_4q": null,
            "eps_4q_growth_year": null,
            "roe": null,
            "roe_4q": 0,
            "gross_profit": null,
            "gross_margin": null,
            "gross_margin_4q_avg": 0,
            "net_income": null,
            "revenue": null,
            "common_shares": 296280,
            "book_valuer_per_share": 35.97,
            "book_valuer_per_share_4q_avg": 8.99,
            "equity": 1065619,
            "current_ratio": 143.41,
            "debt_ratio": 69.23,
            "inventory_turnover_ratio": null,
            "account_receivable_turnover_ratio": null,
            "reinvestment_rate": null,
            "research_to_sale_ratio": null,
            "price_fair": 0,
            "eps_avg_yearly": 0,
            "eps_latest_yearly": 0,
            "eps_growth_yearly": 0
        },
        "20171": {
            "year_quarter": 20171,
            "year": 2017,
            "quarter": 1,
            "eps": null,
            "eps_growth_year": null,
            "eps_4q": null,
            "eps_4q_growth_year": null,
            "roe": null,
            "roe_4q": 0,
            "gross_profit": null,
            "gross_margin": null,
            "gross_margin_4q_avg": 0,
            "net_income": null,
            "revenue": null,
            "common_shares": null,
            "book_valuer_per_share": null,
            "book_valuer_per_share_4q_avg": 8.99,
            "equity": null,
            "current_ratio": null,
            "debt_ratio": null,
            "inventory_turnover_ratio": null,
            "account_receivable_turnover_ratio": null,
            "reinvestment_rate": null,
            "research_to_sale_ratio": null,
            "price_fair": 0,
            "eps_avg_yearly": 0,
            "eps_latest_yearly": 0,
            "eps_growth_yearly": 0
        },
        "20172": {
            "year_quarter": 20172,
            "year": 2017,
            "quarter": 2,
            "eps": 2.91,
            "eps_growth_year": null,
            "eps_4q": null,
            "eps_4q_growth_year": null,
            "roe": 7.9,
            "roe_4q": 7.9,
            "gross_profit": 200161,
            "gross_margin": 35.65,
            "gross_margin_4q_avg": 8.91,
            "net_income": 86118,
            "revenue": 561436,
            "common_shares": 296280,
            "book_valuer_per_share": 36.79,
            "book_valuer_per_share_4q_avg": 18.19,
            "equity": 1089880,
            "current_ratio": 138.65,
            "debt_ratio": 71.99,
            "inventory_turnover_ratio": 0.28,
            "account_receivable_turnover_ratio": 0.68,
            "reinvestment_rate": null,
            "research_to_sale_ratio": 1.92,
            "price_fair": 0,
            "eps_avg_yearly": 0,
            "eps_latest_yearly": 0,
            "eps_growth_yearly": 0
        },
        "20173": {
            "year_quarter": 20173,
            "year": 2017,
            "quarter": 3,
            "eps": 2.77,
            "eps_growth_year": null,
            "eps_4q": null,
            "eps_4q_growth_year": null,
            "roe": 7.24,
            "roe_4q": 15.14,
            "gross_profit": 199333,
            "gross_margin": 26.54,
            "gross_margin_4q_avg": 15.55,
            "net_income": 82137,
            "revenue": 751200,
            "common_shares": 296280,
            "book_valuer_per_share": 39.85,
            "book_valuer_per_share_4q_avg": 28.15,
            "equity": 1180645,
            "current_ratio": 135.85,
            "debt_ratio": 73.56,
            "inventory_turnover_ratio": 0.4,
            "account_receivable_turnover_ratio": 0.92,
            "reinvestment_rate": null,
            "research_to_sale_ratio": 2.66,
            "price_fair": 33.24,
            "eps_avg_yearly": 11.08,
            "eps_latest_yearly": 11.08,
            "eps_growth_yearly": -19.24
        },
        "20174": {
            "year_quarter": 20174,
            "year": 2017,
            "quarter": 4,
            "eps": 2.18,
            "eps_growth_year": null,
            "eps_4q": null,
            "eps_4q_growth_year": null,
            "roe": 9.32,
            "roe_4q": 24.46,
            "gross_profit": 325710,
            "gross_margin": 28.57,
            "gross_margin_4q_avg": 22.69,
            "net_income": 148155,
            "revenue": 1139861,
            "common_shares": 339280,
            "book_valuer_per_share": 58.88,
            "book_valuer_per_share_4q_avg": 33.88,
            "equity": 1997636,
            "current_ratio": 160.67,
            "debt_ratio": 62.96,
            "inventory_turnover_ratio": 0.53,
            "account_receivable_turnover_ratio": 1.57,
            "reinvestment_rate": null,
            "research_to_sale_ratio": 3.35,
            "price_fair": 29.7,
            "eps_avg_yearly": 9.9,
            "eps_latest_yearly": 8.72,
            "eps_growth_yearly": -52.22
        },
        "20181": {
            "year_quarter": 20181,
            "year": 2018,
            "quarter": 1,
            "eps": 2.52,
            "eps_growth_year": null,
            "eps_4q": 5.92,
            "eps_4q_growth_year": null,
            "roe": 4.08,
            "roe_4q": 28.54,
            "gross_profit": 265434,
            "gross_margin": 20.65,
            "gross_margin_4q_avg": 27.85,
            "net_income": 85628,
            "revenue": 1285258,
            "common_shares": 339280,
            "book_valuer_per_share": 64.79,
            "book_valuer_per_share_4q_avg": 50.08,
            "equity": 2198050,
            "current_ratio": 186.9,
            "debt_ratio": 55.79,
            "inventory_turnover_ratio": 0.94,
            "account_receivable_turnover_ratio": 1.3,
            "reinvestment_rate": null,
            "research_to_sale_ratio": 2.1,
            "price_fair": 29.88,
            "eps_avg_yearly": 9.96,
            "eps_latest_yearly": 10.08,
            "eps_growth_yearly": -14.02
        },
        "20182": {
            "year_quarter": 20182,
            "year": 2018,
            "quarter": 2,
            "eps": 7.08,
            "eps_growth_year": 143.3,
            "eps_4q": 8.19,
            "eps_4q_growth_year": null,
            "roe": 11.18,
            "roe_4q": 31.82,
            "gross_profit": 328483,
            "gross_margin": 20.54,
            "gross_margin_4q_avg": 24.08,
            "net_income": 240048,
            "revenue": 1599295,
            "common_shares": 339280,
            "book_valuer_per_share": 61.76,
            "book_valuer_per_share_4q_avg": 56.32,
            "equity": 2095313,
            "current_ratio": 189.94,
            "debt_ratio": 54.87,
            "inventory_turnover_ratio": 3.21,
            "account_receivable_turnover_ratio": 1.06,
            "reinvestment_rate": null,
            "research_to_sale_ratio": 2.02,
            "price_fair": 509.25,
            "eps_avg_yearly": 14.55,
            "eps_latest_yearly": 28.32,
            "eps_growth_yearly": 170.44
        },
        "20183": {
            "year_quarter": 20183,
            "year": 2018,
            "quarter": 3,
            "eps": 3.91,
            "eps_growth_year": 41.16,
            "eps_4q": 8.94,
            "eps_4q_growth_year": null,
            "roe": 6.18,
            "roe_4q": 30.759999999999998,
            "gross_profit": 252437,
            "gross_margin": 23.77,
            "gross_margin_4q_avg": 23.38,
            "net_income": 132567,
            "revenue": 1061959,
            "common_shares": 339280,
            "book_valuer_per_share": 64.79,
            "book_valuer_per_share_4q_avg": 62.56,
            "equity": 2198049,
            "current_ratio": 228.9,
            "debt_ratio": 46.88,
            "inventory_turnover_ratio": 2.94,
            "account_receivable_turnover_ratio": 0.7,
            "reinvestment_rate": null,
            "research_to_sale_ratio": 2.14,
            "price_fair": 516.88,
            "eps_avg_yearly": 14.77,
            "eps_latest_yearly": 15.64,
            "eps_growth_yearly": 100.53
        },
        "20184": {
            "year_quarter": 20184,
            "year": 2018,
            "quarter": 4,
            "eps": 1.5,
            "eps_growth_year": -31.41,
            "eps_4q": 8.25,
            "eps_4q_growth_year": null,
            "roe": 4.51,
            "roe_4q": 25.949999999999996,
            "gross_profit": 254698,
            "gross_margin": 27.68,
            "gross_margin_4q_avg": 23.16,
            "net_income": 101620,
            "revenue": 920191,
            "common_shares": 339280,
            "book_valuer_per_share": 67.96,
            "book_valuer_per_share_4q_avg": 64.83,
            "equity": 2305811,
            "current_ratio": 225.15,
            "debt_ratio": 47.5,
            "inventory_turnover_ratio": 2.18,
            "account_receivable_turnover_ratio": 0.63,
            "reinvestment_rate": null,
            "research_to_sale_ratio": 3.68,
            "price_fair": 465.73,
            "eps_avg_yearly": 13.31,
            "eps_latest_yearly": 6,
            "eps_growth_yearly": 42.68
        },
        "20191": {
            "year_quarter": 20191,
            "year": 2019,
            "quarter": 1,
            "eps": 4.62,
            "eps_growth_year": 83.33,
            "eps_4q": 9.3,
            "eps_4q_growth_year": 56.91,
            "roe": 6.54,
            "roe_4q": 28.41,
            "gross_profit": 326832,
            "gross_margin": 26.65,
            "gross_margin_4q_avg": 24.66,
            "net_income": 156583,
            "revenue": 1226426,
            "common_shares": 339280,
            "book_valuer_per_share": 73.21,
            "book_valuer_per_share_4q_avg": 66.93,
            "equity": 2483993,
            "current_ratio": 252.62,
            "debt_ratio": 43.87,
            "inventory_turnover_ratio": 2.32,
            "account_receivable_turnover_ratio": 0.84,
            "reinvestment_rate": null,
            "research_to_sale_ratio": 1.98,
            "price_fair": 491.6,
            "eps_avg_yearly": 14.05,
            "eps_latest_yearly": 18.48,
            "eps_growth_yearly": 155.44
        },
        "20192": {
            "year_quarter": 20192,
            "year": 2019,
            "quarter": 2,
            "eps": 1.73,
            "eps_growth_year": -75.56,
            "eps_4q": 6.63,
            "eps_4q_growth_year": -19.14,
            "roe": 2.61,
            "roe_4q": 19.84,
            "gross_profit": 156302,
            "gross_margin": 15.44,
            "gross_margin_4q_avg": 23.39,
            "net_income": 58781,
            "revenue": 1012262,
            "common_shares": 339280,
            "book_valuer_per_share": 59.55,
            "book_valuer_per_share_4q_avg": 66.38,
            "equity": 2020485,
            "current_ratio": 195.9,
            "debt_ratio": 53.66,
            "inventory_turnover_ratio": 1.77,
            "account_receivable_turnover_ratio": 0.75,
            "reinvestment_rate": null,
            "research_to_sale_ratio": 3.32,
            "price_fair": 460.43,
            "eps_avg_yearly": 13.16,
            "eps_latest_yearly": 6.92,
            "eps_growth_yearly": 104.74
        },
        "20193": {
            "year_quarter": 20193,
            "year": 2019,
            "quarter": 3,
            "eps": 4.61,
            "eps_growth_year": 17.9,
            "eps_4q": 6.98,
            "eps_4q_growth_year": -21.91,
            "roe": 7.53,
            "roe_4q": 21.189999999999998,
            "gross_profit": 288134,
            "gross_margin": 27.01,
            "gross_margin_4q_avg": 24.2,
            "net_income": 156556,
            "revenue": 1066855,
            "common_shares": 339280,
            "book_valuer_per_share": 63.07,
            "book_valuer_per_share_4q_avg": 65.95,
            "equity": 2139858,
            "current_ratio": 240.24,
            "debt_ratio": 45.8,
            "inventory_turnover_ratio": 1.77,
            "account_receivable_turnover_ratio": 0.78,
            "reinvestment_rate": null,
            "research_to_sale_ratio": 2.5,
            "price_fair": 480.98,
            "eps_avg_yearly": 13.74,
            "eps_latest_yearly": 18.44,
            "eps_growth_yearly": 167.09
        },
        "20194": {
            "year_quarter": 20194,
            "year": 2019,
            "quarter": 4,
            "eps": 1.84,
            "eps_growth_year": 23.03,
            "eps_4q": 7.32,
            "eps_4q_growth_year": -11.24,
            "roe": 5.7,
            "roe_4q": 22.38,
            "gross_profit": 295779,
            "gross_margin": 26.87,
            "gross_margin_4q_avg": 23.99,
            "net_income": 125021,
            "revenue": 1100727,
            "common_shares": 339280,
            "book_valuer_per_share": 66.22,
            "book_valuer_per_share_4q_avg": 65.51,
            "equity": 2246762,
            "current_ratio": 227.59,
            "debt_ratio": 48.13,
            "inventory_turnover_ratio": 1.88,
            "account_receivable_turnover_ratio": 0.82,
            "reinvestment_rate": null,
            "research_to_sale_ratio": 2.15,
            "price_fair": 458.64,
            "eps_avg_yearly": 13.1,
            "eps_latest_yearly": 7.36,
            "eps_growth_yearly": 126.34
        },
        "20201": {
            "year_quarter": 20201,
            "year": 2020,
            "quarter": 1,
            "eps": 2.71,
            "eps_growth_year": -41.34,
            "eps_4q": 6.37,
            "eps_4q_growth_year": -31.48,
            "roe": 4.02,
            "roe_4q": 19.86,
            "gross_profit": 166486,
            "gross_margin": 17.68,
            "gross_margin_4q_avg": 21.75,
            "net_income": 91900,
            "revenue": 941904,
            "common_shares": 339280,
            "book_valuer_per_share": 68.46,
            "book_valuer_per_share_4q_avg": 64.33,
            "equity": 2322866,
            "current_ratio": 297.36,
            "debt_ratio": 39.37,
            "inventory_turnover_ratio": 1.51,
            "account_receivable_turnover_ratio": 0.83,
            "reinvestment_rate": null,
            "research_to_sale_ratio": 2.74,
            "price_fair": 451.44,
            "eps_avg_yearly": 12.9,
            "eps_latest_yearly": 10.84,
            "eps_growth_yearly": 132.05
        },
        "20202": {
            "year_quarter": 20202,
            "year": 2020,
            "quarter": 2,
            "eps": 4.29,
            "eps_growth_year": 147.98,
            "eps_4q": 7.65,
            "eps_4q_growth_year": 15.5,
            "roe": 6.57,
            "roe_4q": 23.82,
            "gross_profit": 319960,
            "gross_margin": 28.07,
            "gross_margin_4q_avg": 24.91,
            "net_income": 145733,
            "revenue": 1139802,
            "common_shares": 339280,
            "book_valuer_per_share": 62.25,
            "book_valuer_per_share_4q_avg": 65,
            "equity": 2111941,
            "current_ratio": 202.92,
            "debt_ratio": 52.99,
            "inventory_turnover_ratio": 2.07,
            "account_receivable_turnover_ratio": 1.07,
            "reinvestment_rate": null,
            "research_to_sale_ratio": 2.25,
            "price_fair": 463.87,
            "eps_avg_yearly": 13.25,
            "eps_latest_yearly": 17.16,
            "eps_growth_yearly": 140.48
        },
        "20203": {
            "year_quarter": 20203,
            "year": 2020,
            "quarter": 3,
            "eps": 2.63,
            "eps_growth_year": -42.95,
            "eps_4q": 6.66,
            "eps_4q_growth_year": -4.61,
            "roe": 4.11,
            "roe_4q": 20.4,
            "gross_profit": 225936,
            "gross_margin": 25.46,
            "gross_margin_4q_avg": 24.52,
            "net_income": 89039,
            "revenue": 887412,
            "common_shares": 339280,
            "book_valuer_per_share": 65.59,
            "book_valuer_per_share_4q_avg": 65.63,
            "equity": 2225334,
            "current_ratio": 214.98,
            "debt_ratio": 50.8,
            "inventory_turnover_ratio": 2.86,
            "account_receivable_turnover_ratio": 0.7,
            "reinvestment_rate": null,
            "research_to_sale_ratio": 4.11,
            "price_fair": 456.51,
            "eps_avg_yearly": 13.04,
            "eps_latest_yearly": 10.52,
            "eps_growth_yearly": 117.77
        },
        "20204": {
            "year_quarter": 20204,
            "year": 2020,
            "quarter": 4,
            "eps": 1.19,
            "eps_growth_year": -35.43,
            "eps_4q": 6,
            "eps_4q_growth_year": -18.02,
            "roe": 3.55,
            "roe_4q": 18.25,
            "gross_profit": 243151,
            "gross_margin": 26.77,
            "gross_margin_4q_avg": 24.5,
            "net_income": 80720,
            "revenue": 908326,
            "common_shares": 339280,
            "book_valuer_per_share": 68.62,
            "book_valuer_per_share_4q_avg": 66.23,
            "equity": 2328206,
            "current_ratio": 203,
            "debt_ratio": 52.03,
            "inventory_turnover_ratio": 3.42,
            "account_receivable_turnover_ratio": 0.61,
            "reinvestment_rate": null,
            "research_to_sale_ratio": 3.35,
            "price_fair": 435.8,
            "eps_avg_yearly": 12.45,
            "eps_latest_yearly": 4.76,
            "eps_growth_yearly": 93.71
        },
        "20211": {
            "year_quarter": 20211,
            "year": 2021,
            "quarter": 1,
            "eps": 1.91,
            "eps_growth_year": -29.52,
            "eps_4q": 5.6,
            "eps_4q_growth_year": -12.05,
            "roe": 2.73,
            "roe_4q": 16.96,
            "gross_profit": 170269,
            "gross_margin": 21.67,
            "gross_margin_4q_avg": 25.49,
            "net_income": 64671,
            "revenue": 785829,
            "common_shares": 339280,
            "book_valuer_per_share": 62.38,
            "book_valuer_per_share_4q_avg": 64.71,
            "equity": 2408603,
            "current_ratio": 181.81,
            "debt_ratio": 57.6,
            "inventory_turnover_ratio": 3.12,
            "account_receivable_turnover_ratio": 0.49,
            "reinvestment_rate": 14.02,
            "research_to_sale_ratio": 3.15,
            "price_fair": 424.57,
            "eps_avg_yearly": 12.13,
            "eps_latest_yearly": 7.64,
            "eps_growth_yearly": 103.6
        },
        "20212": {
            "year_quarter": 20212,
            "year": 2021,
            "quarter": 2,
            "eps": 4.43,
            "eps_growth_year": 3.26,
            "eps_4q": 5.67,
            "eps_4q_growth_year": -25.9,
            "roe": 6.71,
            "roe_4q": 17.099999999999998,
            "gross_profit": 386565,
            "gross_margin": 23.45,
            "gross_margin_4q_avg": 24.34,
            "net_income": 166820,
            "revenue": 1648303,
            "common_shares": 339280,
            "book_valuer_per_share": 66.51,
            "book_valuer_per_share_4q_avg": 65.78,
            "equity": 2565164,
            "current_ratio": 172.95,
            "debt_ratio": 59.4,
            "inventory_turnover_ratio": 3.93,
            "account_receivable_turnover_ratio": 0.93,
            "reinvestment_rate": 8.97,
            "research_to_sale_ratio": 2.59,
            "price_fair": 436.8,
            "eps_avg_yearly": 12.48,
            "eps_latest_yearly": 17.72,
            "eps_growth_yearly": 130.11
        },
        "20213": {
            "year_quarter": 20213,
            "year": 2021,
            "quarter": 3,
            "eps": 3.99,
            "eps_growth_year": 51.71,
            "eps_4q": 6.35,
            "eps_4q_growth_year": -4.57,
            "roe": 5.25,
            "roe_4q": 18.240000000000002,
            "gross_profit": 307523,
            "gross_margin": 18.66,
            "gross_margin_4q_avg": 22.64,
            "net_income": 137963,
            "revenue": 1647938,
            "common_shares": 339280,
            "book_valuer_per_share": 70.24,
            "book_valuer_per_share_4q_avg": 66.94,
            "equity": 2694333,
            "current_ratio": 188.66,
            "debt_ratio": 55.45,
            "inventory_turnover_ratio": 3.14,
            "account_receivable_turnover_ratio": 0.88,
            "reinvestment_rate": 8.4,
            "research_to_sale_ratio": 1.54,
            "price_fair": 447.48,
            "eps_avg_yearly": 12.79,
            "eps_latest_yearly": 15.96,
            "eps_growth_yearly": 128.83
        },
        "20214": {
            "year_quarter": 20214,
            "year": 2021,
            "quarter": 4,
            "eps": 3.21,
            "eps_growth_year": 169.99,
            "eps_4q": 8.37,
            "eps_4q_growth_year": 39.49,
            "roe": 8.93,
            "roe_4q": 23.62,
            "gross_profit": 524663,
            "gross_margin": 24.09,
            "gross_margin_4q_avg": 21.97,
            "net_income": 254418,
            "revenue": 2177788,
            "common_shares": 339280,
            "book_valuer_per_share": 76.93,
            "book_valuer_per_share_4q_avg": 69.02,
            "equity": 3001874,
            "current_ratio": 187.68,
            "debt_ratio": 54.74,
            "inventory_turnover_ratio": 3.89,
            "account_receivable_turnover_ratio": 1.09,
            "reinvestment_rate": 7.9,
            "research_to_sale_ratio": 2.49,
            "price_fair": 456.49,
            "eps_avg_yearly": 13.04,
            "eps_latest_yearly": 12.84,
            "eps_growth_yearly": 129.27
        },
        "20221": {
            "year_quarter": 20221,
            "year": 2022,
            "quarter": 1,
            "eps": 5.17,
            "eps_growth_year": 170.68,
            "eps_4q": 10.01,
            "eps_4q_growth_year": 78.62,
            "roe": 7.68,
            "roe_4q": 28.57,
            "gross_profit": 413573,
            "gross_margin": 24.64,
            "gross_margin_4q_avg": 22.71,
            "net_income": 225573,
            "revenue": 1678334,
            "common_shares": 339280,
            "book_valuer_per_share": 71.53,
            "book_valuer_per_share_4q_avg": 71.3,
            "equity": 2868802,
            "current_ratio": 170.06,
            "debt_ratio": 58.88,
            "inventory_turnover_ratio": 2.17,
            "account_receivable_turnover_ratio": 0.78,
            "reinvestment_rate": 7.31,
            "research_to_sale_ratio": 2.63,
            "price_fair": 479.68,
            "eps_avg_yearly": 13.71,
            "eps_latest_yearly": 20.68,
            "eps_growth_yearly": 140.63
        },
        "20222": {
            "year_quarter": 20222,
            "year": 2022,
            "quarter": 2,
            "eps": 5.43,
            "eps_growth_year": 22.57,
            "eps_4q": 10.51,
            "eps_4q_growth_year": 85.28,
            "roe": 7.7,
            "roe_4q": 29.56,
            "gross_profit": 427565,
            "gross_margin": 22.97,
            "gross_margin_4q_avg": 22.59,
            "net_income": 226455,
            "revenue": 1861664,
            "common_shares": 339280,
            "book_valuer_per_share": 76.08,
            "book_valuer_per_share_4q_avg": 73.7,
            "equity": 3014537,
            "current_ratio": 160.43,
            "debt_ratio": 61.81,
            "inventory_turnover_ratio": 1.71,
            "account_receivable_turnover_ratio": 0.83,
            "reinvestment_rate": 7.71,
            "research_to_sale_ratio": 2.35,
            "price_fair": 465.24,
            "eps_avg_yearly": 13.29,
            "eps_latest_yearly": 21.72,
            "eps_growth_yearly": 96.65
        },
        "20223": {
            "year_quarter": 20223,
            "year": 2022,
            "quarter": 3,
            "eps": 3.89,
            "eps_growth_year": -2.51,
            "eps_4q": 12.4,
            "eps_4q_growth_year": 95.14,
            "roe": 9.55,
            "roe_4q": 33.86,
            "gross_profit": 476403,
            "gross_margin": 18.84,
            "gross_margin_4q_avg": 22.64,
            "net_income": 302609,
            "revenue": 2528426,
            "common_shares": 339280,
            "book_valuer_per_share": 42,
            "book_valuer_per_share_4q_avg": 66.64,
            "equity": 3322370,
            "current_ratio": 165.9,
            "debt_ratio": 59.69,
            "inventory_turnover_ratio": 2.01,
            "account_receivable_turnover_ratio": 1.03,
            "reinvestment_rate": 11.39,
            "research_to_sale_ratio": 1.19,
            "price_fair": 465.06,
            "eps_avg_yearly": 13.29,
            "eps_latest_yearly": 15.56,
            "eps_growth_yearly": 100.76
        },
        "20224": {
            "year_quarter": 20224,
            "year": 2022,
            "quarter": 4,
            "eps": 2.55,
            "eps_growth_year": -20.46,
            "eps_4q": 11.74,
            "eps_4q_growth_year": 40.18,
            "roe": 5.94,
            "roe_4q": 30.87,
            "gross_profit": 604909,
            "gross_margin": 23.96,
            "gross_margin_4q_avg": 22.6,
            "net_income": 200920,
            "revenue": 2524559,
            "common_shares": 339280,
            "book_valuer_per_share": 43.34,
            "book_valuer_per_share_4q_avg": 58.24,
            "equity": 3440488,
            "current_ratio": 184.8,
            "debt_ratio": 62.42,
            "inventory_turnover_ratio": 1.65,
            "account_receivable_turnover_ratio": 1.11,
            "reinvestment_rate": 9.62,
            "research_to_sale_ratio": 3.74,
            "price_fair": 474.25,
            "eps_avg_yearly": 13.55,
            "eps_latest_yearly": 10.2,
            "eps_growth_yearly": 107.55
        },
        "20231": {
            "year_quarter": 20231,
            "year": 2023,
            "quarter": 1,
            "eps": 1.55,
            "eps_growth_year": -70.02,
            "eps_4q": 10.7,
            "eps_4q_growth_year": 6.94,
            "roe": 4.06,
            "roe_4q": 27.25,
            "gross_profit": 347946,
            "gross_margin": 22.21,
            "gross_margin_4q_avg": 22,
            "net_income": 134310,
            "revenue": 1566721,
            "common_shares": 339337,
            "book_valuer_per_share": 39.05,
            "book_valuer_per_share_4q_avg": 50.12,
            "equity": 3179683,
            "current_ratio": 175.15,
            "debt_ratio": 64.69,
            "inventory_turnover_ratio": 0.85,
            "account_receivable_turnover_ratio": 0.8,
            "reinvestment_rate": 10.6,
            "research_to_sale_ratio": 3.6,
            "price_fair": 447.39,
            "eps_avg_yearly": 12.78,
            "eps_latest_yearly": 6.2,
            "eps_growth_yearly": 45.75
        }
    },
    "months": {
        "2016-12": {
            "month": "2016-12",
            "price": "84.83",
            "revenue": 151014
        },
        "2017-01": {
            "month": "2017-01",
            "price": "91.71",
            "revenue": 261031
        },
        "2017-02": {
            "month": "2017-02",
            "price": "101.97",
            "revenue": 323898
        },
        "2017-03": {
            "month": "2017-03",
            "price": "136.52",
            "revenue": 305115
        },
        "2017-04": {
            "month": "2017-04",
            "price": "157.40",
            "revenue": 73997
        },
        "2017-05": {
            "month": "2017-05",
            "price": "157.37",
            "revenue": 206093
        },
        "2017-06": {
            "month": "2017-06",
            "price": "165.95",
            "revenue": 281347
        },
        "2017-07": {
            "month": "2017-07",
            "price": "172.03",
            "revenue": 98540
        },
        "2017-08": {
            "month": "2017-08",
            "price": "186.36",
            "revenue": 405660
        },
        "2017-09": {
            "month": "2017-09",
            "price": "186.18",
            "revenue": 246999
        },
        "2017-10": {
            "month": "2017-10",
            "price": "187.26",
            "revenue": 121875
        },
        "2017-11": {
            "month": "2017-11",
            "price": "185.79",
            "revenue": 616903
        },
        "2017-12": {
            "month": "2017-12",
            "price": "186.33",
            "revenue": 401084
        },
        "2018-01": {
            "month": "2018-01",
            "price": "174.70",
            "revenue": 402322
        },
        "2018-02": {
            "month": "2018-02",
            "price": "172.35",
            "revenue": 279510
        },
        "2018-03": {
            "month": "2018-03",
            "price": "180.52",
            "revenue": 603426
        },
        "2018-04": {
            "month": "2018-04",
            "price": "200.00",
            "revenue": 518381
        },
        "2018-05": {
            "month": "2018-05",
            "price": "183.41",
            "revenue": 489003
        },
        "2018-06": {
            "month": "2018-06",
            "price": "182.38",
            "revenue": 591911
        },
        "2018-07": {
            "month": "2018-07",
            "price": "181.95",
            "revenue": 242500
        },
        "2018-08": {
            "month": "2018-08",
            "price": "185.52",
            "revenue": 347147
        },
        "2018-09": {
            "month": "2018-09",
            "price": "173.03",
            "revenue": 472312
        },
        "2018-10": {
            "month": "2018-10",
            "price": "154.73",
            "revenue": 327892
        },
        "2018-11": {
            "month": "2018-11",
            "price": "150.48",
            "revenue": 251317
        },
        "2018-12": {
            "month": "2018-12",
            "price": "146.74",
            "revenue": 340982
        },
        "2019-01": {
            "month": "2019-01",
            "price": "137.95",
            "revenue": 543826
        },
        "2019-02": {
            "month": "2019-02",
            "price": "157.31",
            "revenue": 199316
        },
        "2019-03": {
            "month": "2019-03",
            "price": "171.55",
            "revenue": 483284
        },
        "2019-04": {
            "month": "2019-04",
            "price": "172.45",
            "revenue": 387430
        },
        "2019-05": {
            "month": "2019-05",
            "price": "172.82",
            "revenue": 413583
        },
        "2019-06": {
            "month": "2019-06",
            "price": "169.82",
            "revenue": 211249
        },
        "2019-07": {
            "month": "2019-07",
            "price": "155.74",
            "revenue": 296596
        },
        "2019-08": {
            "month": "2019-08",
            "price": "145.83",
            "revenue": 343282
        },
        "2019-09": {
            "month": "2019-09",
            "price": "148.84",
            "revenue": 426977
        },
        "2019-10": {
            "month": "2019-10",
            "price": "150.93",
            "revenue": 297882
        },
        "2019-11": {
            "month": "2019-11",
            "price": "157.62",
            "revenue": 455693
        },
        "2019-12": {
            "month": "2019-12",
            "price": "163.43",
            "revenue": 347151
        },
        "2020-01": {
            "month": "2020-01",
            "price": "161.33",
            "revenue": 293027
        },
        "2020-02": {
            "month": "2020-02",
            "price": "149.76",
            "revenue": 259065
        },
        "2020-03": {
            "month": "2020-03",
            "price": "141.52",
            "revenue": 389812
        },
        "2020-04": {
            "month": "2020-04",
            "price": "139.72",
            "revenue": 374101
        },
        "2020-05": {
            "month": "2020-05",
            "price": "149.50",
            "revenue": 390155
        },
        "2020-06": {
            "month": "2020-06",
            "price": "152.98",
            "revenue": 375545
        },
        "2020-07": {
            "month": "2020-07",
            "price": "140.93",
            "revenue": 246123
        },
        "2020-08": {
            "month": "2020-08",
            "price": "143.60",
            "revenue": 357986
        },
        "2020-09": {
            "month": "2020-09",
            "price": "140.98",
            "revenue": 283303
        },
        "2020-10": {
            "month": "2020-10",
            "price": "135.16",
            "revenue": 200287
        },
        "2020-11": {
            "month": "2020-11",
            "price": "136.14",
            "revenue": 288161
        },
        "2020-12": {
            "month": "2020-12",
            "price": "139.00",
            "revenue": 419878
        },
        "2021-01": {
            "month": "2021-01",
            "price": "138.15",
            "revenue": 225260
        },
        "2021-02": {
            "month": "2021-02",
            "price": "138.54",
            "revenue": 222594
        },
        "2021-03": {
            "month": "2021-03",
            "price": "140.77",
            "revenue": 337975
        },
        "2021-04": {
            "month": "2021-04",
            "price": "142.87",
            "revenue": 488100
        },
        "2021-05": {
            "month": "2021-05",
            "price": "134.33",
            "revenue": 548978
        },
        "2021-06": {
            "month": "2021-06",
            "price": "137.83",
            "revenue": 611225
        },
        "2021-07": {
            "month": "2021-07",
            "price": "140.77",
            "revenue": 572297
        },
        "2021-08": {
            "month": "2021-08",
            "price": "146.16",
            "revenue": 500896
        },
        "2021-09": {
            "month": "2021-09",
            "price": "143.58",
            "revenue": 574745
        },
        "2021-10": {
            "month": "2021-10",
            "price": "143.60",
            "revenue": 625271
        },
        "2021-11": {
            "month": "2021-11",
            "price": "153.11",
            "revenue": 667879
        },
        "2021-12": {
            "month": "2021-12",
            "price": "154.52",
            "revenue": 884638
        },
        "2022-01": {
            "month": "2022-01",
            "price": "167.42",
            "revenue": 488877
        },
        "2022-02": {
            "month": "2022-02",
            "price": "167.40",
            "revenue": 375873
        },
        "2022-03": {
            "month": "2022-03",
            "price": "170.41",
            "revenue": 813584
        },
        "2022-04": {
            "month": "2022-04",
            "price": "167.21",
            "revenue": 488289
        },
        "2022-05": {
            "month": "2022-05",
            "price": "166.36",
            "revenue": 558888
        },
        "2022-06": {
            "month": "2022-06",
            "price": "164.71",
            "revenue": 814487
        },
        "2022-07": {
            "month": "2022-07",
            "price": "146.43",
            "revenue": 846724
        },
        "2022-08": {
            "month": "2022-08",
            "price": "148.01",
            "revenue": 785209
        },
        "2022-09": {
            "month": "2022-09",
            "price": "89.11",
            "revenue": 896493
        },
        "2022-10": {
            "month": "2022-10",
            "price": "82.22",
            "revenue": 625545
        },
        "2022-11": {
            "month": "2022-11",
            "price": "83.26",
            "revenue": 1076354
        },
        "2022-12": {
            "month": "2022-12",
            "price": "89.81",
            "revenue": 822660
        },
        "2023-01": {
            "month": "2023-01",
            "price": "88.68",
            "revenue": 459834
        },
        "2023-02": {
            "month": "2023-02",
            "price": "96.33",
            "revenue": 466062
        },
        "2023-03": {
            "month": "2023-03",
            "price": "101.07",
            "revenue": 640825
        },
        "2023-04": {
            "month": "2023-04",
            "price": "101.74",
            "revenue": 769833
        },
        "2023-05": {
            "month": "2023-05",
            "price": "102.48",
            "revenue": 783886
        }
    }
}
