{
    "summary": {
        "stock_name": "興航",
        "stock_id": "6702",
        "category": "航運",
        "main_business": "定期航空航線客貨郵運輸業務<BR>不定期航空航線客貨包機運輸業務<BR>根據交通部民用航空局規定特種航空運輸業務",
        "website_url": "",
        "ceo": "吳滬生",
        "pe_ratio": -0,
        "report_year_from": 2001,
        "report_year_to": 2017,
        "age": 22,
        "eps_negative_percentage": 33,
        "eps_growth_avg": {
            "last_all": -9.37,
            "last_2y": 0,
            "last_4y": -9.37,
            "last_8y": null,
            "last_12y": null,
            "last_16y": null,
            "last_20y": null,
            "at_2006_last_3y": null,
            "at_2007_last_3y": null,
            "at_2008_last_3y": null,
            "at_2009_last_3y": null,
            "at_2010_last_3y": null,
            "at_2011_last_3y": null,
            "at_2012_last_3y": null,
            "at_2013_last_3y": null,
            "at_2014_last_3y": null,
            "at_2015_last_3y": -9.37,
            "at_2016_last_3y": 15.69,
            "at_2017_last_3y": 15.69,
            "at_2018_last_3y": 15.69,
            "at_2019_last_3y": 15.69,
            "at_2020_last_3y": 15.69,
            "at_2021_last_3y": 15.69,
            "at_2022_last_3y": 15.69,
            "at_2023_last_3y": 15.69,
            "at_2006_last_all": null,
            "at_2007_last_all": null,
            "at_2008_last_all": null,
            "at_2009_last_all": null,
            "at_2010_last_all": null,
            "at_2011_last_all": null,
            "at_2012_last_all": null,
            "at_2013_last_all": -18.74,
            "at_2014_last_all": 20.84,
            "at_2015_last_all": -9.37,
            "at_2016_last_all": -9.37,
            "at_2017_last_all": -9.37,
            "at_2018_last_all": -9.37,
            "at_2019_last_all": -9.37,
            "at_2020_last_all": -9.37,
            "at_2021_last_all": -9.37,
            "at_2022_last_all": -9.37,
            "at_2023_last_all": -9.37
        },
        "latest_eps": -3.81,
        "latest_price": 0.69,
        "latest_roe": -42.72,
        "latest_gross_margin": -23.48,
        "latest_equity": 5767576,
        "latest_revenue": 2768555,
        "latest_gross_profit": -650093,
        "latest_net_income": -957835,
        "latest_debt_ratio": 74.74,
        "latest_current_ratio": 50.49,
        "latest_account_receivable_turnover_ratio": 6.91,
        "latest_inventory_turnover_ratio": 4.74,
        "latest_reinvestment_rate": null,
        "latest_research_to_sale_ratio": null
    },
    "eps_dividends": {
        "2001": {
            "cash": 0,
            "stock": 0,
            "eps": 0
        },
        "2002": {
            "cash": 0,
            "stock": 0,
            "eps": 0
        },
        "2003": {
            "cash": 0,
            "stock": 0,
            "eps": 0
        },
        "2004": {
            "cash": 0,
            "stock": 0,
            "eps": 0
        },
        "2005": {
            "cash": 0,
            "stock": 0,
            "eps": 0
        },
        "2006": {
            "cash": 0,
            "stock": 0,
            "eps": 0
        },
        "2007": {
            "cash": 0,
            "stock": 0,
            "eps": 0
        },
        "2008": {
            "cash": 0,
            "stock": 0,
            "eps": 0
        },
        "2009": {
            "cash": 0,
            "stock": 0,
            "eps": 0
        },
        "2010": {
            "cash": 0,
            "stock": 0,
            "eps": 0
        },
        "2011": {
            "cash": 0,
            "stock": 0,
            "eps": 1.1
        },
        "2012": {
            "cash": 0,
            "stock": 0,
            "eps": 0.17
        },
        "2013": {
            "cash": 0,
            "stock": 0,
            "eps": 0.25
        },
        "2014": {
            "cash": 0,
            "stock": 0,
            "eps": 0.55
        },
        "2015": {
            "cash": 0,
            "stock": 0,
            "eps": -1.83
        },
        "2016": {
            "cash": 0,
            "stock": 0,
            "eps": -3.41
        }
    },
    "dividends": [],
    "prices": {
        "200101": "無",
        "200102": "無",
        "200103": "無",
        "200104": "無",
        "200105": "無",
        "200106": "無",
        "200107": "無",
        "200108": "無",
        "200109": "無",
        "200110": "無",
        "200111": "無",
        "200112": "無",
        "200201": "無",
        "200202": "無",
        "200203": "無",
        "200204": "無",
        "200205": "無",
        "200206": "無",
        "200207": "無",
        "200208": "無",
        "200209": "無",
        "200210": "無",
        "200211": "無",
        "200212": "無",
        "200301": "無",
        "200302": "無",
        "200303": "無",
        "200304": "無",
        "200305": "無",
        "200306": "無",
        "200307": "無",
        "200308": "無",
        "200309": "無",
        "200310": "無",
        "200311": "無",
        "200312": "無",
        "200401": "無",
        "200402": "無",
        "200403": "無",
        "200404": "無",
        "200405": "無",
        "200406": "無",
        "200407": "無",
        "200408": "無",
        "200409": "無",
        "200410": "無",
        "200411": "無",
        "200412": "無",
        "200501": "無",
        "200502": "無",
        "200503": "無",
        "200504": "無",
        "200505": "無",
        "200506": "無",
        "200507": "無",
        "200508": "無",
        "200509": "無",
        "200510": "無",
        "200511": "無",
        "200512": "無",
        "200601": "無",
        "200602": "無",
        "200603": "無",
        "200604": "無",
        "200605": "無",
        "200606": "無",
        "200607": "無",
        "200608": "無",
        "200609": "無",
        "200610": "無",
        "200611": "無",
        "200612": "無",
        "200701": "無",
        "200702": "無",
        "200703": "無",
        "200704": "無",
        "200705": "無",
        "200706": "無",
        "200707": "無",
        "200708": "無",
        "200709": "無",
        "200710": "無",
        "200711": "無",
        "200712": "無",
        "200801": "無",
        "200802": "無",
        "200803": "無",
        "200804": "無",
        "200805": "無",
        "200806": "無",
        "200807": "無",
        "200808": "無",
        "200809": "無",
        "200810": "無",
        "200811": "無",
        "200812": "無",
        "200901": "無",
        "200902": "無",
        "200903": "無",
        "200904": "無",
        "200905": "無",
        "200906": "無",
        "200907": "無",
        "200908": "無",
        "200909": "無",
        "200910": "無",
        "200911": "無",
        "200912": "無",
        "201001": "無",
        "201002": "無",
        "201003": "無",
        "201004": "無",
        "201005": "無",
        "201006": "無",
        "201007": "無",
        "201008": "無",
        "201009": "無",
        "201010": "無",
        "201011": "18.37",
        "201012": "19.49",
        "201101": "20.15",
        "201102": "19.90",
        "201103": "19.73",
        "201104": "19.72",
        "201105": "19.77",
        "201106": "20.28",
        "201107": "20.39",
        "201108": "19.50",
        "201109": "18.22",
        "201110": "21.15",
        "201111": "19.58",
        "201112": "18.37",
        "201201": "17.99",
        "201202": "20.96",
        "201203": "19.39",
        "201204": "17.09",
        "201205": "16.75",
        "201206": "17.08",
        "201207": "16.44",
        "201208": "15.75",
        "201209": "14.38",
        "201210": "14.11",
        "201211": "14.12",
        "201212": "15.23",
        "201301": "15.52",
        "201302": "14.99",
        "201303": "14.64",
        "201304": "13.70",
        "201305": "13.70",
        "201306": "13.54",
        "201307": "13.13",
        "201308": "12.23",
        "201309": "11.63",
        "201310": "12.32",
        "201311": "12.48",
        "201312": "12.79",
        "201401": "13.03",
        "201402": "12.45",
        "201403": "12.28",
        "201404": "12.08",
        "201405": "11.57",
        "201406": "11.61",
        "201407": "11.78",
        "201408": "11.13",
        "201409": "11.19",
        "201410": "10.79",
        "201411": "11.62",
        "201412": "12.65",
        "201501": "13.55",
        "201502": "11.75",
        "201503": "11.55",
        "201504": "11.68",
        "201505": "10.40",
        "201506": "8.74",
        "201507": "8.98",
        "201508": "7.87",
        "201509": "7.04",
        "201510": "7.24",
        "201511": "7.46",
        "201512": "7.42",
        "201601": "7.49",
        "201602": "7.47",
        "201603": "7.55",
        "201604": "7.34",
        "201605": "6.78",
        "201606": "6.26",
        "201607": "6.30",
        "201608": "6.30",
        "201609": "6.30",
        "201610": "6.17",
        "201611": "5.21",
        "201612": "1.38",
        "201701": "0.67",
        "201702": "無",
        "201703": "無",
        "201704": "無",
        "201705": "無",
        "201706": "無",
        "201707": "無",
        "201708": "無",
        "201709": "無",
        "201710": "無",
        "201711": "無",
        "201712": "無",
        "201801": "無",
        "201802": "無",
        "201803": "無",
        "201804": "無",
        "201805": "無",
        "201806": "無",
        "201807": "無",
        "201808": "無",
        "201809": "無",
        "201810": "無",
        "201811": "無",
        "201812": "無",
        "201901": "無",
        "201902": "無",
        "201903": "無",
        "201904": "無",
        "201905": "無",
        "201906": "無",
        "201907": "無",
        "201908": "無",
        "201909": "無",
        "201910": "無",
        "201911": "無",
        "201912": "無",
        "202001": "無",
        "202002": "無",
        "202003": "無",
        "202004": "無",
        "202005": "無",
        "202006": "無",
        "202007": "無",
        "202008": "無",
        "202009": "無",
        "202010": "無",
        "202011": "無",
        "202012": "無",
        "202101": "無",
        "202102": "無",
        "202103": "無",
        "202104": "無",
        "202105": "無",
        "202106": "無",
        "202107": "無",
        "202108": "無",
        "202109": "無",
        "202110": "無",
        "202111": "無",
        "202112": "無",
        "202201": "無",
        "202202": "無",
        "202203": "無",
        "202204": "無",
        "202205": "無",
        "202206": "無",
        "202207": "無",
        "202208": "無",
        "202209": "無",
        "202210": "無",
        "202211": "無",
        "202212": "無",
        "202301": "無",
        "202302": "無",
        "202303": "無",
        "202304": "無",
        "202305": "無"
    },
    "quarters": {
        "20011": {
            "year_quarter": 20011,
            "year": 2001,
            "quarter": 1,
            "eps": null,
            "eps_growth_year": null,
            "eps_4q": null,
            "eps_4q_growth_year": null,
            "roe": null,
            "roe_4q": 0,
            "gross_profit": null,
            "gross_margin": null,
            "gross_margin_4q_avg": 0,
            "net_income": null,
            "revenue": null,
            "common_shares": null,
            "book_valuer_per_share": null,
            "book_valuer_per_share_4q_avg": 0,
            "equity": null,
            "current_ratio": null,
            "debt_ratio": null,
            "inventory_turnover_ratio": null,
            "account_receivable_turnover_ratio": null,
            "reinvestment_rate": null,
            "research_to_sale_ratio": null,
            "price_fair": 0,
            "eps_avg_yearly": 0,
            "eps_latest_yearly": 0,
            "eps_growth_yearly": 0
        },
        "20012": {
            "year_quarter": 20012,
            "year": 2001,
            "quarter": 2,
            "eps": null,
            "eps_growth_year": null,
            "eps_4q": null,
            "eps_4q_growth_year": null,
            "roe": null,
            "roe_4q": 0,
            "gross_profit": null,
            "gross_margin": null,
            "gross_margin_4q_avg": 0,
            "net_income": null,
            "revenue": null,
            "common_shares": null,
            "book_valuer_per_share": null,
            "book_valuer_per_share_4q_avg": 0,
            "equity": null,
            "current_ratio": null,
            "debt_ratio": null,
            "inventory_turnover_ratio": null,
            "account_receivable_turnover_ratio": null,
            "reinvestment_rate": null,
            "research_to_sale_ratio": null,
            "price_fair": 0,
            "eps_avg_yearly": 0,
            "eps_latest_yearly": 0,
            "eps_growth_yearly": 0
        },
        "20013": {
            "year_quarter": 20013,
            "year": 2001,
            "quarter": 3,
            "eps": null,
            "eps_growth_year": null,
            "eps_4q": null,
            "eps_4q_growth_year": null,
            "roe": null,
            "roe_4q": 0,
            "gross_profit": null,
            "gross_margin": null,
            "gross_margin_4q_avg": 0,
            "net_income": null,
            "revenue": null,
            "common_shares": null,
            "book_valuer_per_share": null,
            "book_valuer_per_share_4q_avg": 0,
            "equity": null,
            "current_ratio": null,
            "debt_ratio": null,
            "inventory_turnover_ratio": null,
            "account_receivable_turnover_ratio": null,
            "reinvestment_rate": null,
            "research_to_sale_ratio": null,
            "price_fair": 0,
            "eps_avg_yearly": 0,
            "eps_latest_yearly": 0,
            "eps_growth_yearly": 0
        },
        "20014": {
            "year_quarter": 20014,
            "year": 2001,
            "quarter": 4,
            "eps": null,
            "eps_growth_year": null,
            "eps_4q": null,
            "eps_4q_growth_year": null,
            "roe": null,
            "roe_4q": 0,
            "gross_profit": null,
            "gross_margin": null,
            "gross_margin_4q_avg": 0,
            "net_income": null,
            "revenue": null,
            "common_shares": 7500000,
            "book_valuer_per_share": 5.4,
            "book_valuer_per_share_4q_avg": 1.35,
            "equity": 4047929,
            "current_ratio": 32.31,
            "debt_ratio": 66.02,
            "inventory_turnover_ratio": null,
            "account_receivable_turnover_ratio": null,
            "reinvestment_rate": null,
            "research_to_sale_ratio": null,
            "price_fair": 0,
            "eps_avg_yearly": 0,
            "eps_latest_yearly": 0,
            "eps_growth_yearly": 0
        },
        "20021": {
            "year_quarter": 20021,
            "year": 2002,
            "quarter": 1,
            "eps": null,
            "eps_growth_year": null,
            "eps_4q": null,
            "eps_4q_growth_year": null,
            "roe": null,
            "roe_4q": 0,
            "gross_profit": null,
            "gross_margin": null,
            "gross_margin_4q_avg": 0,
            "net_income": null,
            "revenue": null,
            "common_shares": null,
            "book_valuer_per_share": null,
            "book_valuer_per_share_4q_avg": 1.35,
            "equity": null,
            "current_ratio": null,
            "debt_ratio": null,
            "inventory_turnover_ratio": null,
            "account_receivable_turnover_ratio": null,
            "reinvestment_rate": null,
            "research_to_sale_ratio": null,
            "price_fair": 0,
            "eps_avg_yearly": 0,
            "eps_latest_yearly": 0,
            "eps_growth_yearly": 0
        },
        "20022": {
            "year_quarter": 20022,
            "year": 2002,
            "quarter": 2,
            "eps": null,
            "eps_growth_year": null,
            "eps_4q": null,
            "eps_4q_growth_year": null,
            "roe": null,
            "roe_4q": 0,
            "gross_profit": null,
            "gross_margin": null,
            "gross_margin_4q_avg": 0,
            "net_income": null,
            "revenue": null,
            "common_shares": null,
            "book_valuer_per_share": null,
            "book_valuer_per_share_4q_avg": 1.35,
            "equity": null,
            "current_ratio": null,
            "debt_ratio": null,
            "inventory_turnover_ratio": null,
            "account_receivable_turnover_ratio": null,
            "reinvestment_rate": null,
            "research_to_sale_ratio": null,
            "price_fair": 0,
            "eps_avg_yearly": 0,
            "eps_latest_yearly": 0,
            "eps_growth_yearly": 0
        },
        "20023": {
            "year_quarter": 20023,
            "year": 2002,
            "quarter": 3,
            "eps": null,
            "eps_growth_year": null,
            "eps_4q": null,
            "eps_4q_growth_year": null,
            "roe": null,
            "roe_4q": 0,
            "gross_profit": null,
            "gross_margin": null,
            "gross_margin_4q_avg": 0,
            "net_income": null,
            "revenue": null,
            "common_shares": null,
            "book_valuer_per_share": null,
            "book_valuer_per_share_4q_avg": 1.35,
            "equity": null,
            "current_ratio": null,
            "debt_ratio": null,
            "inventory_turnover_ratio": null,
            "account_receivable_turnover_ratio": null,
            "reinvestment_rate": null,
            "research_to_sale_ratio": null,
            "price_fair": 0,
            "eps_avg_yearly": 0,
            "eps_latest_yearly": 0,
            "eps_growth_yearly": 0
        },
        "20024": {
            "year_quarter": 20024,
            "year": 2002,
            "quarter": 4,
            "eps": null,
            "eps_growth_year": null,
            "eps_4q": null,
            "eps_4q_growth_year": null,
            "roe": null,
            "roe_4q": 0,
            "gross_profit": null,
            "gross_margin": null,
            "gross_margin_4q_avg": 0,
            "net_income": null,
            "revenue": null,
            "common_shares": 4647930,
            "book_valuer_per_share": 10.56,
            "book_valuer_per_share_4q_avg": 2.64,
            "equity": 4910125,
            "current_ratio": 44.91,
            "debt_ratio": 56.27,
            "inventory_turnover_ratio": null,
            "account_receivable_turnover_ratio": null,
            "reinvestment_rate": null,
            "research_to_sale_ratio": null,
            "price_fair": 0,
            "eps_avg_yearly": 0,
            "eps_latest_yearly": 0,
            "eps_growth_yearly": 0
        },
        "20031": {
            "year_quarter": 20031,
            "year": 2003,
            "quarter": 1,
            "eps": null,
            "eps_growth_year": null,
            "eps_4q": null,
            "eps_4q_growth_year": null,
            "roe": null,
            "roe_4q": 0,
            "gross_profit": null,
            "gross_margin": null,
            "gross_margin_4q_avg": 0,
            "net_income": null,
            "revenue": null,
            "common_shares": null,
            "book_valuer_per_share": null,
            "book_valuer_per_share_4q_avg": 2.64,
            "equity": null,
            "current_ratio": null,
            "debt_ratio": null,
            "inventory_turnover_ratio": null,
            "account_receivable_turnover_ratio": null,
            "reinvestment_rate": null,
            "research_to_sale_ratio": null,
            "price_fair": 0,
            "eps_avg_yearly": 0,
            "eps_latest_yearly": 0,
            "eps_growth_yearly": 0
        },
        "20032": {
            "year_quarter": 20032,
            "year": 2003,
            "quarter": 2,
            "eps": null,
            "eps_growth_year": null,
            "eps_4q": null,
            "eps_4q_growth_year": null,
            "roe": null,
            "roe_4q": 0,
            "gross_profit": null,
            "gross_margin": null,
            "gross_margin_4q_avg": 0,
            "net_income": null,
            "revenue": null,
            "common_shares": null,
            "book_valuer_per_share": null,
            "book_valuer_per_share_4q_avg": 2.64,
            "equity": null,
            "current_ratio": null,
            "debt_ratio": null,
            "inventory_turnover_ratio": null,
            "account_receivable_turnover_ratio": null,
            "reinvestment_rate": null,
            "research_to_sale_ratio": null,
            "price_fair": 0,
            "eps_avg_yearly": 0,
            "eps_latest_yearly": 0,
            "eps_growth_yearly": 0
        },
        "20033": {
            "year_quarter": 20033,
            "year": 2003,
            "quarter": 3,
            "eps": null,
            "eps_growth_year": null,
            "eps_4q": null,
            "eps_4q_growth_year": null,
            "roe": null,
            "roe_4q": 0,
            "gross_profit": null,
            "gross_margin": null,
            "gross_margin_4q_avg": 0,
            "net_income": null,
            "revenue": null,
            "common_shares": null,
            "book_valuer_per_share": null,
            "book_valuer_per_share_4q_avg": 2.64,
            "equity": null,
            "current_ratio": null,
            "debt_ratio": null,
            "inventory_turnover_ratio": null,
            "account_receivable_turnover_ratio": null,
            "reinvestment_rate": null,
            "research_to_sale_ratio": null,
            "price_fair": 0,
            "eps_avg_yearly": 0,
            "eps_latest_yearly": 0,
            "eps_growth_yearly": 0
        },
        "20034": {
            "year_quarter": 20034,
            "year": 2003,
            "quarter": 4,
            "eps": null,
            "eps_growth_year": null,
            "eps_4q": null,
            "eps_4q_growth_year": null,
            "roe": null,
            "roe_4q": 0,
            "gross_profit": null,
            "gross_margin": null,
            "gross_margin_4q_avg": 0,
            "net_income": null,
            "revenue": null,
            "common_shares": 5147791,
            "book_valuer_per_share": 9.89,
            "book_valuer_per_share_4q_avg": 2.47,
            "equity": 5089212,
            "current_ratio": 43.85,
            "debt_ratio": 60.55,
            "inventory_turnover_ratio": null,
            "account_receivable_turnover_ratio": null,
            "reinvestment_rate": null,
            "research_to_sale_ratio": null,
            "price_fair": 0,
            "eps_avg_yearly": 0,
            "eps_latest_yearly": 0,
            "eps_growth_yearly": 0
        },
        "20041": {
            "year_quarter": 20041,
            "year": 2004,
            "quarter": 1,
            "eps": null,
            "eps_growth_year": null,
            "eps_4q": null,
            "eps_4q_growth_year": null,
            "roe": null,
            "roe_4q": 0,
            "gross_profit": null,
            "gross_margin": null,
            "gross_margin_4q_avg": 0,
            "net_income": null,
            "revenue": null,
            "common_shares": null,
            "book_valuer_per_share": null,
            "book_valuer_per_share_4q_avg": 2.47,
            "equity": null,
            "current_ratio": null,
            "debt_ratio": null,
            "inventory_turnover_ratio": null,
            "account_receivable_turnover_ratio": null,
            "reinvestment_rate": null,
            "research_to_sale_ratio": null,
            "price_fair": 0,
            "eps_avg_yearly": 0,
            "eps_latest_yearly": 0,
            "eps_growth_yearly": 0
        },
        "20042": {
            "year_quarter": 20042,
            "year": 2004,
            "quarter": 2,
            "eps": null,
            "eps_growth_year": null,
            "eps_4q": null,
            "eps_4q_growth_year": null,
            "roe": null,
            "roe_4q": 0,
            "gross_profit": null,
            "gross_margin": null,
            "gross_margin_4q_avg": 0,
            "net_income": null,
            "revenue": null,
            "common_shares": null,
            "book_valuer_per_share": null,
            "book_valuer_per_share_4q_avg": 2.47,
            "equity": null,
            "current_ratio": null,
            "debt_ratio": null,
            "inventory_turnover_ratio": null,
            "account_receivable_turnover_ratio": null,
            "reinvestment_rate": null,
            "research_to_sale_ratio": null,
            "price_fair": 0,
            "eps_avg_yearly": 0,
            "eps_latest_yearly": 0,
            "eps_growth_yearly": 0
        },
        "20043": {
            "year_quarter": 20043,
            "year": 2004,
            "quarter": 3,
            "eps": null,
            "eps_growth_year": null,
            "eps_4q": null,
            "eps_4q_growth_year": null,
            "roe": null,
            "roe_4q": 0,
            "gross_profit": null,
            "gross_margin": null,
            "gross_margin_4q_avg": 0,
            "net_income": null,
            "revenue": null,
            "common_shares": null,
            "book_valuer_per_share": null,
            "book_valuer_per_share_4q_avg": 2.47,
            "equity": null,
            "current_ratio": null,
            "debt_ratio": null,
            "inventory_turnover_ratio": null,
            "account_receivable_turnover_ratio": null,
            "reinvestment_rate": null,
            "research_to_sale_ratio": null,
            "price_fair": 0,
            "eps_avg_yearly": 0,
            "eps_latest_yearly": 0,
            "eps_growth_yearly": 0
        },
        "20044": {
            "year_quarter": 20044,
            "year": 2004,
            "quarter": 4,
            "eps": null,
            "eps_growth_year": null,
            "eps_4q": null,
            "eps_4q_growth_year": null,
            "roe": null,
            "roe_4q": 0,
            "gross_profit": null,
            "gross_margin": null,
            "gross_margin_4q_avg": 0,
            "net_income": null,
            "revenue": null,
            "common_shares": 5147791,
            "book_valuer_per_share": 10.38,
            "book_valuer_per_share_4q_avg": 2.6,
            "equity": 5343704,
            "current_ratio": 55.71,
            "debt_ratio": 57.86,
            "inventory_turnover_ratio": null,
            "account_receivable_turnover_ratio": null,
            "reinvestment_rate": null,
            "research_to_sale_ratio": null,
            "price_fair": 0,
            "eps_avg_yearly": 0,
            "eps_latest_yearly": 0,
            "eps_growth_yearly": 0
        },
        "20051": {
            "year_quarter": 20051,
            "year": 2005,
            "quarter": 1,
            "eps": null,
            "eps_growth_year": null,
            "eps_4q": null,
            "eps_4q_growth_year": null,
            "roe": null,
            "roe_4q": 0,
            "gross_profit": null,
            "gross_margin": null,
            "gross_margin_4q_avg": 0,
            "net_income": null,
            "revenue": null,
            "common_shares": null,
            "book_valuer_per_share": null,
            "book_valuer_per_share_4q_avg": 2.6,
            "equity": null,
            "current_ratio": null,
            "debt_ratio": null,
            "inventory_turnover_ratio": null,
            "account_receivable_turnover_ratio": null,
            "reinvestment_rate": null,
            "research_to_sale_ratio": null,
            "price_fair": 0,
            "eps_avg_yearly": 0,
            "eps_latest_yearly": 0,
            "eps_growth_yearly": 0
        },
        "20052": {
            "year_quarter": 20052,
            "year": 2005,
            "quarter": 2,
            "eps": null,
            "eps_growth_year": null,
            "eps_4q": null,
            "eps_4q_growth_year": null,
            "roe": null,
            "roe_4q": 0,
            "gross_profit": null,
            "gross_margin": null,
            "gross_margin_4q_avg": 0,
            "net_income": null,
            "revenue": null,
            "common_shares": null,
            "book_valuer_per_share": null,
            "book_valuer_per_share_4q_avg": 2.6,
            "equity": null,
            "current_ratio": null,
            "debt_ratio": null,
            "inventory_turnover_ratio": null,
            "account_receivable_turnover_ratio": null,
            "reinvestment_rate": null,
            "research_to_sale_ratio": null,
            "price_fair": 0,
            "eps_avg_yearly": 0,
            "eps_latest_yearly": 0,
            "eps_growth_yearly": 0
        },
        "20053": {
            "year_quarter": 20053,
            "year": 2005,
            "quarter": 3,
            "eps": null,
            "eps_growth_year": null,
            "eps_4q": null,
            "eps_4q_growth_year": null,
            "roe": null,
            "roe_4q": 0,
            "gross_profit": null,
            "gross_margin": null,
            "gross_margin_4q_avg": 0,
            "net_income": null,
            "revenue": null,
            "common_shares": null,
            "book_valuer_per_share": null,
            "book_valuer_per_share_4q_avg": 2.6,
            "equity": null,
            "current_ratio": null,
            "debt_ratio": null,
            "inventory_turnover_ratio": null,
            "account_receivable_turnover_ratio": null,
            "reinvestment_rate": null,
            "research_to_sale_ratio": null,
            "price_fair": 0,
            "eps_avg_yearly": 0,
            "eps_latest_yearly": 0,
            "eps_growth_yearly": 0
        },
        "20054": {
            "year_quarter": 20054,
            "year": 2005,
            "quarter": 4,
            "eps": null,
            "eps_growth_year": null,
            "eps_4q": null,
            "eps_4q_growth_year": null,
            "roe": null,
            "roe_4q": 0,
            "gross_profit": null,
            "gross_margin": null,
            "gross_margin_4q_avg": 0,
            "net_income": null,
            "revenue": null,
            "common_shares": 5302225,
            "book_valuer_per_share": 9.87,
            "book_valuer_per_share_4q_avg": 2.47,
            "equity": 5232513,
            "current_ratio": 48.4,
            "debt_ratio": 61,
            "inventory_turnover_ratio": null,
            "account_receivable_turnover_ratio": null,
            "reinvestment_rate": null,
            "research_to_sale_ratio": null,
            "price_fair": 0,
            "eps_avg_yearly": 0,
            "eps_latest_yearly": 0,
            "eps_growth_yearly": 0
        },
        "20061": {
            "year_quarter": 20061,
            "year": 2006,
            "quarter": 1,
            "eps": null,
            "eps_growth_year": null,
            "eps_4q": null,
            "eps_4q_growth_year": null,
            "roe": null,
            "roe_4q": 0,
            "gross_profit": null,
            "gross_margin": null,
            "gross_margin_4q_avg": 0,
            "net_income": null,
            "revenue": null,
            "common_shares": null,
            "book_valuer_per_share": null,
            "book_valuer_per_share_4q_avg": 2.47,
            "equity": null,
            "current_ratio": null,
            "debt_ratio": null,
            "inventory_turnover_ratio": null,
            "account_receivable_turnover_ratio": null,
            "reinvestment_rate": null,
            "research_to_sale_ratio": null,
            "price_fair": 0,
            "eps_avg_yearly": 0,
            "eps_latest_yearly": 0,
            "eps_growth_yearly": 0
        },
        "20062": {
            "year_quarter": 20062,
            "year": 2006,
            "quarter": 2,
            "eps": null,
            "eps_growth_year": null,
            "eps_4q": null,
            "eps_4q_growth_year": null,
            "roe": null,
            "roe_4q": 0,
            "gross_profit": null,
            "gross_margin": null,
            "gross_margin_4q_avg": 0,
            "net_income": null,
            "revenue": null,
            "common_shares": null,
            "book_valuer_per_share": null,
            "book_valuer_per_share_4q_avg": 2.47,
            "equity": null,
            "current_ratio": null,
            "debt_ratio": null,
            "inventory_turnover_ratio": null,
            "account_receivable_turnover_ratio": null,
            "reinvestment_rate": null,
            "research_to_sale_ratio": null,
            "price_fair": 0,
            "eps_avg_yearly": 0,
            "eps_latest_yearly": 0,
            "eps_growth_yearly": 0
        },
        "20063": {
            "year_quarter": 20063,
            "year": 2006,
            "quarter": 3,
            "eps": null,
            "eps_growth_year": null,
            "eps_4q": null,
            "eps_4q_growth_year": null,
            "roe": null,
            "roe_4q": 0,
            "gross_profit": null,
            "gross_margin": null,
            "gross_margin_4q_avg": 0,
            "net_income": null,
            "revenue": null,
            "common_shares": null,
            "book_valuer_per_share": null,
            "book_valuer_per_share_4q_avg": 2.47,
            "equity": null,
            "current_ratio": null,
            "debt_ratio": null,
            "inventory_turnover_ratio": null,
            "account_receivable_turnover_ratio": null,
            "reinvestment_rate": null,
            "research_to_sale_ratio": null,
            "price_fair": 0,
            "eps_avg_yearly": 0,
            "eps_latest_yearly": 0,
            "eps_growth_yearly": 0
        },
        "20064": {
            "year_quarter": 20064,
            "year": 2006,
            "quarter": 4,
            "eps": null,
            "eps_growth_year": null,
            "eps_4q": null,
            "eps_4q_growth_year": null,
            "roe": null,
            "roe_4q": 0,
            "gross_profit": null,
            "gross_margin": null,
            "gross_margin_4q_avg": 0,
            "net_income": null,
            "revenue": null,
            "common_shares": 5302225,
            "book_valuer_per_share": 10.16,
            "book_valuer_per_share_4q_avg": 2.54,
            "equity": 5387367,
            "current_ratio": 69.4,
            "debt_ratio": 60.18,
            "inventory_turnover_ratio": null,
            "account_receivable_turnover_ratio": null,
            "reinvestment_rate": null,
            "research_to_sale_ratio": null,
            "price_fair": 0,
            "eps_avg_yearly": 0,
            "eps_latest_yearly": 0,
            "eps_growth_yearly": 0
        },
        "20071": {
            "year_quarter": 20071,
            "year": 2007,
            "quarter": 1,
            "eps": null,
            "eps_growth_year": null,
            "eps_4q": null,
            "eps_4q_growth_year": null,
            "roe": null,
            "roe_4q": 0,
            "gross_profit": null,
            "gross_margin": null,
            "gross_margin_4q_avg": 0,
            "net_income": null,
            "revenue": null,
            "common_shares": null,
            "book_valuer_per_share": null,
            "book_valuer_per_share_4q_avg": 2.54,
            "equity": null,
            "current_ratio": null,
            "debt_ratio": null,
            "inventory_turnover_ratio": null,
            "account_receivable_turnover_ratio": null,
            "reinvestment_rate": null,
            "research_to_sale_ratio": null,
            "price_fair": 0,
            "eps_avg_yearly": 0,
            "eps_latest_yearly": 0,
            "eps_growth_yearly": 0
        },
        "20072": {
            "year_quarter": 20072,
            "year": 2007,
            "quarter": 2,
            "eps": null,
            "eps_growth_year": null,
            "eps_4q": null,
            "eps_4q_growth_year": null,
            "roe": null,
            "roe_4q": 0,
            "gross_profit": null,
            "gross_margin": null,
            "gross_margin_4q_avg": 0,
            "net_income": null,
            "revenue": null,
            "common_shares": null,
            "book_valuer_per_share": null,
            "book_valuer_per_share_4q_avg": 2.54,
            "equity": null,
            "current_ratio": null,
            "debt_ratio": null,
            "inventory_turnover_ratio": null,
            "account_receivable_turnover_ratio": null,
            "reinvestment_rate": null,
            "research_to_sale_ratio": null,
            "price_fair": 0,
            "eps_avg_yearly": 0,
            "eps_latest_yearly": 0,
            "eps_growth_yearly": 0
        },
        "20073": {
            "year_quarter": 20073,
            "year": 2007,
            "quarter": 3,
            "eps": null,
            "eps_growth_year": null,
            "eps_4q": null,
            "eps_4q_growth_year": null,
            "roe": null,
            "roe_4q": 0,
            "gross_profit": null,
            "gross_margin": null,
            "gross_margin_4q_avg": 0,
            "net_income": null,
            "revenue": null,
            "common_shares": null,
            "book_valuer_per_share": null,
            "book_valuer_per_share_4q_avg": 2.54,
            "equity": null,
            "current_ratio": null,
            "debt_ratio": null,
            "inventory_turnover_ratio": null,
            "account_receivable_turnover_ratio": null,
            "reinvestment_rate": null,
            "research_to_sale_ratio": null,
            "price_fair": 0,
            "eps_avg_yearly": 0,
            "eps_latest_yearly": 0,
            "eps_growth_yearly": 0
        },
        "20074": {
            "year_quarter": 20074,
            "year": 2007,
            "quarter": 4,
            "eps": null,
            "eps_growth_year": null,
            "eps_4q": null,
            "eps_4q_growth_year": null,
            "roe": null,
            "roe_4q": 0,
            "gross_profit": null,
            "gross_margin": null,
            "gross_margin_4q_avg": 0,
            "net_income": null,
            "revenue": null,
            "common_shares": 5302225,
            "book_valuer_per_share": 9.21,
            "book_valuer_per_share_4q_avg": 2.3,
            "equity": 4886020,
            "current_ratio": 53.13,
            "debt_ratio": 61.99,
            "inventory_turnover_ratio": null,
            "account_receivable_turnover_ratio": null,
            "reinvestment_rate": null,
            "research_to_sale_ratio": null,
            "price_fair": 0,
            "eps_avg_yearly": 0,
            "eps_latest_yearly": 0,
            "eps_growth_yearly": 0
        },
        "20081": {
            "year_quarter": 20081,
            "year": 2008,
            "quarter": 1,
            "eps": null,
            "eps_growth_year": null,
            "eps_4q": null,
            "eps_4q_growth_year": null,
            "roe": null,
            "roe_4q": 0,
            "gross_profit": null,
            "gross_margin": null,
            "gross_margin_4q_avg": 0,
            "net_income": null,
            "revenue": null,
            "common_shares": null,
            "book_valuer_per_share": null,
            "book_valuer_per_share_4q_avg": 2.3,
            "equity": null,
            "current_ratio": null,
            "debt_ratio": null,
            "inventory_turnover_ratio": null,
            "account_receivable_turnover_ratio": null,
            "reinvestment_rate": null,
            "research_to_sale_ratio": null,
            "price_fair": 0,
            "eps_avg_yearly": 0,
            "eps_latest_yearly": 0,
            "eps_growth_yearly": 0
        },
        "20082": {
            "year_quarter": 20082,
            "year": 2008,
            "quarter": 2,
            "eps": null,
            "eps_growth_year": null,
            "eps_4q": null,
            "eps_4q_growth_year": null,
            "roe": null,
            "roe_4q": 0,
            "gross_profit": null,
            "gross_margin": null,
            "gross_margin_4q_avg": 0,
            "net_income": null,
            "revenue": null,
            "common_shares": null,
            "book_valuer_per_share": null,
            "book_valuer_per_share_4q_avg": 2.3,
            "equity": null,
            "current_ratio": null,
            "debt_ratio": null,
            "inventory_turnover_ratio": null,
            "account_receivable_turnover_ratio": null,
            "reinvestment_rate": null,
            "research_to_sale_ratio": null,
            "price_fair": 0,
            "eps_avg_yearly": 0,
            "eps_latest_yearly": 0,
            "eps_growth_yearly": 0
        },
        "20083": {
            "year_quarter": 20083,
            "year": 2008,
            "quarter": 3,
            "eps": null,
            "eps_growth_year": null,
            "eps_4q": null,
            "eps_4q_growth_year": null,
            "roe": null,
            "roe_4q": 0,
            "gross_profit": null,
            "gross_margin": null,
            "gross_margin_4q_avg": 0,
            "net_income": null,
            "revenue": null,
            "common_shares": null,
            "book_valuer_per_share": null,
            "book_valuer_per_share_4q_avg": 2.3,
            "equity": null,
            "current_ratio": null,
            "debt_ratio": null,
            "inventory_turnover_ratio": null,
            "account_receivable_turnover_ratio": null,
            "reinvestment_rate": null,
            "research_to_sale_ratio": null,
            "price_fair": 0,
            "eps_avg_yearly": 0,
            "eps_latest_yearly": 0,
            "eps_growth_yearly": 0
        },
        "20084": {
            "year_quarter": 20084,
            "year": 2008,
            "quarter": 4,
            "eps": null,
            "eps_growth_year": null,
            "eps_4q": null,
            "eps_4q_growth_year": null,
            "roe": null,
            "roe_4q": 0,
            "gross_profit": null,
            "gross_margin": null,
            "gross_margin_4q_avg": 0,
            "net_income": null,
            "revenue": null,
            "common_shares": 6152225,
            "book_valuer_per_share": 7.76,
            "book_valuer_per_share_4q_avg": 1.94,
            "equity": 4773266,
            "current_ratio": 60.64,
            "debt_ratio": 61.16,
            "inventory_turnover_ratio": null,
            "account_receivable_turnover_ratio": null,
            "reinvestment_rate": null,
            "research_to_sale_ratio": null,
            "price_fair": 0,
            "eps_avg_yearly": 0,
            "eps_latest_yearly": 0,
            "eps_growth_yearly": 0
        },
        "20091": {
            "year_quarter": 20091,
            "year": 2009,
            "quarter": 1,
            "eps": null,
            "eps_growth_year": null,
            "eps_4q": null,
            "eps_4q_growth_year": null,
            "roe": null,
            "roe_4q": 0,
            "gross_profit": null,
            "gross_margin": null,
            "gross_margin_4q_avg": 0,
            "net_income": null,
            "revenue": null,
            "common_shares": null,
            "book_valuer_per_share": null,
            "book_valuer_per_share_4q_avg": 1.94,
            "equity": null,
            "current_ratio": null,
            "debt_ratio": null,
            "inventory_turnover_ratio": null,
            "account_receivable_turnover_ratio": null,
            "reinvestment_rate": null,
            "research_to_sale_ratio": null,
            "price_fair": 0,
            "eps_avg_yearly": 0,
            "eps_latest_yearly": 0,
            "eps_growth_yearly": 0
        },
        "20092": {
            "year_quarter": 20092,
            "year": 2009,
            "quarter": 2,
            "eps": null,
            "eps_growth_year": null,
            "eps_4q": null,
            "eps_4q_growth_year": null,
            "roe": null,
            "roe_4q": 0,
            "gross_profit": null,
            "gross_margin": null,
            "gross_margin_4q_avg": 0,
            "net_income": null,
            "revenue": null,
            "common_shares": null,
            "book_valuer_per_share": null,
            "book_valuer_per_share_4q_avg": 1.94,
            "equity": null,
            "current_ratio": null,
            "debt_ratio": null,
            "inventory_turnover_ratio": null,
            "account_receivable_turnover_ratio": null,
            "reinvestment_rate": null,
            "research_to_sale_ratio": null,
            "price_fair": 0,
            "eps_avg_yearly": 0,
            "eps_latest_yearly": 0,
            "eps_growth_yearly": 0
        },
        "20093": {
            "year_quarter": 20093,
            "year": 2009,
            "quarter": 3,
            "eps": null,
            "eps_growth_year": null,
            "eps_4q": null,
            "eps_4q_growth_year": null,
            "roe": null,
            "roe_4q": 0,
            "gross_profit": null,
            "gross_margin": null,
            "gross_margin_4q_avg": 0,
            "net_income": null,
            "revenue": null,
            "common_shares": null,
            "book_valuer_per_share": null,
            "book_valuer_per_share_4q_avg": 1.94,
            "equity": null,
            "current_ratio": null,
            "debt_ratio": null,
            "inventory_turnover_ratio": null,
            "account_receivable_turnover_ratio": null,
            "reinvestment_rate": null,
            "research_to_sale_ratio": null,
            "price_fair": 0,
            "eps_avg_yearly": 0,
            "eps_latest_yearly": 0,
            "eps_growth_yearly": 0
        },
        "20094": {
            "year_quarter": 20094,
            "year": 2009,
            "quarter": 4,
            "eps": null,
            "eps_growth_year": null,
            "eps_4q": null,
            "eps_4q_growth_year": null,
            "roe": null,
            "roe_4q": 0,
            "gross_profit": null,
            "gross_margin": null,
            "gross_margin_4q_avg": 0,
            "net_income": null,
            "revenue": null,
            "common_shares": 4806977,
            "book_valuer_per_share": 9.99,
            "book_valuer_per_share_4q_avg": 2.5,
            "equity": 4801316,
            "current_ratio": 73.04,
            "debt_ratio": 57.92,
            "inventory_turnover_ratio": null,
            "account_receivable_turnover_ratio": null,
            "reinvestment_rate": null,
            "research_to_sale_ratio": null,
            "price_fair": 0,
            "eps_avg_yearly": 0,
            "eps_latest_yearly": 0,
            "eps_growth_yearly": 0
        },
        "20101": {
            "year_quarter": 20101,
            "year": 2010,
            "quarter": 1,
            "eps": null,
            "eps_growth_year": null,
            "eps_4q": null,
            "eps_4q_growth_year": null,
            "roe": null,
            "roe_4q": 0,
            "gross_profit": null,
            "gross_margin": null,
            "gross_margin_4q_avg": 0,
            "net_income": null,
            "revenue": null,
            "common_shares": null,
            "book_valuer_per_share": null,
            "book_valuer_per_share_4q_avg": 2.5,
            "equity": null,
            "current_ratio": null,
            "debt_ratio": null,
            "inventory_turnover_ratio": null,
            "account_receivable_turnover_ratio": null,
            "reinvestment_rate": null,
            "research_to_sale_ratio": null,
            "price_fair": 0,
            "eps_avg_yearly": 0,
            "eps_latest_yearly": 0,
            "eps_growth_yearly": 0
        },
        "20102": {
            "year_quarter": 20102,
            "year": 2010,
            "quarter": 2,
            "eps": null,
            "eps_growth_year": null,
            "eps_4q": null,
            "eps_4q_growth_year": null,
            "roe": null,
            "roe_4q": 0,
            "gross_profit": null,
            "gross_margin": null,
            "gross_margin_4q_avg": 0,
            "net_income": null,
            "revenue": null,
            "common_shares": 4806977,
            "book_valuer_per_share": null,
            "book_valuer_per_share_4q_avg": 2.5,
            "equity": 5132817,
            "current_ratio": null,
            "debt_ratio": null,
            "inventory_turnover_ratio": null,
            "account_receivable_turnover_ratio": null,
            "reinvestment_rate": null,
            "research_to_sale_ratio": null,
            "price_fair": 0,
            "eps_avg_yearly": 0,
            "eps_latest_yearly": 0,
            "eps_growth_yearly": 0
        },
        "20103": {
            "year_quarter": 20103,
            "year": 2010,
            "quarter": 3,
            "eps": null,
            "eps_growth_year": null,
            "eps_4q": null,
            "eps_4q_growth_year": null,
            "roe": null,
            "roe_4q": 0,
            "gross_profit": 635354,
            "gross_margin": null,
            "gross_margin_4q_avg": 0,
            "net_income": 372206,
            "revenue": 2447652,
            "common_shares": 4806977,
            "book_valuer_per_share": 11.52,
            "book_valuer_per_share_4q_avg": 5.38,
            "equity": 5535770,
            "current_ratio": 122.66,
            "debt_ratio": 49.12,
            "inventory_turnover_ratio": null,
            "account_receivable_turnover_ratio": null,
            "reinvestment_rate": null,
            "research_to_sale_ratio": null,
            "price_fair": 0,
            "eps_avg_yearly": 0,
            "eps_latest_yearly": 0,
            "eps_growth_yearly": 0
        },
        "20104": {
            "year_quarter": 20104,
            "year": 2010,
            "quarter": 4,
            "eps": null,
            "eps_growth_year": null,
            "eps_4q": null,
            "eps_4q_growth_year": null,
            "roe": null,
            "roe_4q": 0,
            "gross_profit": 433629,
            "gross_margin": null,
            "gross_margin_4q_avg": 0,
            "net_income": 194207,
            "revenue": 2189667,
            "common_shares": 4806977,
            "book_valuer_per_share": 11.84,
            "book_valuer_per_share_4q_avg": 5.84,
            "equity": 5693686,
            "current_ratio": 105.93,
            "debt_ratio": 48.13,
            "inventory_turnover_ratio": null,
            "account_receivable_turnover_ratio": null,
            "reinvestment_rate": null,
            "research_to_sale_ratio": null,
            "price_fair": 0,
            "eps_avg_yearly": 0,
            "eps_latest_yearly": 0,
            "eps_growth_yearly": 0
        },
        "20111": {
            "year_quarter": 20111,
            "year": 2011,
            "quarter": 1,
            "eps": null,
            "eps_growth_year": null,
            "eps_4q": null,
            "eps_4q_growth_year": null,
            "roe": null,
            "roe_4q": 0,
            "gross_profit": 338339,
            "gross_margin": null,
            "gross_margin_4q_avg": 0,
            "net_income": 130412,
            "revenue": 2023874,
            "common_shares": 4806977,
            "book_valuer_per_share": 12.04,
            "book_valuer_per_share_4q_avg": 8.85,
            "equity": 5787114,
            "current_ratio": 110,
            "debt_ratio": 46.34,
            "inventory_turnover_ratio": null,
            "account_receivable_turnover_ratio": null,
            "reinvestment_rate": null,
            "research_to_sale_ratio": null,
            "price_fair": 0,
            "eps_avg_yearly": 0,
            "eps_latest_yearly": 0,
            "eps_growth_yearly": 0
        },
        "20112": {
            "year_quarter": 20112,
            "year": 2011,
            "quarter": 2,
            "eps": 0.45,
            "eps_growth_year": null,
            "eps_4q": 0.45,
            "eps_4q_growth_year": null,
            "roe": 3.76,
            "roe_4q": 3.76,
            "gross_profit": 469446,
            "gross_margin": 21.35,
            "gross_margin_4q_avg": 5.34,
            "net_income": 217480,
            "revenue": 2199077,
            "common_shares": 4806977,
            "book_valuer_per_share": 12.01,
            "book_valuer_per_share_4q_avg": 11.85,
            "equity": 5772951,
            "current_ratio": 90.67,
            "debt_ratio": 49.76,
            "inventory_turnover_ratio": 4.91,
            "account_receivable_turnover_ratio": 17.93,
            "reinvestment_rate": null,
            "research_to_sale_ratio": null,
            "price_fair": 0,
            "eps_avg_yearly": 0,
            "eps_latest_yearly": 0,
            "eps_growth_yearly": 0
        },
        "20113": {
            "year_quarter": 20113,
            "year": 2011,
            "quarter": 3,
            "eps": 0.59,
            "eps_growth_year": null,
            "eps_4q": 1.04,
            "eps_4q_growth_year": null,
            "roe": 4.78,
            "roe_4q": 8.54,
            "gross_profit": 559132,
            "gross_margin": 21.78,
            "gross_margin_4q_avg": 10.78,
            "net_income": 281436,
            "revenue": 2567537,
            "common_shares": 4806977,
            "book_valuer_per_share": 12.5,
            "book_valuer_per_share_4q_avg": 12.1,
            "equity": 6010248,
            "current_ratio": 117.93,
            "debt_ratio": 48.01,
            "inventory_turnover_ratio": 2.86,
            "account_receivable_turnover_ratio": 9.35,
            "reinvestment_rate": null,
            "research_to_sale_ratio": null,
            "price_fair": 82.6,
            "eps_avg_yearly": 2.36,
            "eps_latest_yearly": 2.36,
            "eps_growth_yearly": 124.44
        },
        "20114": {
            "year_quarter": 20114,
            "year": 2011,
            "quarter": 4,
            "eps": 0.06,
            "eps_growth_year": null,
            "eps_4q": 0.96,
            "eps_4q_growth_year": null,
            "roe": 0.52,
            "roe_4q": 9.06,
            "gross_profit": 216826,
            "gross_margin": 9.57,
            "gross_margin_4q_avg": 13.18,
            "net_income": 34636,
            "revenue": 2265802,
            "common_shares": 5542207,
            "book_valuer_per_share": 13.22,
            "book_valuer_per_share_4q_avg": 12.44,
            "equity": 7327696,
            "current_ratio": 106.35,
            "debt_ratio": 38.99,
            "inventory_turnover_ratio": 2.81,
            "account_receivable_turnover_ratio": 7.42,
            "reinvestment_rate": null,
            "research_to_sale_ratio": null,
            "price_fair": 3.9,
            "eps_avg_yearly": 1.3,
            "eps_latest_yearly": 0.24,
            "eps_growth_yearly": -117.44
        },
        "20121": {
            "year_quarter": 20121,
            "year": 2012,
            "quarter": 1,
            "eps": -0.04,
            "eps_growth_year": null,
            "eps_4q": 0.92,
            "eps_4q_growth_year": null,
            "roe": -0.29,
            "roe_4q": 8.77,
            "gross_profit": 166852,
            "gross_margin": 7.25,
            "gross_margin_4q_avg": 14.99,
            "net_income": -21388,
            "revenue": 2302417,
            "common_shares": 5542207,
            "book_valuer_per_share": 13.21,
            "book_valuer_per_share_4q_avg": 12.74,
            "equity": 7322828,
            "current_ratio": 97.64,
            "debt_ratio": 38.89,
            "inventory_turnover_ratio": 2.89,
            "account_receivable_turnover_ratio": 6.86,
            "reinvestment_rate": null,
            "research_to_sale_ratio": null,
            "price_fair": 3.9,
            "eps_avg_yearly": 1.3,
            "eps_latest_yearly": 0.24,
            "eps_growth_yearly": -117.44
        },
        "20122": {
            "year_quarter": 20122,
            "year": 2012,
            "quarter": 2,
            "eps": 0.12,
            "eps_growth_year": -73.31,
            "eps_4q": 0.65,
            "eps_4q_growth_year": 44.22,
            "roe": 0.92,
            "roe_4q": 5.930000000000001,
            "gross_profit": 365807,
            "gross_margin": 14.76,
            "gross_margin_4q_avg": 13.34,
            "net_income": 66927,
            "revenue": 2477589,
            "common_shares": 5542207,
            "book_valuer_per_share": 13.11,
            "book_valuer_per_share_4q_avg": 13.01,
            "equity": 7266651,
            "current_ratio": 79.18,
            "debt_ratio": 41.42,
            "inventory_turnover_ratio": 2.92,
            "account_receivable_turnover_ratio": 6.69,
            "reinvestment_rate": null,
            "research_to_sale_ratio": null,
            "price_fair": 3.9,
            "eps_avg_yearly": 1.3,
            "eps_latest_yearly": 0.24,
            "eps_growth_yearly": -117.44
        },
        "20123": {
            "year_quarter": 20123,
            "year": 2012,
            "quarter": 3,
            "eps": 0.19,
            "eps_growth_year": -66.82,
            "eps_4q": 0.34,
            "eps_4q_growth_year": -67.34,
            "roe": 1.47,
            "roe_4q": 2.62,
            "gross_profit": 381511,
            "gross_margin": 13.99,
            "gross_margin_4q_avg": 11.39,
            "net_income": 107670,
            "revenue": 2727299,
            "common_shares": 5542207,
            "book_valuer_per_share": 13.36,
            "book_valuer_per_share_4q_avg": 13.23,
            "equity": 7402022,
            "current_ratio": 86.46,
            "debt_ratio": 43.68,
            "inventory_turnover_ratio": 3.24,
            "account_receivable_turnover_ratio": 7.84,
            "reinvestment_rate": null,
            "research_to_sale_ratio": null,
            "price_fair": 3.36,
            "eps_avg_yearly": 1.12,
            "eps_latest_yearly": 0.76,
            "eps_growth_yearly": -0.51
        },
        "20124": {
            "year_quarter": 20124,
            "year": 2012,
            "quarter": 4,
            "eps": -0.1,
            "eps_growth_year": -252.08,
            "eps_4q": 0.18,
            "eps_4q_growth_year": -81.16,
            "roe": -0.72,
            "roe_4q": 1.38,
            "gross_profit": 188653,
            "gross_margin": 7.47,
            "gross_margin_4q_avg": 10.87,
            "net_income": -52676,
            "revenue": 2526177,
            "common_shares": 5542207,
            "book_valuer_per_share": 13.12,
            "book_valuer_per_share_4q_avg": 13.2,
            "equity": 7272242,
            "current_ratio": 76.69,
            "debt_ratio": 54.42,
            "inventory_turnover_ratio": 3.12,
            "account_receivable_turnover_ratio": 7.61,
            "reinvestment_rate": null,
            "research_to_sale_ratio": null,
            "price_fair": 3.36,
            "eps_avg_yearly": 1.12,
            "eps_latest_yearly": 0.76,
            "eps_growth_yearly": -0.51
        },
        "20131": {
            "year_quarter": 20131,
            "year": 2013,
            "quarter": 1,
            "eps": -0.23,
            "eps_growth_year": null,
            "eps_4q": -0.01,
            "eps_4q_growth_year": -101.47,
            "roe": -1.79,
            "roe_4q": -0.11999999999999977,
            "gross_profit": 90672,
            "gross_margin": 3.3,
            "gross_margin_4q_avg": 9.88,
            "net_income": -129458,
            "revenue": 2745706,
            "common_shares": 5542207,
            "book_valuer_per_share": 12.92,
            "book_valuer_per_share_4q_avg": 13.13,
            "equity": 7158306,
            "current_ratio": 77.94,
            "debt_ratio": 61.27,
            "inventory_turnover_ratio": 3.34,
            "account_receivable_turnover_ratio": 7.24,
            "reinvestment_rate": null,
            "research_to_sale_ratio": null,
            "price_fair": 3.36,
            "eps_avg_yearly": 1.12,
            "eps_latest_yearly": 0.76,
            "eps_growth_yearly": -0.51
        },
        "20132": {
            "year_quarter": 20132,
            "year": 2013,
            "quarter": 2,
            "eps": -0.1,
            "eps_growth_year": -182.81,
            "eps_4q": -0.24,
            "eps_4q_growth_year": -136.31,
            "roe": -0.8,
            "roe_4q": -1.8399999999999996,
            "gross_profit": 194412,
            "gross_margin": 6.42,
            "gross_margin_4q_avg": 7.8,
            "net_income": -56842,
            "revenue": 3026260,
            "common_shares": 5542207,
            "book_valuer_per_share": 12.75,
            "book_valuer_per_share_4q_avg": 13.04,
            "equity": 7063784,
            "current_ratio": 76.33,
            "debt_ratio": 61.89,
            "inventory_turnover_ratio": 3.45,
            "account_receivable_turnover_ratio": 6.93,
            "reinvestment_rate": null,
            "research_to_sale_ratio": null,
            "price_fair": 3.36,
            "eps_avg_yearly": 1.12,
            "eps_latest_yearly": 0.76,
            "eps_growth_yearly": -0.51
        },
        "20133": {
            "year_quarter": 20133,
            "year": 2013,
            "quarter": 3,
            "eps": 0.19,
            "eps_growth_year": -2.2,
            "eps_4q": -0.24,
            "eps_4q_growth_year": -172.03,
            "roe": 1.46,
            "roe_4q": -1.85,
            "gross_profit": 404773,
            "gross_margin": 11.58,
            "gross_margin_4q_avg": 7.19,
            "net_income": 103670,
            "revenue": 3493945,
            "common_shares": 5542207,
            "book_valuer_per_share": 12.93,
            "book_valuer_per_share_4q_avg": 12.93,
            "equity": 7164568,
            "current_ratio": 84.73,
            "debt_ratio": 61.79,
            "inventory_turnover_ratio": 3.78,
            "account_receivable_turnover_ratio": 8.11,
            "reinvestment_rate": null,
            "research_to_sale_ratio": null,
            "price_fair": 3.36,
            "eps_avg_yearly": 1.12,
            "eps_latest_yearly": 0.76,
            "eps_growth_yearly": -0.51
        },
        "20134": {
            "year_quarter": 20134,
            "year": 2013,
            "quarter": 4,
            "eps": 0.39,
            "eps_growth_year": null,
            "eps_4q": 0.24,
            "eps_4q_growth_year": 32.31,
            "roe": 2.97,
            "roe_4q": 1.8399999999999999,
            "gross_profit": 52998,
            "gross_margin": 1.82,
            "gross_margin_4q_avg": 5.78,
            "net_income": 215640,
            "revenue": 2906902,
            "common_shares": 5542207,
            "book_valuer_per_share": 13.3,
            "book_valuer_per_share_4q_avg": 12.98,
            "equity": 7373213,
            "current_ratio": 167.51,
            "debt_ratio": 64.53,
            "inventory_turnover_ratio": 3.79,
            "account_receivable_turnover_ratio": 7.49,
            "reinvestment_rate": null,
            "research_to_sale_ratio": null,
            "price_fair": 43.05,
            "eps_avg_yearly": 1.23,
            "eps_latest_yearly": 1.56,
            "eps_growth_yearly": 104.88
        },
        "20141": {
            "year_quarter": 20141,
            "year": 2014,
            "quarter": 1,
            "eps": 0.09,
            "eps_growth_year": null,
            "eps_4q": 0.56,
            "eps_4q_growth_year": null,
            "roe": 0.67,
            "roe_4q": 4.3,
            "gross_profit": 402319,
            "gross_margin": 13.54,
            "gross_margin_4q_avg": 8.34,
            "net_income": 49618,
            "revenue": 2972016,
            "common_shares": 5542207,
            "book_valuer_per_share": 13.41,
            "book_valuer_per_share_4q_avg": 13.1,
            "equity": 7431023,
            "current_ratio": 140.64,
            "debt_ratio": 65.94,
            "inventory_turnover_ratio": 3.71,
            "account_receivable_turnover_ratio": 7.13,
            "reinvestment_rate": null,
            "research_to_sale_ratio": null,
            "price_fair": 34.18,
            "eps_avg_yearly": 1.06,
            "eps_latest_yearly": 0.36,
            "eps_growth_yearly": 22.36
        },
        "20142": {
            "year_quarter": 20142,
            "year": 2014,
            "quarter": 2,
            "eps": 0.2,
            "eps_growth_year": null,
            "eps_4q": 0.86,
            "eps_4q_growth_year": null,
            "roe": 1.46,
            "roe_4q": 6.56,
            "gross_profit": 537858,
            "gross_margin": 15.16,
            "gross_margin_4q_avg": 10.53,
            "net_income": 108689,
            "revenue": 3547976,
            "common_shares": 5542207,
            "book_valuer_per_share": 13.49,
            "book_valuer_per_share_4q_avg": 13.28,
            "equity": 7476264,
            "current_ratio": 151.58,
            "debt_ratio": 67.07,
            "inventory_turnover_ratio": 4.36,
            "account_receivable_turnover_ratio": 7.09,
            "reinvestment_rate": 398.01,
            "research_to_sale_ratio": null,
            "price_fair": 35.47,
            "eps_avg_yearly": 1.01,
            "eps_latest_yearly": 0.8,
            "eps_growth_yearly": 100.12
        },
        "20143": {
            "year_quarter": 20143,
            "year": 2014,
            "quarter": 3,
            "eps": 0.24,
            "eps_growth_year": 26.32,
            "eps_4q": 0.92,
            "eps_4q_growth_year": null,
            "roe": 1.78,
            "roe_4q": 6.880000000000001,
            "gross_profit": 439718,
            "gross_margin": 12.42,
            "gross_margin_4q_avg": 10.74,
            "net_income": 134029,
            "revenue": 3541085,
            "common_shares": 5542207,
            "book_valuer_per_share": 13.76,
            "book_valuer_per_share_4q_avg": 13.49,
            "equity": 7623886,
            "current_ratio": 127.35,
            "debt_ratio": 67.74,
            "inventory_turnover_ratio": 4.51,
            "account_receivable_turnover_ratio": 7.53,
            "reinvestment_rate": 478.22,
            "research_to_sale_ratio": null,
            "price_fair": 35.2,
            "eps_avg_yearly": 1.01,
            "eps_latest_yearly": 0.96,
            "eps_growth_yearly": 97.24
        },
        "20144": {
            "year_quarter": 20144,
            "year": 2014,
            "quarter": 4,
            "eps": 0.02,
            "eps_growth_year": -94.75,
            "eps_4q": 0.5,
            "eps_4q_growth_year": 106.4,
            "roe": 0.16,
            "roe_4q": 4.07,
            "gross_profit": 301926,
            "gross_margin": 9.57,
            "gross_margin_4q_avg": 12.67,
            "net_income": 12575,
            "revenue": 3154370,
            "common_shares": 5852294,
            "book_valuer_per_share": 14.07,
            "book_valuer_per_share_4q_avg": 13.68,
            "equity": 8238341,
            "current_ratio": 140.53,
            "debt_ratio": 67.88,
            "inventory_turnover_ratio": 4.13,
            "account_receivable_turnover_ratio": 7.24,
            "reinvestment_rate": 668.91,
            "research_to_sale_ratio": null,
            "price_fair": 31.15,
            "eps_avg_yearly": 0.89,
            "eps_latest_yearly": 0.08,
            "eps_growth_yearly": 39.25
        },
        "20151": {
            "year_quarter": 20151,
            "year": 2015,
            "quarter": 1,
            "eps": -0.1,
            "eps_growth_year": -211.11,
            "eps_4q": 0.31,
            "eps_4q_growth_year": -44.93,
            "roe": -0.74,
            "roe_4q": 2.66,
            "gross_profit": 137719,
            "gross_margin": 4.82,
            "gross_margin_4q_avg": 10.49,
            "net_income": -61146,
            "revenue": 2857493,
            "common_shares": 6260775,
            "book_valuer_per_share": 13.22,
            "book_valuer_per_share_4q_avg": 13.64,
            "equity": 8279326,
            "current_ratio": 148.79,
            "debt_ratio": 67.28,
            "inventory_turnover_ratio": 3.93,
            "account_receivable_turnover_ratio": 6.55,
            "reinvestment_rate": 772.31,
            "research_to_sale_ratio": null,
            "price_fair": 31.15,
            "eps_avg_yearly": 0.89,
            "eps_latest_yearly": 0.08,
            "eps_growth_yearly": 39.25
        },
        "20152": {
            "year_quarter": 20152,
            "year": 2015,
            "quarter": 2,
            "eps": -0.35,
            "eps_growth_year": -275,
            "eps_4q": -0.21,
            "eps_4q_growth_year": -124.27,
            "roe": -2.67,
            "roe_4q": -1.47,
            "gross_profit": -404426,
            "gross_margin": -17.51,
            "gross_margin_4q_avg": 2.33,
            "net_income": -217997,
            "revenue": 2309132,
            "common_shares": 6273989,
            "book_valuer_per_share": 12.85,
            "book_valuer_per_share_4q_avg": 13.48,
            "equity": 8059610,
            "current_ratio": 127.32,
            "debt_ratio": 68.8,
            "inventory_turnover_ratio": 3.91,
            "account_receivable_turnover_ratio": 5.8,
            "reinvestment_rate": 1190.48,
            "research_to_sale_ratio": null,
            "price_fair": 31.15,
            "eps_avg_yearly": 0.89,
            "eps_latest_yearly": 0.08,
            "eps_growth_yearly": 39.25
        },
        "20153": {
            "year_quarter": 20153,
            "year": 2015,
            "quarter": 3,
            "eps": -0.32,
            "eps_growth_year": -233.33,
            "eps_4q": -0.74,
            "eps_4q_growth_year": -181.12,
            "roe": -2.59,
            "roe_4q": -5.84,
            "gross_profit": -390434,
            "gross_margin": -14.76,
            "gross_margin_4q_avg": -4.47,
            "net_income": -204579,
            "revenue": 2645262,
            "common_shares": 6273989,
            "book_valuer_per_share": 12.37,
            "book_valuer_per_share_4q_avg": 13.13,
            "equity": 7758994,
            "current_ratio": 133.81,
            "debt_ratio": 70.16,
            "inventory_turnover_ratio": 4.33,
            "account_receivable_turnover_ratio": 6.28,
            "reinvestment_rate": 8690.67,
            "research_to_sale_ratio": null,
            "price_fair": 23.8,
            "eps_avg_yearly": 0.68,
            "eps_latest_yearly": 0.08,
            "eps_growth_yearly": 27.08
        },
        "20154": {
            "year_quarter": 20154,
            "year": 2015,
            "quarter": 4,
            "eps": -1.06,
            "eps_growth_year": -5294.41,
            "eps_4q": -1.82,
            "eps_4q_growth_year": -468.33,
            "roe": -9.2,
            "roe_4q": -15.2,
            "gross_profit": -567852,
            "gross_margin": -20.49,
            "gross_margin_4q_avg": -11.99,
            "net_income": -672419,
            "revenue": 2771796,
            "common_shares": 6336597,
            "book_valuer_per_share": 10.82,
            "book_valuer_per_share_4q_avg": 12.32,
            "equity": 6858387,
            "current_ratio": 63.91,
            "debt_ratio": 72.39,
            "inventory_turnover_ratio": 4.69,
            "account_receivable_turnover_ratio": 6.26,
            "reinvestment_rate": null,
            "research_to_sale_ratio": null,
            "price_fair": 26.37,
            "eps_avg_yearly": 0.75,
            "eps_latest_yearly": 0.08,
            "eps_growth_yearly": 91.49
        },
        "20161": {
            "year_quarter": 20161,
            "year": 2016,
            "quarter": 1,
            "eps": -0.69,
            "eps_growth_year": null,
            "eps_4q": -2.42,
            "eps_4q_growth_year": -880.48,
            "roe": -6.58,
            "roe_4q": -21.04,
            "gross_profit": -382388,
            "gross_margin": -11.95,
            "gross_margin_4q_avg": -16.18,
            "net_income": -438628,
            "revenue": 3199097,
            "common_shares": 6336597,
            "book_valuer_per_share": 10.21,
            "book_valuer_per_share_4q_avg": 11.56,
            "equity": 6475583,
            "current_ratio": 59.53,
            "debt_ratio": 73,
            "inventory_turnover_ratio": 5.03,
            "account_receivable_turnover_ratio": 7.03,
            "reinvestment_rate": null,
            "research_to_sale_ratio": null,
            "price_fair": 26.37,
            "eps_avg_yearly": 0.75,
            "eps_latest_yearly": 0.08,
            "eps_growth_yearly": 91.49
        },
        "20162": {
            "year_quarter": 20162,
            "year": 2016,
            "quarter": 2,
            "eps": -1.3,
            "eps_growth_year": null,
            "eps_4q": -3.37,
            "eps_4q_growth_year": null,
            "roe": -13.46,
            "roe_4q": -31.83,
            "gross_profit": -482038,
            "gross_margin": -16.57,
            "gross_margin_4q_avg": -15.94,
            "net_income": -820314,
            "revenue": 2909770,
            "common_shares": 6336597,
            "book_valuer_per_share": 9.01,
            "book_valuer_per_share_4q_avg": 10.6,
            "equity": 5716490,
            "current_ratio": 58.16,
            "debt_ratio": 76.31,
            "inventory_turnover_ratio": 4.76,
            "account_receivable_turnover_ratio": 6.39,
            "reinvestment_rate": null,
            "research_to_sale_ratio": null,
            "price_fair": 26.37,
            "eps_avg_yearly": 0.75,
            "eps_latest_yearly": 0.08,
            "eps_growth_yearly": 91.49
        },
        "20163": {
            "year_quarter": 20163,
            "year": 2016,
            "quarter": 3,
            "eps": -1.42,
            "eps_growth_year": null,
            "eps_4q": -3.81,
            "eps_4q_growth_year": null,
            "roe": -16.68,
            "roe_4q": -45.92,
            "gross_profit": -650093,
            "gross_margin": -23.48,
            "gross_margin_4q_avg": -18.12,
            "net_income": -957835,
            "revenue": 2768555,
            "common_shares": 7586597,
            "book_valuer_per_share": 7.59,
            "book_valuer_per_share_4q_avg": 9.41,
            "equity": 5767576,
            "current_ratio": 50.49,
            "debt_ratio": 74.74,
            "inventory_turnover_ratio": 4.74,
            "account_receivable_turnover_ratio": 6.91,
            "reinvestment_rate": null,
            "research_to_sale_ratio": null,
            "price_fair": 26.32,
            "eps_avg_yearly": 0.75,
            "eps_latest_yearly": 0.08,
            "eps_growth_yearly": 63.12
        }
    },
    "months": {
        "2010-11": {
            "month": "2010-11",
            "price": "18.37",
            "revenue": 720770
        },
        "2010-12": {
            "month": "2010-12",
            "price": "19.49",
            "revenue": 688515
        },
        "2011-01": {
            "month": "2011-01",
            "price": "20.15",
            "revenue": 681585
        },
        "2011-02": {
            "month": "2011-02",
            "price": "19.90",
            "revenue": 670427
        },
        "2011-03": {
            "month": "2011-03",
            "price": "19.73",
            "revenue": 582040
        },
        "2011-04": {
            "month": "2011-04",
            "price": "19.72",
            "revenue": 699430
        },
        "2011-05": {
            "month": "2011-05",
            "price": "19.77",
            "revenue": 698998
        },
        "2011-06": {
            "month": "2011-06",
            "price": "20.28",
            "revenue": 737354
        },
        "2011-07": {
            "month": "2011-07",
            "price": "20.39",
            "revenue": 863857
        },
        "2011-08": {
            "month": "2011-08",
            "price": "19.50",
            "revenue": 850682
        },
        "2011-09": {
            "month": "2011-09",
            "price": "18.22",
            "revenue": 746144
        },
        "2011-10": {
            "month": "2011-10",
            "price": "21.15",
            "revenue": 746302
        },
        "2011-11": {
            "month": "2011-11",
            "price": "19.58",
            "revenue": 739302
        },
        "2011-12": {
            "month": "2011-12",
            "price": "18.37",
            "revenue": 724971
        },
        "2012-01": {
            "month": "2012-01",
            "price": "17.99",
            "revenue": 809601
        },
        "2012-02": {
            "month": "2012-02",
            "price": "20.96",
            "revenue": 642330
        },
        "2012-03": {
            "month": "2012-03",
            "price": "19.39",
            "revenue": 726754
        },
        "2012-04": {
            "month": "2012-04",
            "price": "17.09",
            "revenue": 788702
        },
        "2012-05": {
            "month": "2012-05",
            "price": "16.75",
            "revenue": 796568
        },
        "2012-06": {
            "month": "2012-06",
            "price": "17.08",
            "revenue": 759717
        },
        "2012-07": {
            "month": "2012-07",
            "price": "16.44",
            "revenue": 965822
        },
        "2012-08": {
            "month": "2012-08",
            "price": "15.75",
            "revenue": 889079
        },
        "2012-09": {
            "month": "2012-09",
            "price": "14.38",
            "revenue": 726323
        },
        "2012-10": {
            "month": "2012-10",
            "price": "14.11",
            "revenue": 794861
        },
        "2012-11": {
            "month": "2012-11",
            "price": "14.12",
            "revenue": 780541
        },
        "2012-12": {
            "month": "2012-12",
            "price": "15.23",
            "revenue": 818624
        },
        "2013-01": {
            "month": "2013-01",
            "price": "15.52",
            "revenue": 759031
        },
        "2013-02": {
            "month": "2013-02",
            "price": "14.99",
            "revenue": 1000125
        },
        "2013-03": {
            "month": "2013-03",
            "price": "14.64",
            "revenue": 978597
        },
        "2013-04": {
            "month": "2013-04",
            "price": "13.70",
            "revenue": 1057036
        },
        "2013-05": {
            "month": "2013-05",
            "price": "13.70",
            "revenue": 928933
        },
        "2013-06": {
            "month": "2013-06",
            "price": "13.54",
            "revenue": 1027105
        },
        "2013-07": {
            "month": "2013-07",
            "price": "13.13",
            "revenue": 1263045
        },
        "2013-08": {
            "month": "2013-08",
            "price": "12.23",
            "revenue": 1166746
        },
        "2013-09": {
            "month": "2013-09",
            "price": "11.63",
            "revenue": 1055874
        },
        "2013-10": {
            "month": "2013-10",
            "price": "12.32",
            "revenue": 1053233
        },
        "2013-11": {
            "month": "2013-11",
            "price": "12.48",
            "revenue": 974711
        },
        "2013-12": {
            "month": "2013-12",
            "price": "12.79",
            "revenue": 864037
        },
        "2014-01": {
            "month": "2014-01",
            "price": "13.03",
            "revenue": 975981
        },
        "2014-02": {
            "month": "2014-02",
            "price": "12.45",
            "revenue": 998413
        },
        "2014-03": {
            "month": "2014-03",
            "price": "12.28",
            "revenue": 990050
        },
        "2014-04": {
            "month": "2014-04",
            "price": "12.08",
            "revenue": 1139855
        },
        "2014-05": {
            "month": "2014-05",
            "price": "11.57",
            "revenue": 1176185
        },
        "2014-06": {
            "month": "2014-06",
            "price": "11.61",
            "revenue": 1211882
        },
        "2014-07": {
            "month": "2014-07",
            "price": "11.78",
            "revenue": 1406968
        },
        "2014-08": {
            "month": "2014-08",
            "price": "11.13",
            "revenue": 1185654
        },
        "2014-09": {
            "month": "2014-09",
            "price": "11.19",
            "revenue": 966961
        },
        "2014-10": {
            "month": "2014-10",
            "price": "10.79",
            "revenue": 1066639
        },
        "2014-11": {
            "month": "2014-11",
            "price": "11.62",
            "revenue": 1015832
        },
        "2014-12": {
            "month": "2014-12",
            "price": "12.65",
            "revenue": 1037090
        },
        "2015-01": {
            "month": "2015-01",
            "price": "13.55",
            "revenue": 944040
        },
        "2015-02": {
            "month": "2015-02",
            "price": "11.75",
            "revenue": 1096865
        },
        "2015-03": {
            "month": "2015-03",
            "price": "11.55",
            "revenue": 810010
        },
        "2015-04": {
            "month": "2015-04",
            "price": "11.68",
            "revenue": 815282
        },
        "2015-05": {
            "month": "2015-05",
            "price": "10.40",
            "revenue": 777140
        },
        "2015-06": {
            "month": "2015-06",
            "price": "8.74",
            "revenue": 729843
        },
        "2015-07": {
            "month": "2015-07",
            "price": "8.98",
            "revenue": 867864
        },
        "2015-08": {
            "month": "2015-08",
            "price": "7.87",
            "revenue": 923599
        },
        "2015-09": {
            "month": "2015-09",
            "price": "7.04",
            "revenue": 839834
        },
        "2015-10": {
            "month": "2015-10",
            "price": "7.24",
            "revenue": 979966
        },
        "2015-11": {
            "month": "2015-11",
            "price": "7.46",
            "revenue": 850779
        },
        "2015-12": {
            "month": "2015-12",
            "price": "7.42",
            "revenue": 945368
        },
        "2016-01": {
            "month": "2016-01",
            "price": "7.49",
            "revenue": 972682
        }
    }
}
