{
    "summary": {
        "stock_name": "崑鼎",
        "stock_id": "6803",
        "category": "其他",
        "main_business": "一般投資",
        "website_url": "http://www.ecove.com",
        "ceo": "施雲鵬",
        "pe_ratio": 21,
        "report_year_from": 2007,
        "report_year_to": 2023,
        "age": 16,
        "eps_negative_percentage": 0,
        "eps_growth_avg": {
            "last_all": 10.78,
            "last_2y": 7.3,
            "last_4y": 5.59,
            "last_8y": 4.76,
            "last_12y": 6.11,
            "last_16y": null,
            "last_20y": null,
            "at_2006_last_3y": null,
            "at_2007_last_3y": null,
            "at_2008_last_3y": null,
            "at_2009_last_3y": null,
            "at_2010_last_3y": null,
            "at_2011_last_3y": null,
            "at_2012_last_3y": 27.72,
            "at_2013_last_3y": 9.15,
            "at_2014_last_3y": 7.71,
            "at_2015_last_3y": 3.72,
            "at_2016_last_3y": 5.77,
            "at_2017_last_3y": 3.74,
            "at_2018_last_3y": 4.05,
            "at_2019_last_3y": 3.26,
            "at_2020_last_3y": -0.42,
            "at_2021_last_3y": 3.65,
            "at_2022_last_3y": 5.6,
            "at_2023_last_3y": 5.6,
            "at_2006_last_all": null,
            "at_2007_last_all": null,
            "at_2008_last_all": null,
            "at_2009_last_all": null,
            "at_2010_last_all": 40.77,
            "at_2011_last_all": 33.7,
            "at_2012_last_all": 27.72,
            "at_2013_last_all": 21.61,
            "at_2014_last_all": 18.73,
            "at_2015_last_all": 16.57,
            "at_2016_last_all": 16.74,
            "at_2017_last_all": 13.67,
            "at_2018_last_all": 12.85,
            "at_2019_last_all": 11.73,
            "at_2020_last_all": 11.02,
            "at_2021_last_all": 10.59,
            "at_2022_last_all": 10.78,
            "at_2023_last_all": 10.78
        },
        "latest_eps": 15.55,
        "latest_price": 319,
        "latest_roe": 22.71,
        "latest_gross_margin": 24.28,
        "latest_equity": 5858891,
        "latest_revenue": 1839593,
        "latest_gross_profit": 446673,
        "latest_net_income": 380556,
        "latest_debt_ratio": 57.6,
        "latest_current_ratio": 142.52,
        "latest_account_receivable_turnover_ratio": 1.97,
        "latest_inventory_turnover_ratio": 15.41,
        "latest_reinvestment_rate": 66.77,
        "latest_research_to_sale_ratio": null
    },
    "eps_dividends": {
        "2001": {
            "cash": 0,
            "stock": 0,
            "eps": 0
        },
        "2002": {
            "cash": 0,
            "stock": 0,
            "eps": 0
        },
        "2003": {
            "cash": 0,
            "stock": 0,
            "eps": 0
        },
        "2004": {
            "cash": 0,
            "stock": 0,
            "eps": 0
        },
        "2005": {
            "cash": 0,
            "stock": 0,
            "eps": 0
        },
        "2006": {
            "cash": 0,
            "stock": 0,
            "eps": 0
        },
        "2007": {
            "cash": 0,
            "stock": 0,
            "eps": 0
        },
        "2008": {
            "cash": 3,
            "stock": 0,
            "eps": 4.17
        },
        "2009": {
            "cash": 5,
            "stock": 0,
            "eps": 7.15
        },
        "2010": {
            "cash": 6,
            "stock": 0,
            "eps": 7.87
        },
        "2011": {
            "cash": 6,
            "stock": 0,
            "eps": 9.41
        },
        "2012": {
            "cash": 8,
            "stock": 0,
            "eps": 10.33
        },
        "2013": {
            "cash": 9,
            "stock": 0,
            "eps": 10.04
        },
        "2014": {
            "cash": 9,
            "stock": 0,
            "eps": 10.47
        },
        "2015": {
            "cash": 9,
            "stock": 0,
            "eps": 10.85
        },
        "2016": {
            "cash": 10,
            "stock": 0,
            "eps": 12.8
        },
        "2017": {
            "cash": 11,
            "stock": 0,
            "eps": 11.4
        },
        "2018": {
            "cash": 10,
            "stock": 0,
            "eps": 12.03
        },
        "2019": {
            "cash": 11,
            "stock": 0,
            "eps": 12.09
        },
        "2020": {
            "cash": 11,
            "stock": 0,
            "eps": 12.48
        },
        "2021": {
            "cash": 11,
            "stock": 0,
            "eps": 13.15
        },
        "2022": {
            "cash": 12,
            "stock": 0,
            "eps": 14.9
        },
        "2023": {
            "cash": 14,
            "stock": 0,
            "eps": 4.01
        }
    },
    "dividends": {
        "2008-03-21": {
            "cash": 2.62,
            "stock": 0
        },
        "2009-03-20": {
            "cash": 5.37,
            "stock": 0
        },
        "2010-03-24": {
            "cash": 6.06,
            "stock": 0
        },
        "2011-03-23": {
            "cash": 6.19,
            "stock": 0
        },
        "2012-06-28": {
            "cash": 8.05,
            "stock": 0
        },
        "2013-06-25": {
            "cash": 8.99,
            "stock": 0
        },
        "2014-08-15": {
            "cash": 9.09,
            "stock": 0
        },
        "2015-08-19": {
            "cash": 9.3,
            "stock": 0
        },
        "2016-03-16": {
            "cash": 9.69,
            "stock": 0
        },
        "2017-08-23": {
            "cash": 11.37,
            "stock": 0
        },
        "2018-08-22": {
            "cash": 9.68,
            "stock": 0
        },
        "2019-08-21": {
            "cash": 10.82,
            "stock": 0
        },
        "2020-08-19": {
            "cash": 10.83,
            "stock": 0
        },
        "2021-09-15": {
            "cash": 11,
            "stock": 0
        },
        "2022-07-27": {
            "cash": 11.99,
            "stock": 0
        },
        "2023-03-06": {
            "cash": 13.58,
            "stock": 0
        }
    },
    "prices": {
        "200101": "無",
        "200102": "無",
        "200103": "無",
        "200104": "無",
        "200105": "無",
        "200106": "無",
        "200107": "無",
        "200108": "無",
        "200109": "無",
        "200110": "無",
        "200111": "無",
        "200112": "無",
        "200201": "無",
        "200202": "無",
        "200203": "無",
        "200204": "無",
        "200205": "無",
        "200206": "無",
        "200207": "無",
        "200208": "無",
        "200209": "無",
        "200210": "無",
        "200211": "無",
        "200212": "無",
        "200301": "無",
        "200302": "無",
        "200303": "無",
        "200304": "無",
        "200305": "無",
        "200306": "無",
        "200307": "無",
        "200308": "無",
        "200309": "無",
        "200310": "無",
        "200311": "無",
        "200312": "無",
        "200401": "無",
        "200402": "無",
        "200403": "無",
        "200404": "無",
        "200405": "無",
        "200406": "無",
        "200407": "無",
        "200408": "無",
        "200409": "無",
        "200410": "無",
        "200411": "無",
        "200412": "無",
        "200501": "無",
        "200502": "無",
        "200503": "無",
        "200504": "無",
        "200505": "無",
        "200506": "無",
        "200507": "無",
        "200508": "無",
        "200509": "無",
        "200510": "無",
        "200511": "無",
        "200512": "無",
        "200601": "無",
        "200602": "無",
        "200603": "無",
        "200604": "無",
        "200605": "無",
        "200606": "無",
        "200607": "無",
        "200608": "無",
        "200609": "無",
        "200610": "無",
        "200611": "無",
        "200612": "無",
        "200701": "無",
        "200702": "無",
        "200703": "無",
        "200704": "無",
        "200705": "無",
        "200706": "無",
        "200707": "無",
        "200708": "無",
        "200709": "無",
        "200710": "無",
        "200711": "無",
        "200712": "無",
        "200801": "無",
        "200802": "無",
        "200803": "無",
        "200804": "無",
        "200805": "無",
        "200806": "無",
        "200807": "無",
        "200808": "無",
        "200809": "41.56",
        "200810": "48.19",
        "200811": "45.85",
        "200812": "42.95",
        "200901": "45.96",
        "200902": "44.04",
        "200903": "49.14",
        "200904": "52.22",
        "200905": "62.28",
        "200906": "74.39",
        "200907": "76.81",
        "200908": "82.27",
        "200909": "96.12",
        "200910": "94.89",
        "200911": "90.17",
        "200912": "88.35",
        "201001": "87.94",
        "201002": "87.25",
        "201003": "98.15",
        "201004": "100.02",
        "201005": "108.83",
        "201006": "94.18",
        "201007": "93.44",
        "201008": "110.61",
        "201009": "123.71",
        "201010": "120.57",
        "201011": "113.23",
        "201012": "129.07",
        "201101": "122.82",
        "201102": "114.82",
        "201103": "116.65",
        "201104": "126.63",
        "201105": "148.67",
        "201106": "151.43",
        "201107": "148.26",
        "201108": "130.59",
        "201109": "134.57",
        "201110": "133.48",
        "201111": "140.70",
        "201112": "139.91",
        "201201": "135.97",
        "201202": "145.55",
        "201203": "148.30",
        "201204": "147.05",
        "201205": "144.95",
        "201206": "141.88",
        "201207": "142.73",
        "201208": "137.30",
        "201209": "139.10",
        "201210": "139.86",
        "201211": "140.86",
        "201212": "142.50",
        "201301": "143.68",
        "201302": "150.27",
        "201303": "156.12",
        "201304": "160.85",
        "201305": "165.73",
        "201306": "162.50",
        "201307": "167.89",
        "201308": "171.95",
        "201309": "170.45",
        "201310": "177.30",
        "201311": "184.31",
        "201312": "186.93",
        "201401": "187.72",
        "201402": "181.53",
        "201403": "187.24",
        "201404": "177.29",
        "201405": "175.60",
        "201406": "179.32",
        "201407": "177.48",
        "201408": "169.40",
        "201409": "171.55",
        "201410": "167.05",
        "201411": "164.58",
        "201412": "162.62",
        "201501": "163.52",
        "201502": "164.65",
        "201503": "171.00",
        "201504": "175.05",
        "201505": "173.08",
        "201506": "170.90",
        "201507": "169.16",
        "201508": "159.10",
        "201509": "158.42",
        "201510": "160.48",
        "201511": "164.29",
        "201512": "160.83",
        "201601": "156.57",
        "201602": "161.96",
        "201603": "165.20",
        "201604": "175.45",
        "201605": "173.57",
        "201606": "177.36",
        "201607": "184.38",
        "201608": "176.50",
        "201609": "175.39",
        "201610": "176.42",
        "201611": "174.55",
        "201612": "174.41",
        "201701": "174.53",
        "201702": "177.25",
        "201703": "179.98",
        "201704": "174.97",
        "201705": "173.90",
        "201706": "176.63",
        "201707": "175.88",
        "201708": "165.83",
        "201709": "166.20",
        "201710": "166.87",
        "201711": "166.66",
        "201712": "165.43",
        "201801": "168.11",
        "201802": "168.08",
        "201803": "172.35",
        "201804": "173.81",
        "201805": "174.00",
        "201806": "173.70",
        "201807": "176.50",
        "201808": "172.65",
        "201809": "173.71",
        "201810": "171.50",
        "201811": "172.82",
        "201812": "174.36",
        "201901": "175.81",
        "201902": "180.38",
        "201903": "185.50",
        "201904": "187.08",
        "201905": "191.77",
        "201906": "196.21",
        "201907": "206.00",
        "201908": "199.57",
        "201909": "200.66",
        "201910": "207.12",
        "201911": "208.98",
        "201912": "208.45",
        "202001": "211.40",
        "202002": "219.16",
        "202003": "201.59",
        "202004": "203.60",
        "202005": "212.62",
        "202006": "215.50",
        "202007": "220.63",
        "202008": "214.05",
        "202009": "213.64",
        "202010": "212.29",
        "202011": "215.21",
        "202012": "220.11",
        "202101": "216.55",
        "202102": "216.54",
        "202103": "221.07",
        "202104": "223.58",
        "202105": "222.14",
        "202106": "227.95",
        "202107": "234.61",
        "202108": "233.86",
        "202109": "229.35",
        "202110": "232.00",
        "202111": "235.23",
        "202112": "234.14",
        "202201": "234.11",
        "202202": "235.30",
        "202203": "242.96",
        "202204": "245.82",
        "202205": "243.08",
        "202206": "247.29",
        "202207": "242.07",
        "202208": "251.20",
        "202209": "267.62",
        "202210": "246.35",
        "202211": "246.23",
        "202212": "247.98",
        "202301": "253.73",
        "202302": "264.39",
        "202303": "271.30",
        "202304": "283.32",
        "202305": "311.77"
    },
    "quarters": {
        "20011": {
            "year_quarter": 20011,
            "year": 2001,
            "quarter": 1,
            "eps": null,
            "eps_growth_year": null,
            "eps_4q": null,
            "eps_4q_growth_year": null,
            "roe": null,
            "gross_profit": null,
            "gross_margin": null,
            "net_income": null,
            "revenue": null,
            "common_shares": null,
            "equity": null,
            "current_ratio": null,
            "debt_ratio": null,
            "inventory_turnover_ratio": null,
            "account_receivable_turnover_ratio": null,
            "reinvestment_rate": null,
            "research_to_sale_ratio": null,
            "price_fair": 0,
            "eps_avg_yearly": 0,
            "eps_latest_yearly": 0,
            "eps_growth_yearly": 0
        },
        "20012": {
            "year_quarter": 20012,
            "year": 2001,
            "quarter": 2,
            "eps": null,
            "eps_growth_year": null,
            "eps_4q": null,
            "eps_4q_growth_year": null,
            "roe": null,
            "gross_profit": null,
            "gross_margin": null,
            "net_income": null,
            "revenue": null,
            "common_shares": null,
            "equity": null,
            "current_ratio": null,
            "debt_ratio": null,
            "inventory_turnover_ratio": null,
            "account_receivable_turnover_ratio": null,
            "reinvestment_rate": null,
            "research_to_sale_ratio": null,
            "price_fair": 0,
            "eps_avg_yearly": 0,
            "eps_latest_yearly": 0,
            "eps_growth_yearly": 0
        },
        "20013": {
            "year_quarter": 20013,
            "year": 2001,
            "quarter": 3,
            "eps": null,
            "eps_growth_year": null,
            "eps_4q": null,
            "eps_4q_growth_year": null,
            "roe": null,
            "gross_profit": null,
            "gross_margin": null,
            "net_income": null,
            "revenue": null,
            "common_shares": null,
            "equity": null,
            "current_ratio": null,
            "debt_ratio": null,
            "inventory_turnover_ratio": null,
            "account_receivable_turnover_ratio": null,
            "reinvestment_rate": null,
            "research_to_sale_ratio": null,
            "price_fair": 0,
            "eps_avg_yearly": 0,
            "eps_latest_yearly": 0,
            "eps_growth_yearly": 0
        },
        "20014": {
            "year_quarter": 20014,
            "year": 2001,
            "quarter": 4,
            "eps": null,
            "eps_growth_year": null,
            "eps_4q": null,
            "eps_4q_growth_year": null,
            "roe": null,
            "gross_profit": null,
            "gross_margin": null,
            "net_income": null,
            "revenue": null,
            "common_shares": null,
            "equity": null,
            "current_ratio": null,
            "debt_ratio": null,
            "inventory_turnover_ratio": null,
            "account_receivable_turnover_ratio": null,
            "reinvestment_rate": null,
            "research_to_sale_ratio": null,
            "price_fair": 0,
            "eps_avg_yearly": 0,
            "eps_latest_yearly": 0,
            "eps_growth_yearly": 0
        },
        "20021": {
            "year_quarter": 20021,
            "year": 2002,
            "quarter": 1,
            "eps": null,
            "eps_growth_year": null,
            "eps_4q": null,
            "eps_4q_growth_year": null,
            "roe": null,
            "gross_profit": null,
            "gross_margin": null,
            "net_income": null,
            "revenue": null,
            "common_shares": null,
            "equity": null,
            "current_ratio": null,
            "debt_ratio": null,
            "inventory_turnover_ratio": null,
            "account_receivable_turnover_ratio": null,
            "reinvestment_rate": null,
            "research_to_sale_ratio": null,
            "price_fair": 0,
            "eps_avg_yearly": 0,
            "eps_latest_yearly": 0,
            "eps_growth_yearly": 0
        },
        "20022": {
            "year_quarter": 20022,
            "year": 2002,
            "quarter": 2,
            "eps": null,
            "eps_growth_year": null,
            "eps_4q": null,
            "eps_4q_growth_year": null,
            "roe": null,
            "gross_profit": null,
            "gross_margin": null,
            "net_income": null,
            "revenue": null,
            "common_shares": null,
            "equity": null,
            "current_ratio": null,
            "debt_ratio": null,
            "inventory_turnover_ratio": null,
            "account_receivable_turnover_ratio": null,
            "reinvestment_rate": null,
            "research_to_sale_ratio": null,
            "price_fair": 0,
            "eps_avg_yearly": 0,
            "eps_latest_yearly": 0,
            "eps_growth_yearly": 0
        },
        "20023": {
            "year_quarter": 20023,
            "year": 2002,
            "quarter": 3,
            "eps": null,
            "eps_growth_year": null,
            "eps_4q": null,
            "eps_4q_growth_year": null,
            "roe": null,
            "gross_profit": null,
            "gross_margin": null,
            "net_income": null,
            "revenue": null,
            "common_shares": null,
            "equity": null,
            "current_ratio": null,
            "debt_ratio": null,
            "inventory_turnover_ratio": null,
            "account_receivable_turnover_ratio": null,
            "reinvestment_rate": null,
            "research_to_sale_ratio": null,
            "price_fair": 0,
            "eps_avg_yearly": 0,
            "eps_latest_yearly": 0,
            "eps_growth_yearly": 0
        },
        "20024": {
            "year_quarter": 20024,
            "year": 2002,
            "quarter": 4,
            "eps": null,
            "eps_growth_year": null,
            "eps_4q": null,
            "eps_4q_growth_year": null,
            "roe": null,
            "gross_profit": null,
            "gross_margin": null,
            "net_income": null,
            "revenue": null,
            "common_shares": null,
            "equity": null,
            "current_ratio": null,
            "debt_ratio": null,
            "inventory_turnover_ratio": null,
            "account_receivable_turnover_ratio": null,
            "reinvestment_rate": null,
            "research_to_sale_ratio": null,
            "price_fair": 0,
            "eps_avg_yearly": 0,
            "eps_latest_yearly": 0,
            "eps_growth_yearly": 0
        },
        "20031": {
            "year_quarter": 20031,
            "year": 2003,
            "quarter": 1,
            "eps": null,
            "eps_growth_year": null,
            "eps_4q": null,
            "eps_4q_growth_year": null,
            "roe": null,
            "gross_profit": null,
            "gross_margin": null,
            "net_income": null,
            "revenue": null,
            "common_shares": null,
            "equity": null,
            "current_ratio": null,
            "debt_ratio": null,
            "inventory_turnover_ratio": null,
            "account_receivable_turnover_ratio": null,
            "reinvestment_rate": null,
            "research_to_sale_ratio": null,
            "price_fair": 0,
            "eps_avg_yearly": 0,
            "eps_latest_yearly": 0,
            "eps_growth_yearly": 0
        },
        "20032": {
            "year_quarter": 20032,
            "year": 2003,
            "quarter": 2,
            "eps": null,
            "eps_growth_year": null,
            "eps_4q": null,
            "eps_4q_growth_year": null,
            "roe": null,
            "gross_profit": null,
            "gross_margin": null,
            "net_income": null,
            "revenue": null,
            "common_shares": null,
            "equity": null,
            "current_ratio": null,
            "debt_ratio": null,
            "inventory_turnover_ratio": null,
            "account_receivable_turnover_ratio": null,
            "reinvestment_rate": null,
            "research_to_sale_ratio": null,
            "price_fair": 0,
            "eps_avg_yearly": 0,
            "eps_latest_yearly": 0,
            "eps_growth_yearly": 0
        },
        "20033": {
            "year_quarter": 20033,
            "year": 2003,
            "quarter": 3,
            "eps": null,
            "eps_growth_year": null,
            "eps_4q": null,
            "eps_4q_growth_year": null,
            "roe": null,
            "gross_profit": null,
            "gross_margin": null,
            "net_income": null,
            "revenue": null,
            "common_shares": null,
            "equity": null,
            "current_ratio": null,
            "debt_ratio": null,
            "inventory_turnover_ratio": null,
            "account_receivable_turnover_ratio": null,
            "reinvestment_rate": null,
            "research_to_sale_ratio": null,
            "price_fair": 0,
            "eps_avg_yearly": 0,
            "eps_latest_yearly": 0,
            "eps_growth_yearly": 0
        },
        "20034": {
            "year_quarter": 20034,
            "year": 2003,
            "quarter": 4,
            "eps": null,
            "eps_growth_year": null,
            "eps_4q": null,
            "eps_4q_growth_year": null,
            "roe": null,
            "gross_profit": null,
            "gross_margin": null,
            "net_income": null,
            "revenue": null,
            "common_shares": 200000,
            "equity": 213755,
            "current_ratio": 824.8,
            "debt_ratio": 0.3,
            "inventory_turnover_ratio": null,
            "account_receivable_turnover_ratio": null,
            "reinvestment_rate": null,
            "research_to_sale_ratio": null,
            "price_fair": 0,
            "eps_avg_yearly": 0,
            "eps_latest_yearly": 0,
            "eps_growth_yearly": 0
        },
        "20041": {
            "year_quarter": 20041,
            "year": 2004,
            "quarter": 1,
            "eps": null,
            "eps_growth_year": null,
            "eps_4q": null,
            "eps_4q_growth_year": null,
            "roe": null,
            "gross_profit": null,
            "gross_margin": null,
            "net_income": null,
            "revenue": null,
            "common_shares": null,
            "equity": null,
            "current_ratio": null,
            "debt_ratio": null,
            "inventory_turnover_ratio": null,
            "account_receivable_turnover_ratio": null,
            "reinvestment_rate": null,
            "research_to_sale_ratio": null,
            "price_fair": 0,
            "eps_avg_yearly": 0,
            "eps_latest_yearly": 0,
            "eps_growth_yearly": 0
        },
        "20042": {
            "year_quarter": 20042,
            "year": 2004,
            "quarter": 2,
            "eps": null,
            "eps_growth_year": null,
            "eps_4q": null,
            "eps_4q_growth_year": null,
            "roe": null,
            "gross_profit": null,
            "gross_margin": null,
            "net_income": null,
            "revenue": null,
            "common_shares": null,
            "equity": null,
            "current_ratio": null,
            "debt_ratio": null,
            "inventory_turnover_ratio": null,
            "account_receivable_turnover_ratio": null,
            "reinvestment_rate": null,
            "research_to_sale_ratio": null,
            "price_fair": 0,
            "eps_avg_yearly": 0,
            "eps_latest_yearly": 0,
            "eps_growth_yearly": 0
        },
        "20043": {
            "year_quarter": 20043,
            "year": 2004,
            "quarter": 3,
            "eps": null,
            "eps_growth_year": null,
            "eps_4q": null,
            "eps_4q_growth_year": null,
            "roe": null,
            "gross_profit": null,
            "gross_margin": null,
            "net_income": null,
            "revenue": null,
            "common_shares": null,
            "equity": null,
            "current_ratio": null,
            "debt_ratio": null,
            "inventory_turnover_ratio": null,
            "account_receivable_turnover_ratio": null,
            "reinvestment_rate": null,
            "research_to_sale_ratio": null,
            "price_fair": 0,
            "eps_avg_yearly": 0,
            "eps_latest_yearly": 0,
            "eps_growth_yearly": 0
        },
        "20044": {
            "year_quarter": 20044,
            "year": 2004,
            "quarter": 4,
            "eps": null,
            "eps_growth_year": null,
            "eps_4q": null,
            "eps_4q_growth_year": null,
            "roe": null,
            "gross_profit": null,
            "gross_margin": null,
            "net_income": null,
            "revenue": null,
            "common_shares": 200000,
            "equity": 226747,
            "current_ratio": 6286.27,
            "debt_ratio": 0.13,
            "inventory_turnover_ratio": null,
            "account_receivable_turnover_ratio": null,
            "reinvestment_rate": null,
            "research_to_sale_ratio": null,
            "price_fair": 0,
            "eps_avg_yearly": 0,
            "eps_latest_yearly": 0,
            "eps_growth_yearly": 0
        },
        "20051": {
            "year_quarter": 20051,
            "year": 2005,
            "quarter": 1,
            "eps": null,
            "eps_growth_year": null,
            "eps_4q": null,
            "eps_4q_growth_year": null,
            "roe": null,
            "gross_profit": null,
            "gross_margin": null,
            "net_income": null,
            "revenue": null,
            "common_shares": null,
            "equity": null,
            "current_ratio": null,
            "debt_ratio": null,
            "inventory_turnover_ratio": null,
            "account_receivable_turnover_ratio": null,
            "reinvestment_rate": null,
            "research_to_sale_ratio": null,
            "price_fair": 0,
            "eps_avg_yearly": 0,
            "eps_latest_yearly": 0,
            "eps_growth_yearly": 0
        },
        "20052": {
            "year_quarter": 20052,
            "year": 2005,
            "quarter": 2,
            "eps": null,
            "eps_growth_year": null,
            "eps_4q": null,
            "eps_4q_growth_year": null,
            "roe": null,
            "gross_profit": null,
            "gross_margin": null,
            "net_income": null,
            "revenue": null,
            "common_shares": null,
            "equity": null,
            "current_ratio": null,
            "debt_ratio": null,
            "inventory_turnover_ratio": null,
            "account_receivable_turnover_ratio": null,
            "reinvestment_rate": null,
            "research_to_sale_ratio": null,
            "price_fair": 0,
            "eps_avg_yearly": 0,
            "eps_latest_yearly": 0,
            "eps_growth_yearly": 0
        },
        "20053": {
            "year_quarter": 20053,
            "year": 2005,
            "quarter": 3,
            "eps": null,
            "eps_growth_year": null,
            "eps_4q": null,
            "eps_4q_growth_year": null,
            "roe": null,
            "gross_profit": null,
            "gross_margin": null,
            "net_income": null,
            "revenue": null,
            "common_shares": null,
            "equity": null,
            "current_ratio": null,
            "debt_ratio": null,
            "inventory_turnover_ratio": null,
            "account_receivable_turnover_ratio": null,
            "reinvestment_rate": null,
            "research_to_sale_ratio": null,
            "price_fair": 0,
            "eps_avg_yearly": 0,
            "eps_latest_yearly": 0,
            "eps_growth_yearly": 0
        },
        "20054": {
            "year_quarter": 20054,
            "year": 2005,
            "quarter": 4,
            "eps": null,
            "eps_growth_year": null,
            "eps_4q": null,
            "eps_4q_growth_year": null,
            "roe": null,
            "gross_profit": null,
            "gross_margin": null,
            "net_income": null,
            "revenue": null,
            "common_shares": 236960,
            "equity": 284068,
            "current_ratio": 4362.28,
            "debt_ratio": 1.79,
            "inventory_turnover_ratio": null,
            "account_receivable_turnover_ratio": null,
            "reinvestment_rate": null,
            "research_to_sale_ratio": null,
            "price_fair": 0,
            "eps_avg_yearly": 0,
            "eps_latest_yearly": 0,
            "eps_growth_yearly": 0
        },
        "20061": {
            "year_quarter": 20061,
            "year": 2006,
            "quarter": 1,
            "eps": null,
            "eps_growth_year": null,
            "eps_4q": null,
            "eps_4q_growth_year": null,
            "roe": null,
            "gross_profit": null,
            "gross_margin": null,
            "net_income": null,
            "revenue": null,
            "common_shares": null,
            "equity": null,
            "current_ratio": null,
            "debt_ratio": null,
            "inventory_turnover_ratio": null,
            "account_receivable_turnover_ratio": null,
            "reinvestment_rate": null,
            "research_to_sale_ratio": null,
            "price_fair": 0,
            "eps_avg_yearly": 0,
            "eps_latest_yearly": 0,
            "eps_growth_yearly": 0
        },
        "20062": {
            "year_quarter": 20062,
            "year": 2006,
            "quarter": 2,
            "eps": null,
            "eps_growth_year": null,
            "eps_4q": null,
            "eps_4q_growth_year": null,
            "roe": null,
            "gross_profit": null,
            "gross_margin": null,
            "net_income": null,
            "revenue": null,
            "common_shares": null,
            "equity": null,
            "current_ratio": null,
            "debt_ratio": null,
            "inventory_turnover_ratio": null,
            "account_receivable_turnover_ratio": null,
            "reinvestment_rate": null,
            "research_to_sale_ratio": null,
            "price_fair": 0,
            "eps_avg_yearly": 0,
            "eps_latest_yearly": 0,
            "eps_growth_yearly": 0
        },
        "20063": {
            "year_quarter": 20063,
            "year": 2006,
            "quarter": 3,
            "eps": null,
            "eps_growth_year": null,
            "eps_4q": null,
            "eps_4q_growth_year": null,
            "roe": null,
            "gross_profit": null,
            "gross_margin": null,
            "net_income": null,
            "revenue": null,
            "common_shares": null,
            "equity": null,
            "current_ratio": null,
            "debt_ratio": null,
            "inventory_turnover_ratio": null,
            "account_receivable_turnover_ratio": null,
            "reinvestment_rate": null,
            "research_to_sale_ratio": null,
            "price_fair": 0,
            "eps_avg_yearly": 0,
            "eps_latest_yearly": 0,
            "eps_growth_yearly": 0
        },
        "20064": {
            "year_quarter": 20064,
            "year": 2006,
            "quarter": 4,
            "eps": null,
            "eps_growth_year": null,
            "eps_4q": null,
            "eps_4q_growth_year": null,
            "roe": null,
            "gross_profit": null,
            "gross_margin": null,
            "net_income": null,
            "revenue": null,
            "common_shares": 236960,
            "equity": 268826,
            "current_ratio": 252.2,
            "debt_ratio": 45.73,
            "inventory_turnover_ratio": null,
            "account_receivable_turnover_ratio": null,
            "reinvestment_rate": null,
            "research_to_sale_ratio": null,
            "price_fair": 0,
            "eps_avg_yearly": 0,
            "eps_latest_yearly": 0,
            "eps_growth_yearly": 0
        },
        "20071": {
            "year_quarter": 20071,
            "year": 2007,
            "quarter": 1,
            "eps": null,
            "eps_growth_year": null,
            "eps_4q": null,
            "eps_4q_growth_year": null,
            "roe": null,
            "gross_profit": null,
            "gross_margin": null,
            "net_income": null,
            "revenue": null,
            "common_shares": null,
            "equity": null,
            "current_ratio": null,
            "debt_ratio": null,
            "inventory_turnover_ratio": null,
            "account_receivable_turnover_ratio": null,
            "reinvestment_rate": null,
            "research_to_sale_ratio": null,
            "price_fair": 0,
            "eps_avg_yearly": 0,
            "eps_latest_yearly": 0,
            "eps_growth_yearly": 0
        },
        "20072": {
            "year_quarter": 20072,
            "year": 2007,
            "quarter": 2,
            "eps": null,
            "eps_growth_year": null,
            "eps_4q": null,
            "eps_4q_growth_year": null,
            "roe": null,
            "gross_profit": null,
            "gross_margin": null,
            "net_income": null,
            "revenue": null,
            "common_shares": null,
            "equity": null,
            "current_ratio": null,
            "debt_ratio": null,
            "inventory_turnover_ratio": null,
            "account_receivable_turnover_ratio": null,
            "reinvestment_rate": null,
            "research_to_sale_ratio": null,
            "price_fair": 0,
            "eps_avg_yearly": 0,
            "eps_latest_yearly": 0,
            "eps_growth_yearly": 0
        },
        "20073": {
            "year_quarter": 20073,
            "year": 2007,
            "quarter": 3,
            "eps": null,
            "eps_growth_year": null,
            "eps_4q": null,
            "eps_4q_growth_year": null,
            "roe": null,
            "gross_profit": null,
            "gross_margin": null,
            "net_income": null,
            "revenue": null,
            "common_shares": null,
            "equity": null,
            "current_ratio": null,
            "debt_ratio": null,
            "inventory_turnover_ratio": null,
            "account_receivable_turnover_ratio": null,
            "reinvestment_rate": null,
            "research_to_sale_ratio": null,
            "price_fair": 0,
            "eps_avg_yearly": 0,
            "eps_latest_yearly": 0,
            "eps_growth_yearly": 0
        },
        "20074": {
            "year_quarter": 20074,
            "year": 2007,
            "quarter": 4,
            "eps": null,
            "eps_growth_year": null,
            "eps_4q": null,
            "eps_4q_growth_year": null,
            "roe": null,
            "gross_profit": null,
            "gross_margin": null,
            "net_income": null,
            "revenue": null,
            "common_shares": 400000,
            "equity": 894267,
            "current_ratio": 191.72,
            "debt_ratio": 77.94,
            "inventory_turnover_ratio": null,
            "account_receivable_turnover_ratio": null,
            "reinvestment_rate": null,
            "research_to_sale_ratio": null,
            "price_fair": 0,
            "eps_avg_yearly": 0,
            "eps_latest_yearly": 0,
            "eps_growth_yearly": 0
        },
        "20081": {
            "year_quarter": 20081,
            "year": 2008,
            "quarter": 1,
            "eps": null,
            "eps_growth_year": null,
            "eps_4q": null,
            "eps_4q_growth_year": null,
            "roe": null,
            "gross_profit": null,
            "gross_margin": null,
            "net_income": null,
            "revenue": null,
            "common_shares": null,
            "equity": null,
            "current_ratio": null,
            "debt_ratio": null,
            "inventory_turnover_ratio": null,
            "account_receivable_turnover_ratio": null,
            "reinvestment_rate": null,
            "research_to_sale_ratio": null,
            "price_fair": 0,
            "eps_avg_yearly": 0,
            "eps_latest_yearly": 0,
            "eps_growth_yearly": 0
        },
        "20082": {
            "year_quarter": 20082,
            "year": 2008,
            "quarter": 2,
            "eps": null,
            "eps_growth_year": null,
            "eps_4q": null,
            "eps_4q_growth_year": null,
            "roe": null,
            "gross_profit": null,
            "gross_margin": null,
            "net_income": null,
            "revenue": null,
            "common_shares": null,
            "equity": null,
            "current_ratio": null,
            "debt_ratio": null,
            "inventory_turnover_ratio": null,
            "account_receivable_turnover_ratio": null,
            "reinvestment_rate": null,
            "research_to_sale_ratio": null,
            "price_fair": 0,
            "eps_avg_yearly": 0,
            "eps_latest_yearly": 0,
            "eps_growth_yearly": 0
        },
        "20083": {
            "year_quarter": 20083,
            "year": 2008,
            "quarter": 3,
            "eps": 3.19,
            "eps_growth_year": null,
            "eps_4q": null,
            "eps_4q_growth_year": null,
            "roe": 12.91,
            "gross_profit": 195418,
            "gross_margin": 27.83,
            "net_income": 132069,
            "revenue": 702068,
            "common_shares": 400000,
            "equity": 1023237,
            "current_ratio": 163.75,
            "debt_ratio": 72.81,
            "inventory_turnover_ratio": null,
            "account_receivable_turnover_ratio": null,
            "reinvestment_rate": null,
            "research_to_sale_ratio": null,
            "price_fair": 0,
            "eps_avg_yearly": 0,
            "eps_latest_yearly": 0,
            "eps_growth_yearly": 0
        },
        "20084": {
            "year_quarter": 20084,
            "year": 2008,
            "quarter": 4,
            "eps": 0.98,
            "eps_growth_year": null,
            "eps_4q": null,
            "eps_4q_growth_year": null,
            "roe": 3.4,
            "gross_profit": 120130,
            "gross_margin": 19.76,
            "net_income": 41045,
            "revenue": 607860,
            "common_shares": 475000,
            "equity": 1394382,
            "current_ratio": 147.93,
            "debt_ratio": 62.78,
            "inventory_turnover_ratio": null,
            "account_receivable_turnover_ratio": 2.97,
            "reinvestment_rate": null,
            "research_to_sale_ratio": null,
            "price_fair": 11.76,
            "eps_avg_yearly": 3.92,
            "eps_latest_yearly": 3.92,
            "eps_growth_yearly": -277.12
        },
        "20091": {
            "year_quarter": 20091,
            "year": 2009,
            "quarter": 1,
            "eps": 1.69,
            "eps_growth_year": null,
            "eps_4q": null,
            "eps_4q_growth_year": null,
            "roe": 5.8,
            "gross_profit": 149473,
            "gross_margin": 23.74,
            "net_income": 83351,
            "revenue": 629540,
            "common_shares": 475000,
            "equity": 1479360,
            "current_ratio": 160.13,
            "debt_ratio": 61.62,
            "inventory_turnover_ratio": null,
            "account_receivable_turnover_ratio": 1.34,
            "reinvestment_rate": null,
            "research_to_sale_ratio": null,
            "price_fair": 87.26,
            "eps_avg_yearly": 5.34,
            "eps_latest_yearly": 6.76,
            "eps_growth_yearly": 6.34
        },
        "20092": {
            "year_quarter": 20092,
            "year": 2009,
            "quarter": 2,
            "eps": 2.39,
            "eps_growth_year": null,
            "eps_4q": 7.26,
            "eps_4q_growth_year": null,
            "roe": 8.39,
            "gross_profit": 165851,
            "gross_margin": 23.99,
            "net_income": 118684,
            "revenue": 691264,
            "common_shares": 475000,
            "equity": 1348684,
            "current_ratio": 133.65,
            "debt_ratio": 65.61,
            "inventory_turnover_ratio": null,
            "account_receivable_turnover_ratio": 1.26,
            "reinvestment_rate": null,
            "research_to_sale_ratio": null,
            "price_fair": 236.13,
            "eps_avg_yearly": 6.75,
            "eps_latest_yearly": 9.56,
            "eps_growth_yearly": 59.45
        },
        "20093": {
            "year_quarter": 20093,
            "year": 2009,
            "quarter": 3,
            "eps": 2.27,
            "eps_growth_year": -28.84,
            "eps_4q": 7.1,
            "eps_4q_growth_year": null,
            "roe": 7.74,
            "gross_profit": 186484,
            "gross_margin": 24.27,
            "net_income": 108994,
            "revenue": 768315,
            "common_shares": 475000,
            "equity": 1465990,
            "current_ratio": 158.14,
            "debt_ratio": 61.95,
            "inventory_turnover_ratio": null,
            "account_receivable_turnover_ratio": 1.21,
            "reinvestment_rate": null,
            "research_to_sale_ratio": null,
            "price_fair": 256.55,
            "eps_avg_yearly": 7.33,
            "eps_latest_yearly": 9.08,
            "eps_growth_yearly": 39.57
        },
        "20094": {
            "year_quarter": 20094,
            "year": 2009,
            "quarter": 4,
            "eps": 0.8,
            "eps_growth_year": -18.37,
            "eps_4q": 7.15,
            "eps_4q_growth_year": null,
            "roe": 3.53,
            "gross_profit": 125421,
            "gross_margin": 21.12,
            "net_income": 52573,
            "revenue": 593922,
            "common_shares": 475000,
            "equity": 1514709,
            "current_ratio": 167.69,
            "debt_ratio": 60.19,
            "inventory_turnover_ratio": 612.02,
            "account_receivable_turnover_ratio": 2.31,
            "reinvestment_rate": null,
            "research_to_sale_ratio": null,
            "price_fair": 19.51,
            "eps_avg_yearly": 6.5,
            "eps_latest_yearly": 3.2,
            "eps_growth_yearly": -20.15
        },
        "20101": {
            "year_quarter": 20101,
            "year": 2010,
            "quarter": 1,
            "eps": 1.77,
            "eps_growth_year": 4.73,
            "eps_4q": 7.23,
            "eps_4q_growth_year": null,
            "roe": 6.15,
            "gross_profit": 159961,
            "gross_margin": 22.62,
            "net_income": 95918,
            "revenue": 707296,
            "common_shares": 475000,
            "equity": 1603401,
            "current_ratio": 177.75,
            "debt_ratio": 58.95,
            "inventory_turnover_ratio": 339.85,
            "account_receivable_turnover_ratio": 1.25,
            "reinvestment_rate": null,
            "research_to_sale_ratio": null,
            "price_fair": 231,
            "eps_avg_yearly": 6.6,
            "eps_latest_yearly": 7.08,
            "eps_growth_yearly": 64.04
        },
        "20102": {
            "year_quarter": 20102,
            "year": 2010,
            "quarter": 2,
            "eps": 2.64,
            "eps_growth_year": 10.46,
            "eps_4q": 7.04,
            "eps_4q_growth_year": -3.03,
            "roe": 8.94,
            "gross_profit": 248119,
            "gross_margin": 29.17,
            "net_income": 154520,
            "revenue": 850679,
            "common_shares": 522340,
            "equity": 1855261,
            "current_ratio": 156.52,
            "debt_ratio": 54.75,
            "inventory_turnover_ratio": 151.68,
            "account_receivable_turnover_ratio": 1.32,
            "reinvestment_rate": null,
            "research_to_sale_ratio": null,
            "price_fair": 250.8,
            "eps_avg_yearly": 7.17,
            "eps_latest_yearly": 10.56,
            "eps_growth_yearly": 82.98
        },
        "20103": {
            "year_quarter": 20103,
            "year": 2010,
            "quarter": 3,
            "eps": 1.92,
            "eps_growth_year": -15.28,
            "eps_4q": 6.86,
            "eps_4q_growth_year": -3.36,
            "roe": 5.65,
            "gross_profit": 174996,
            "gross_margin": 21.85,
            "net_income": 108968,
            "revenue": 801020,
            "common_shares": 526490,
            "equity": 2004040,
            "current_ratio": 186.76,
            "debt_ratio": 49.88,
            "inventory_turnover_ratio": 71.62,
            "account_receivable_turnover_ratio": 1.2,
            "reinvestment_rate": null,
            "research_to_sale_ratio": null,
            "price_fair": 253.05,
            "eps_avg_yearly": 7.23,
            "eps_latest_yearly": 7.68,
            "eps_growth_yearly": 58.97
        },
        "20104": {
            "year_quarter": 20104,
            "year": 2010,
            "quarter": 4,
            "eps": 1.54,
            "eps_growth_year": 91.9,
            "eps_4q": 7.62,
            "eps_4q_growth_year": 6.47,
            "roe": 4.48,
            "gross_profit": 151004,
            "gross_margin": 20.84,
            "net_income": 90049,
            "revenue": 724431,
            "common_shares": 527470,
            "equity": 2012368,
            "current_ratio": 207.87,
            "debt_ratio": 53.27,
            "inventory_turnover_ratio": 50.09,
            "account_receivable_turnover_ratio": 1.35,
            "reinvestment_rate": null,
            "research_to_sale_ratio": null,
            "price_fair": 248.89,
            "eps_avg_yearly": 7.11,
            "eps_latest_yearly": 6.16,
            "eps_growth_yearly": 43.62
        },
        "20111": {
            "year_quarter": 20111,
            "year": 2011,
            "quarter": 1,
            "eps": 1.87,
            "eps_growth_year": 5.65,
            "eps_4q": 7.4,
            "eps_4q_growth_year": 2.38,
            "roe": 5.18,
            "gross_profit": 182363,
            "gross_margin": 23.44,
            "net_income": 123036,
            "revenue": 777838,
            "common_shares": 577680,
            "equity": 2735938,
            "current_ratio": 217.82,
            "debt_ratio": 56.76,
            "inventory_turnover_ratio": 49.27,
            "account_receivable_turnover_ratio": 1.55,
            "reinvestment_rate": null,
            "research_to_sale_ratio": null,
            "price_fair": 250.18,
            "eps_avg_yearly": 7.15,
            "eps_latest_yearly": 7.48,
            "eps_growth_yearly": 47.83
        },
        "20112": {
            "year_quarter": 20112,
            "year": 2011,
            "quarter": 2,
            "eps": 3.14,
            "eps_growth_year": 18.98,
            "eps_4q": 8.15,
            "eps_4q_growth_year": 15.69,
            "roe": 7.63,
            "gross_profit": 284610,
            "gross_margin": 31.85,
            "net_income": 202292,
            "revenue": 893534,
            "common_shares": 577755,
            "equity": 2563596,
            "current_ratio": 169.17,
            "debt_ratio": 60.08,
            "inventory_turnover_ratio": 48.66,
            "account_receivable_turnover_ratio": 1.36,
            "reinvestment_rate": null,
            "research_to_sale_ratio": null,
            "price_fair": 267.4,
            "eps_avg_yearly": 7.64,
            "eps_latest_yearly": 12.56,
            "eps_growth_yearly": 68.18
        },
        "20113": {
            "year_quarter": 20113,
            "year": 2011,
            "quarter": 3,
            "eps": 2.66,
            "eps_growth_year": 38.52,
            "eps_4q": 9,
            "eps_4q_growth_year": 31.17,
            "roe": 6.57,
            "gross_profit": 240844,
            "gross_margin": 26.27,
            "net_income": 174380,
            "revenue": 916814,
            "common_shares": 583937,
            "equity": 2747665,
            "current_ratio": 206.22,
            "debt_ratio": 56.69,
            "inventory_turnover_ratio": 44.38,
            "account_receivable_turnover_ratio": 1.27,
            "reinvestment_rate": null,
            "research_to_sale_ratio": null,
            "price_fair": 276.15,
            "eps_avg_yearly": 7.89,
            "eps_latest_yearly": 10.64,
            "eps_growth_yearly": 57.4
        },
        "20114": {
            "year_quarter": 20114,
            "year": 2011,
            "quarter": 4,
            "eps": 1.74,
            "eps_growth_year": 13.27,
            "eps_4q": 9.26,
            "eps_4q_growth_year": 21.58,
            "roe": 4.33,
            "gross_profit": 195536,
            "gross_margin": 21.26,
            "net_income": 123366,
            "revenue": 919750,
            "common_shares": 585825,
            "equity": 2954369,
            "current_ratio": 200.83,
            "debt_ratio": 54.08,
            "inventory_turnover_ratio": 32.3,
            "account_receivable_turnover_ratio": 1.4,
            "reinvestment_rate": null,
            "research_to_sale_ratio": null,
            "price_fair": 273.65,
            "eps_avg_yearly": 7.82,
            "eps_latest_yearly": 6.96,
            "eps_growth_yearly": 42.34
        },
        "20121": {
            "year_quarter": 20121,
            "year": 2012,
            "quarter": 1,
            "eps": 2.06,
            "eps_growth_year": 10.16,
            "eps_4q": 9.41,
            "eps_4q_growth_year": 27.14,
            "roe": 4.65,
            "gross_profit": 207571,
            "gross_margin": 24.46,
            "net_income": 142283,
            "revenue": 848669,
            "common_shares": 590612,
            "equity": 3164012,
            "current_ratio": 234.38,
            "debt_ratio": 50.94,
            "inventory_turnover_ratio": 23.43,
            "account_receivable_turnover_ratio": 1.42,
            "reinvestment_rate": null,
            "research_to_sale_ratio": null,
            "price_fair": 274.7,
            "eps_avg_yearly": 7.85,
            "eps_latest_yearly": 8.24,
            "eps_growth_yearly": 44.57
        },
        "20122": {
            "year_quarter": 20122,
            "year": 2012,
            "quarter": 2,
            "eps": 2.71,
            "eps_growth_year": -13.78,
            "eps_4q": 9.04,
            "eps_4q_growth_year": 11.03,
            "roe": 6.15,
            "gross_profit": 245044,
            "gross_margin": 27.02,
            "net_income": 183964,
            "revenue": 907061,
            "common_shares": 596356,
            "equity": 2822497,
            "current_ratio": 148.38,
            "debt_ratio": 56.89,
            "inventory_turnover_ratio": 23.29,
            "account_receivable_turnover_ratio": 1.35,
            "reinvestment_rate": 196.9,
            "research_to_sale_ratio": null,
            "price_fair": 281.68,
            "eps_avg_yearly": 8.05,
            "eps_latest_yearly": 10.84,
            "eps_growth_yearly": 50.02
        },
        "20123": {
            "year_quarter": 20123,
            "year": 2012,
            "quarter": 3,
            "eps": 3.4,
            "eps_growth_year": 27.48,
            "eps_4q": 9.77,
            "eps_4q_growth_year": 8.62,
            "roe": 7.81,
            "gross_profit": 309769,
            "gross_margin": 29.6,
            "net_income": 231186,
            "revenue": 1046500,
            "common_shares": 604362,
            "equity": 3095314,
            "current_ratio": 187.55,
            "debt_ratio": 51.28,
            "inventory_turnover_ratio": 24.01,
            "account_receivable_turnover_ratio": 1.36,
            "reinvestment_rate": 73.34,
            "research_to_sale_ratio": null,
            "price_fair": 293.83,
            "eps_avg_yearly": 8.4,
            "eps_latest_yearly": 13.6,
            "eps_growth_yearly": 53.26
        },
        "20124": {
            "year_quarter": 20124,
            "year": 2012,
            "quarter": 4,
            "eps": 2.16,
            "eps_growth_year": 23.99,
            "eps_4q": 10.19,
            "eps_4q_growth_year": 10.11,
            "roe": 4.82,
            "gross_profit": 204300,
            "gross_margin": 21.45,
            "net_income": 153867,
            "revenue": 952302,
            "common_shares": 605149,
            "equity": 3287601,
            "current_ratio": 207.48,
            "debt_ratio": 48.42,
            "inventory_turnover_ratio": 26.05,
            "account_receivable_turnover_ratio": 1.33,
            "reinvestment_rate": 68.69,
            "research_to_sale_ratio": null,
            "price_fair": 304.15,
            "eps_avg_yearly": 8.69,
            "eps_latest_yearly": 8.64,
            "eps_growth_yearly": 61.46
        },
        "20131": {
            "year_quarter": 20131,
            "year": 2013,
            "quarter": 1,
            "eps": 2.32,
            "eps_growth_year": 12.62,
            "eps_4q": 10.41,
            "eps_4q_growth_year": 10.63,
            "roe": 4.43,
            "gross_profit": 230179,
            "gross_margin": 26.77,
            "net_income": 166376,
            "revenue": 859946,
            "common_shares": 608446,
            "equity": 4215427,
            "current_ratio": 241.34,
            "debt_ratio": 41.92,
            "inventory_turnover_ratio": 22.47,
            "account_receivable_turnover_ratio": 1.14,
            "reinvestment_rate": -90.99,
            "research_to_sale_ratio": null,
            "price_fair": 309.66,
            "eps_avg_yearly": 8.85,
            "eps_latest_yearly": 9.28,
            "eps_growth_yearly": 45.2
        },
        "20132": {
            "year_quarter": 20132,
            "year": 2013,
            "quarter": 2,
            "eps": 2.92,
            "eps_growth_year": 7.83,
            "eps_4q": 10.64,
            "eps_4q_growth_year": 17.66,
            "roe": 5.19,
            "gross_profit": 266421,
            "gross_margin": 28.09,
            "net_income": 209207,
            "revenue": 948328,
            "common_shares": 615258,
            "equity": 3848402,
            "current_ratio": 158.45,
            "debt_ratio": 48.01,
            "inventory_turnover_ratio": 22.61,
            "account_receivable_turnover_ratio": 0.96,
            "reinvestment_rate": -84.97,
            "research_to_sale_ratio": null,
            "price_fair": 314.3,
            "eps_avg_yearly": 8.98,
            "eps_latest_yearly": 11.68,
            "eps_growth_yearly": 41.31
        },
        "20133": {
            "year_quarter": 20133,
            "year": 2013,
            "quarter": 3,
            "eps": 2.93,
            "eps_growth_year": -13.72,
            "eps_4q": 9.97,
            "eps_4q_growth_year": 1.98,
            "roe": 5.37,
            "gross_profit": 286162,
            "gross_margin": 28.59,
            "net_income": 217019,
            "revenue": 1000831,
            "common_shares": 621044,
            "equity": 4229676,
            "current_ratio": 218.58,
            "debt_ratio": 40,
            "inventory_turnover_ratio": 23.74,
            "account_receivable_turnover_ratio": 0.94,
            "reinvestment_rate": -79.57,
            "research_to_sale_ratio": null,
            "price_fair": 320.08,
            "eps_avg_yearly": 9.15,
            "eps_latest_yearly": 11.72,
            "eps_growth_yearly": 42.65
        },
        "20134": {
            "year_quarter": 20134,
            "year": 2013,
            "quarter": 4,
            "eps": 1.87,
            "eps_growth_year": -13.45,
            "eps_4q": 9.7,
            "eps_4q_growth_year": -4.86,
            "roe": 3.14,
            "gross_profit": 207381,
            "gross_margin": 22.03,
            "net_income": 136217,
            "revenue": 941271,
            "common_shares": 635464,
            "equity": 4444736,
            "current_ratio": 217.6,
            "debt_ratio": 36.83,
            "inventory_turnover_ratio": 23.3,
            "account_receivable_turnover_ratio": 0.98,
            "reinvestment_rate": -77.51,
            "research_to_sale_ratio": null,
            "price_fair": 329.44,
            "eps_avg_yearly": 9.41,
            "eps_latest_yearly": 7.48,
            "eps_growth_yearly": 49.79
        },
        "20141": {
            "year_quarter": 20141,
            "year": 2014,
            "quarter": 1,
            "eps": 2.3,
            "eps_growth_year": -0.86,
            "eps_4q": 9.77,
            "eps_4q_growth_year": -6.15,
            "roe": 3.88,
            "gross_profit": 237685,
            "gross_margin": 25.89,
            "net_income": 176362,
            "revenue": 918056,
            "common_shares": 640690,
            "equity": 4637189,
            "current_ratio": 237.89,
            "debt_ratio": 35.65,
            "inventory_turnover_ratio": 20.16,
            "account_receivable_turnover_ratio": 1.05,
            "reinvestment_rate": -73.66,
            "research_to_sale_ratio": null,
            "price_fair": 334.08,
            "eps_avg_yearly": 9.55,
            "eps_latest_yearly": 9.2,
            "eps_growth_yearly": 25.23
        },
        "20142": {
            "year_quarter": 20142,
            "year": 2014,
            "quarter": 2,
            "eps": 2.84,
            "eps_growth_year": -2.74,
            "eps_4q": 9.77,
            "eps_4q_growth_year": -8.19,
            "roe": 4.81,
            "gross_profit": 272505,
            "gross_margin": 27.46,
            "net_income": 213438,
            "revenue": 992448,
            "common_shares": 643870,
            "equity": 4240339,
            "current_ratio": 171.49,
            "debt_ratio": 42.64,
            "inventory_turnover_ratio": 19.62,
            "account_receivable_turnover_ratio": 1.07,
            "reinvestment_rate": -70.45,
            "research_to_sale_ratio": null,
            "price_fair": 276.45,
            "eps_avg_yearly": 9.6,
            "eps_latest_yearly": 11.36,
            "eps_growth_yearly": 18.81
        },
        "20143": {
            "year_quarter": 20143,
            "year": 2014,
            "quarter": 3,
            "eps": 3.13,
            "eps_growth_year": 6.83,
            "eps_4q": 10.03,
            "eps_4q_growth_year": 0.61,
            "roe": 5.41,
            "gross_profit": 288673,
            "gross_margin": 27.89,
            "net_income": 236187,
            "revenue": 1035026,
            "common_shares": 648057,
            "equity": 4484449,
            "current_ratio": 188.23,
            "debt_ratio": 37.36,
            "inventory_turnover_ratio": 18.7,
            "account_receivable_turnover_ratio": 1,
            "reinvestment_rate": -52.09,
            "research_to_sale_ratio": null,
            "price_fair": 346.41,
            "eps_avg_yearly": 9.9,
            "eps_latest_yearly": 12.52,
            "eps_growth_yearly": 28.18
        },
        "20144": {
            "year_quarter": 20144,
            "year": 2014,
            "quarter": 4,
            "eps": 2.2,
            "eps_growth_year": 18.14,
            "eps_4q": 10.37,
            "eps_4q_growth_year": 6.94,
            "roe": 3.61,
            "gross_profit": 228721,
            "gross_margin": 23.35,
            "net_income": 165531,
            "revenue": 979497,
            "common_shares": 648708,
            "equity": 4678654,
            "current_ratio": 202.83,
            "debt_ratio": 35.34,
            "inventory_turnover_ratio": 17.45,
            "account_receivable_turnover_ratio": 0.96,
            "reinvestment_rate": -61.88,
            "research_to_sale_ratio": null,
            "price_fair": 352.19,
            "eps_avg_yearly": 10.06,
            "eps_latest_yearly": 8.8,
            "eps_growth_yearly": 25.7
        },
        "20151": {
            "year_quarter": 20151,
            "year": 2015,
            "quarter": 1,
            "eps": 2.51,
            "eps_growth_year": 9.13,
            "eps_4q": 10.57,
            "eps_4q_growth_year": 8.25,
            "roe": 4.05,
            "gross_profit": 264921,
            "gross_margin": 27.48,
            "net_income": 194562,
            "revenue": 964024,
            "common_shares": 653770,
            "equity": 4920488,
            "current_ratio": 216.79,
            "debt_ratio": 34.12,
            "inventory_turnover_ratio": 15.26,
            "account_receivable_turnover_ratio": 1.02,
            "reinvestment_rate": -118.76,
            "research_to_sale_ratio": null,
            "price_fair": 346.22,
            "eps_avg_yearly": 10.22,
            "eps_latest_yearly": 10.04,
            "eps_growth_yearly": 23.87
        },
        "20152": {
            "year_quarter": 20152,
            "year": 2015,
            "quarter": 2,
            "eps": 3.11,
            "eps_growth_year": 9.51,
            "eps_4q": 10.88,
            "eps_4q_growth_year": 11.34,
            "roe": 4.99,
            "gross_profit": 286455,
            "gross_margin": 28.16,
            "net_income": 233344,
            "revenue": 1017413,
            "common_shares": 655217,
            "equity": 4434814,
            "current_ratio": 159.38,
            "debt_ratio": 42,
            "inventory_turnover_ratio": 14.63,
            "account_receivable_turnover_ratio": 1.02,
            "reinvestment_rate": -115.3,
            "research_to_sale_ratio": null,
            "price_fair": 233.57,
            "eps_avg_yearly": 10.22,
            "eps_latest_yearly": 12.44,
            "eps_growth_yearly": 12.87
        },
        "20153": {
            "year_quarter": 20153,
            "year": 2015,
            "quarter": 3,
            "eps": 3.2,
            "eps_growth_year": 2.24,
            "eps_4q": 10.95,
            "eps_4q_growth_year": 9.17,
            "roe": 5.41,
            "gross_profit": 288670,
            "gross_margin": 26.79,
            "net_income": 248054,
            "revenue": 1077455,
            "common_shares": 656501,
            "equity": 4733668,
            "current_ratio": 197.68,
            "debt_ratio": 36.05,
            "inventory_turnover_ratio": 14.78,
            "account_receivable_turnover_ratio": 0.92,
            "reinvestment_rate": -109.55,
            "research_to_sale_ratio": null,
            "price_fair": 283.7,
            "eps_avg_yearly": 10.35,
            "eps_latest_yearly": 12.8,
            "eps_growth_yearly": 17.41
        },
        "20154": {
            "year_quarter": 20154,
            "year": 2015,
            "quarter": 4,
            "eps": 2.03,
            "eps_growth_year": -8.09,
            "eps_4q": 10.79,
            "eps_4q_growth_year": 3.99,
            "roe": 3.37,
            "gross_profit": 219942,
            "gross_margin": 21.57,
            "net_income": 162599,
            "revenue": 1019861,
            "common_shares": 658394,
            "equity": 4911648,
            "current_ratio": 199.15,
            "debt_ratio": 35.85,
            "inventory_turnover_ratio": 14.75,
            "account_receivable_turnover_ratio": 0.88,
            "reinvestment_rate": -109.61,
            "research_to_sale_ratio": null,
            "price_fair": 280.54,
            "eps_avg_yearly": 10.42,
            "eps_latest_yearly": 8.12,
            "eps_growth_yearly": 16.92
        },
        "20161": {
            "year_quarter": 20161,
            "year": 2016,
            "quarter": 1,
            "eps": 4.34,
            "eps_growth_year": 72.91,
            "eps_4q": 12.61,
            "eps_4q_growth_year": 19.26,
            "roe": 13.24,
            "gross_profit": 876043,
            "gross_margin": 54.28,
            "net_income": 696159,
            "revenue": 1613946,
            "common_shares": 660649,
            "equity": 5602071,
            "current_ratio": 304.55,
            "debt_ratio": 27.76,
            "inventory_turnover_ratio": 13.81,
            "account_receivable_turnover_ratio": 1.45,
            "reinvestment_rate": -101.36,
            "research_to_sale_ratio": null,
            "price_fair": 384.74,
            "eps_avg_yearly": 10.99,
            "eps_latest_yearly": 17.36,
            "eps_growth_yearly": 40.77
        },
        "20162": {
            "year_quarter": 20162,
            "year": 2016,
            "quarter": 2,
            "eps": 2.94,
            "eps_growth_year": -5.47,
            "eps_4q": 12.43,
            "eps_4q_growth_year": 14.33,
            "roe": 4.6,
            "gross_profit": 313198,
            "gross_margin": 27.83,
            "net_income": 238374,
            "revenue": 1125383,
            "common_shares": 663127,
            "equity": 4767431,
            "current_ratio": 188.05,
            "debt_ratio": 37.32,
            "inventory_turnover_ratio": 15.27,
            "account_receivable_turnover_ratio": 0.92,
            "reinvestment_rate": -99,
            "research_to_sale_ratio": null,
            "price_fair": 384.7,
            "eps_avg_yearly": 11.05,
            "eps_latest_yearly": 11.76,
            "eps_growth_yearly": 24.81
        },
        "20163": {
            "year_quarter": 20163,
            "year": 2016,
            "quarter": 3,
            "eps": 3.25,
            "eps_growth_year": 1.56,
            "eps_4q": 12.5,
            "eps_4q_growth_year": 14.18,
            "roe": 6.34,
            "gross_profit": 336942,
            "gross_margin": 28.8,
            "net_income": 312156,
            "revenue": 1170000,
            "common_shares": 664354,
            "equity": 5076204,
            "current_ratio": 260.45,
            "debt_ratio": 29.73,
            "inventory_turnover_ratio": 15.87,
            "account_receivable_turnover_ratio": 0.9,
            "reinvestment_rate": -96.93,
            "research_to_sale_ratio": null,
            "price_fair": 342.33,
            "eps_avg_yearly": 11.01,
            "eps_latest_yearly": 13,
            "eps_growth_yearly": 21.09
        },
        "20164": {
            "year_quarter": 20164,
            "year": 2016,
            "quarter": 4,
            "eps": 2.27,
            "eps_growth_year": 12.18,
            "eps_4q": 12.76,
            "eps_4q_growth_year": 18.31,
            "roe": 3.56,
            "gross_profit": 274229,
            "gross_margin": 26.21,
            "net_income": 183979,
            "revenue": 1046236,
            "common_shares": 664614,
            "equity": 5264774,
            "current_ratio": 273.84,
            "debt_ratio": 28.09,
            "inventory_turnover_ratio": 14.93,
            "account_receivable_turnover_ratio": 0.92,
            "reinvestment_rate": -94.02,
            "research_to_sale_ratio": null,
            "price_fair": 360.62,
            "eps_avg_yearly": 11.04,
            "eps_latest_yearly": 9.08,
            "eps_growth_yearly": 22.66
        },
        "20171": {
            "year_quarter": 20171,
            "year": 2017,
            "quarter": 1,
            "eps": 2.67,
            "eps_growth_year": -38.48,
            "eps_4q": 11.11,
            "eps_4q_growth_year": -11.92,
            "roe": 4.24,
            "gross_profit": 324607,
            "gross_margin": 30.66,
            "net_income": 227200,
            "revenue": 1058881,
            "common_shares": 666249,
            "equity": 5464320,
            "current_ratio": 304.85,
            "debt_ratio": 26.38,
            "inventory_turnover_ratio": 14.64,
            "account_receivable_turnover_ratio": 1.06,
            "reinvestment_rate": 18.78,
            "research_to_sale_ratio": null,
            "price_fair": 389.46,
            "eps_avg_yearly": 11.13,
            "eps_latest_yearly": 10.68,
            "eps_growth_yearly": 25.22
        },
        "20172": {
            "year_quarter": 20172,
            "year": 2017,
            "quarter": 2,
            "eps": 3.08,
            "eps_growth_year": 4.76,
            "eps_4q": 11.24,
            "eps_4q_growth_year": -9.6,
            "roe": 4.78,
            "gross_profit": 296225,
            "gross_margin": 26.55,
            "net_income": 243981,
            "revenue": 1115803,
            "common_shares": 667841,
            "equity": 4749223,
            "current_ratio": 186.88,
            "debt_ratio": 36.52,
            "inventory_turnover_ratio": 16.94,
            "account_receivable_turnover_ratio": 1.04,
            "reinvestment_rate": 18.46,
            "research_to_sale_ratio": null,
            "price_fair": 363.96,
            "eps_avg_yearly": 11.17,
            "eps_latest_yearly": 12.32,
            "eps_growth_yearly": 22.59
        },
        "20173": {
            "year_quarter": 20173,
            "year": 2017,
            "quarter": 3,
            "eps": 3.11,
            "eps_growth_year": -4.31,
            "eps_4q": 11.11,
            "eps_4q_growth_year": -11.1,
            "roe": 5.73,
            "gross_profit": 337791,
            "gross_margin": 28.13,
            "net_income": 280279,
            "revenue": 1200779,
            "common_shares": 668044,
            "equity": 5028995,
            "current_ratio": 276.82,
            "debt_ratio": 26.75,
            "inventory_turnover_ratio": 17.98,
            "account_receivable_turnover_ratio": 1.09,
            "reinvestment_rate": 18.02,
            "research_to_sale_ratio": null,
            "price_fair": 367.2,
            "eps_avg_yearly": 11.21,
            "eps_latest_yearly": 12.44,
            "eps_growth_yearly": 22.75
        },
        "20174": {
            "year_quarter": 20174,
            "year": 2017,
            "quarter": 4,
            "eps": 2.54,
            "eps_growth_year": 11.95,
            "eps_4q": 11.4,
            "eps_4q_growth_year": -10.7,
            "roe": 4.05,
            "gross_profit": 300634,
            "gross_margin": 27.23,
            "net_income": 207964,
            "revenue": 1104124,
            "common_shares": 668106,
            "equity": 5230882,
            "current_ratio": 279.42,
            "debt_ratio": 25.88,
            "inventory_turnover_ratio": 17.34,
            "account_receivable_turnover_ratio": 1.07,
            "reinvestment_rate": 17.77,
            "research_to_sale_ratio": null,
            "price_fair": 398.3,
            "eps_avg_yearly": 11.38,
            "eps_latest_yearly": 10.16,
            "eps_growth_yearly": 27.21
        },
        "20181": {
            "year_quarter": 20181,
            "year": 2018,
            "quarter": 1,
            "eps": 2.68,
            "eps_growth_year": 0.37,
            "eps_4q": 11.4,
            "eps_4q_growth_year": 2.61,
            "roe": 4.19,
            "gross_profit": 340458,
            "gross_margin": 28.66,
            "net_income": 220752,
            "revenue": 1188112,
            "common_shares": 669329,
            "equity": 5316844,
            "current_ratio": 246.25,
            "debt_ratio": 29.69,
            "inventory_turnover_ratio": 18.79,
            "account_receivable_turnover_ratio": 1.18,
            "reinvestment_rate": 18.62,
            "research_to_sale_ratio": null,
            "price_fair": 376.85,
            "eps_avg_yearly": 11.48,
            "eps_latest_yearly": 10.72,
            "eps_growth_yearly": 22.84
        },
        "20182": {
            "year_quarter": 20182,
            "year": 2018,
            "quarter": 2,
            "eps": 3.16,
            "eps_growth_year": 2.6,
            "eps_4q": 11.45,
            "eps_4q_growth_year": 1.89,
            "roe": 5.13,
            "gross_profit": 327226,
            "gross_margin": 27.12,
            "net_income": 263247,
            "revenue": 1206742,
            "common_shares": 671051,
            "equity": 4940742,
            "current_ratio": 197.33,
            "debt_ratio": 35.85,
            "inventory_turnover_ratio": 18.98,
            "account_receivable_turnover_ratio": 1.12,
            "reinvestment_rate": 22.1,
            "research_to_sale_ratio": null,
            "price_fair": 363.39,
            "eps_avg_yearly": 11.56,
            "eps_latest_yearly": 12.64,
            "eps_growth_yearly": 21.45
        },
        "20183": {
            "year_quarter": 20183,
            "year": 2018,
            "quarter": 3,
            "eps": 3.78,
            "eps_growth_year": 21.54,
            "eps_4q": 12.14,
            "eps_4q_growth_year": 9.28,
            "roe": 5.85,
            "gross_profit": 359789,
            "gross_margin": 28.87,
            "net_income": 297416,
            "revenue": 1246295,
            "common_shares": 671051,
            "equity": 5230152,
            "current_ratio": 213.59,
            "debt_ratio": 41.74,
            "inventory_turnover_ratio": 17.07,
            "account_receivable_turnover_ratio": 1.1,
            "reinvestment_rate": 51.22,
            "research_to_sale_ratio": null,
            "price_fair": 396.07,
            "eps_avg_yearly": 11.72,
            "eps_latest_yearly": 15.12,
            "eps_growth_yearly": 23.8
        },
        "20184": {
            "year_quarter": 20184,
            "year": 2018,
            "quarter": 4,
            "eps": 2.41,
            "eps_growth_year": -5.14,
            "eps_4q": 12.02,
            "eps_4q_growth_year": 5.52,
            "roe": 3.74,
            "gross_profit": 280165,
            "gross_margin": 23.23,
            "net_income": 199057,
            "revenue": 1205947,
            "common_shares": 671051,
            "equity": 5421359,
            "current_ratio": 238.81,
            "debt_ratio": 40.27,
            "inventory_turnover_ratio": 15.44,
            "account_receivable_turnover_ratio": 1.09,
            "reinvestment_rate": 63.28,
            "research_to_sale_ratio": null,
            "price_fair": 378.62,
            "eps_avg_yearly": 11.77,
            "eps_latest_yearly": 9.64,
            "eps_growth_yearly": 22.17
        },
        "20191": {
            "year_quarter": 20191,
            "year": 2019,
            "quarter": 1,
            "eps": 2.93,
            "eps_growth_year": 9.33,
            "eps_4q": 12.28,
            "eps_4q_growth_year": 7.79,
            "roe": 4.4,
            "gross_profit": 340986,
            "gross_margin": 26.56,
            "net_income": 244437,
            "revenue": 1283837,
            "common_shares": 671051,
            "equity": 5685459,
            "current_ratio": 260.54,
            "debt_ratio": 40.03,
            "inventory_turnover_ratio": 14.83,
            "account_receivable_turnover_ratio": 1.16,
            "reinvestment_rate": 63.41,
            "research_to_sale_ratio": null,
            "price_fair": 404.23,
            "eps_avg_yearly": 11.88,
            "eps_latest_yearly": 11.72,
            "eps_growth_yearly": 24.04
        },
        "20192": {
            "year_quarter": 20192,
            "year": 2019,
            "quarter": 2,
            "eps": 3.07,
            "eps_growth_year": -2.85,
            "eps_4q": 12.2,
            "eps_4q_growth_year": 6.51,
            "roe": 4.79,
            "gross_profit": 313329,
            "gross_margin": 24.96,
            "net_income": 256761,
            "revenue": 1255554,
            "common_shares": 671051,
            "equity": 5037502,
            "current_ratio": 156.31,
            "debt_ratio": 49.1,
            "inventory_turnover_ratio": 14.41,
            "account_receivable_turnover_ratio": 1.09,
            "reinvestment_rate": 63.62,
            "research_to_sale_ratio": null,
            "price_fair": 347.15,
            "eps_avg_yearly": 11.87,
            "eps_latest_yearly": 12.28,
            "eps_growth_yearly": 19.26
        },
        "20193": {
            "year_quarter": 20193,
            "year": 2019,
            "quarter": 3,
            "eps": 3.64,
            "eps_growth_year": -3.7,
            "eps_4q": 12.06,
            "eps_4q_growth_year": -0.73,
            "roe": 5.86,
            "gross_profit": 404585,
            "gross_margin": 27.63,
            "net_income": 304276,
            "revenue": 1464221,
            "common_shares": 671051,
            "equity": 5346983,
            "current_ratio": 202.29,
            "debt_ratio": 41.98,
            "inventory_turnover_ratio": 15.43,
            "account_receivable_turnover_ratio": 1.19,
            "reinvestment_rate": 81.57,
            "research_to_sale_ratio": null,
            "price_fair": 397.29,
            "eps_avg_yearly": 11.98,
            "eps_latest_yearly": 14.56,
            "eps_growth_yearly": 23.18
        },
        "20194": {
            "year_quarter": 20194,
            "year": 2019,
            "quarter": 4,
            "eps": 2.45,
            "eps_growth_year": 1.41,
            "eps_4q": 12.09,
            "eps_4q_growth_year": 0.55,
            "roe": 4.69,
            "gross_profit": 285504,
            "gross_margin": 21.66,
            "net_income": 256676,
            "revenue": 1317947,
            "common_shares": 671051,
            "equity": 5592803,
            "current_ratio": 205,
            "debt_ratio": 41.38,
            "inventory_turnover_ratio": 14.5,
            "account_receivable_turnover_ratio": 1.04,
            "reinvestment_rate": 80.8,
            "research_to_sale_ratio": null,
            "price_fair": 412.46,
            "eps_avg_yearly": 12.08,
            "eps_latest_yearly": 9.8,
            "eps_growth_yearly": 24.14
        },
        "20201": {
            "year_quarter": 20201,
            "year": 2020,
            "quarter": 1,
            "eps": 3.05,
            "eps_growth_year": 4.1,
            "eps_4q": 12.21,
            "eps_4q_growth_year": -0.59,
            "roe": 4.23,
            "gross_profit": 330358,
            "gross_margin": 25.41,
            "net_income": 241662,
            "revenue": 1300056,
            "common_shares": 671051,
            "equity": 5829944,
            "current_ratio": 238.67,
            "debt_ratio": 39.3,
            "inventory_turnover_ratio": 13.31,
            "account_receivable_turnover_ratio": 1.06,
            "reinvestment_rate": 90.35,
            "research_to_sale_ratio": null,
            "price_fair": 138.95,
            "eps_avg_yearly": 11.76,
            "eps_latest_yearly": 12.2,
            "eps_growth_yearly": 1.82
        },
        "20202": {
            "year_quarter": 20202,
            "year": 2020,
            "quarter": 2,
            "eps": 3.03,
            "eps_growth_year": -1.3,
            "eps_4q": 12.16,
            "eps_4q_growth_year": -0.28,
            "roe": 4.57,
            "gross_profit": 333475,
            "gross_margin": 24.73,
            "net_income": 249088,
            "revenue": 1348638,
            "common_shares": 671051,
            "equity": 5070002,
            "current_ratio": 143.34,
            "debt_ratio": 48.32,
            "inventory_turnover_ratio": 13.69,
            "account_receivable_turnover_ratio": 1.06,
            "reinvestment_rate": 92.75,
            "research_to_sale_ratio": null,
            "price_fair": 232.29,
            "eps_avg_yearly": 11.78,
            "eps_latest_yearly": 12.12,
            "eps_growth_yearly": 9.72
        },
        "20203": {
            "year_quarter": 20203,
            "year": 2020,
            "quarter": 3,
            "eps": 3.77,
            "eps_growth_year": 3.57,
            "eps_4q": 12.26,
            "eps_4q_growth_year": 1.67,
            "roe": 6.03,
            "gross_profit": 407776,
            "gross_margin": 26.51,
            "net_income": 316341,
            "revenue": 1538105,
            "common_shares": 671051,
            "equity": 5421117,
            "current_ratio": 162.61,
            "debt_ratio": 43.27,
            "inventory_turnover_ratio": 14.99,
            "account_receivable_turnover_ratio": 1.43,
            "reinvestment_rate": 94.84,
            "research_to_sale_ratio": null,
            "price_fair": 276.18,
            "eps_avg_yearly": 11.91,
            "eps_latest_yearly": 15.08,
            "eps_growth_yearly": 13.19
        },
        "20204": {
            "year_quarter": 20204,
            "year": 2020,
            "quarter": 4,
            "eps": 2.63,
            "eps_growth_year": 7.34,
            "eps_4q": 12.2,
            "eps_4q_growth_year": 0.92,
            "roe": 4.35,
            "gross_profit": 319306,
            "gross_margin": 22.01,
            "net_income": 240998,
            "revenue": 1450791,
            "common_shares": 689762,
            "equity": 5650443,
            "current_ratio": 164.96,
            "debt_ratio": 42.84,
            "inventory_turnover_ratio": 15.03,
            "account_receivable_turnover_ratio": 1.7,
            "reinvestment_rate": 103,
            "research_to_sale_ratio": null,
            "price_fair": 278.01,
            "eps_avg_yearly": 12,
            "eps_latest_yearly": 10.52,
            "eps_growth_yearly": 13.17
        },
        "20211": {
            "year_quarter": 20211,
            "year": 2021,
            "quarter": 1,
            "eps": 3.06,
            "eps_growth_year": 0.33,
            "eps_4q": 12.29,
            "eps_4q_growth_year": 0.67,
            "roe": 4.37,
            "gross_profit": 350376,
            "gross_margin": 24.74,
            "net_income": 253156,
            "revenue": 1416150,
            "common_shares": 690286,
            "equity": 5945241,
            "current_ratio": 172.12,
            "debt_ratio": 42.35,
            "inventory_turnover_ratio": 14.91,
            "account_receivable_turnover_ratio": 1.43,
            "reinvestment_rate": 98.82,
            "research_to_sale_ratio": null,
            "price_fair": 276.42,
            "eps_avg_yearly": 12.1,
            "eps_latest_yearly": 12.24,
            "eps_growth_yearly": 12.85
        },
        "20212": {
            "year_quarter": 20212,
            "year": 2021,
            "quarter": 2,
            "eps": 3.39,
            "eps_growth_year": 11.88,
            "eps_4q": 12.74,
            "eps_4q_growth_year": 4.73,
            "roe": 4.69,
            "gross_profit": 363261,
            "gross_margin": 25.88,
            "net_income": 262833,
            "revenue": 1403747,
            "common_shares": 690840,
            "equity": 5254879,
            "current_ratio": 171.4,
            "debt_ratio": 54.37,
            "inventory_turnover_ratio": 15.04,
            "account_receivable_turnover_ratio": 1.37,
            "reinvestment_rate": 102.24,
            "research_to_sale_ratio": null,
            "price_fair": 264.28,
            "eps_avg_yearly": 12.18,
            "eps_latest_yearly": 13.56,
            "eps_growth_yearly": 11.71
        },
        "20213": {
            "year_quarter": 20213,
            "year": 2021,
            "quarter": 3,
            "eps": 4.02,
            "eps_growth_year": 6.63,
            "eps_4q": 13.03,
            "eps_4q_growth_year": 6.29,
            "roe": 5.9,
            "gross_profit": 408711,
            "gross_margin": 25.55,
            "net_income": 321565,
            "revenue": 1599830,
            "common_shares": 691117,
            "equity": 5648063,
            "current_ratio": 197.27,
            "debt_ratio": 49.03,
            "inventory_turnover_ratio": 16.24,
            "account_receivable_turnover_ratio": 1.81,
            "reinvestment_rate": 98.84,
            "research_to_sale_ratio": null,
            "price_fair": 323.82,
            "eps_avg_yearly": 12.4,
            "eps_latest_yearly": 16.08,
            "eps_growth_yearly": 16.11
        },
        "20214": {
            "year_quarter": 20214,
            "year": 2021,
            "quarter": 4,
            "eps": 2.68,
            "eps_growth_year": 1.99,
            "eps_4q": 13.09,
            "eps_4q_growth_year": 7.25,
            "roe": 4.16,
            "gross_profit": 321867,
            "gross_margin": 20.96,
            "net_income": 240193,
            "revenue": 1535523,
            "common_shares": 695170,
            "equity": 5896362,
            "current_ratio": 207.1,
            "debt_ratio": 52,
            "inventory_turnover_ratio": 15.24,
            "account_receivable_turnover_ratio": 1.62,
            "reinvestment_rate": 108.58,
            "research_to_sale_ratio": null,
            "price_fair": 278.07,
            "eps_avg_yearly": 12.44,
            "eps_latest_yearly": 10.72,
            "eps_growth_yearly": 12.36
        },
        "20221": {
            "year_quarter": 20221,
            "year": 2022,
            "quarter": 1,
            "eps": 3.27,
            "eps_growth_year": 6.86,
            "eps_4q": 13.3,
            "eps_4q_growth_year": 8.19,
            "roe": 4.68,
            "gross_profit": 387826,
            "gross_margin": 24.43,
            "net_income": 284027,
            "revenue": 1587336,
            "common_shares": 696027,
            "equity": 6246291,
            "current_ratio": 214.46,
            "debt_ratio": 51.53,
            "inventory_turnover_ratio": 15.31,
            "account_receivable_turnover_ratio": 1.56,
            "reinvestment_rate": 109.54,
            "research_to_sale_ratio": null,
            "price_fair": 333.3,
            "eps_avg_yearly": 12.59,
            "eps_latest_yearly": 13.08,
            "eps_growth_yearly": 16.48
        },
        "20222": {
            "year_quarter": 20222,
            "year": 2022,
            "quarter": 2,
            "eps": 3.78,
            "eps_growth_year": 11.5,
            "eps_4q": 13.69,
            "eps_4q_growth_year": 7.45,
            "roe": 5.15,
            "gross_profit": 415795,
            "gross_margin": 24.58,
            "net_income": 304167,
            "revenue": 1691330,
            "common_shares": 697105,
            "equity": 5572222,
            "current_ratio": 153.7,
            "debt_ratio": 57.01,
            "inventory_turnover_ratio": 16.56,
            "account_receivable_turnover_ratio": 1.61,
            "reinvestment_rate": 109.51,
            "research_to_sale_ratio": null,
            "price_fair": 330.03,
            "eps_avg_yearly": 12.74,
            "eps_latest_yearly": 15.12,
            "eps_growth_yearly": 15.91
        },
        "20223": {
            "year_quarter": 20223,
            "year": 2022,
            "quarter": 3,
            "eps": 4.34,
            "eps_growth_year": 7.96,
            "eps_4q": 13.96,
            "eps_4q_growth_year": 7.12,
            "roe": 6.06,
            "gross_profit": 443347,
            "gross_margin": 23.31,
            "net_income": 353387,
            "revenue": 1901946,
            "common_shares": 698862,
            "equity": 6081808,
            "current_ratio": 162.17,
            "debt_ratio": 52.96,
            "inventory_turnover_ratio": 16.6,
            "account_receivable_turnover_ratio": 1.74,
            "reinvestment_rate": 72.99,
            "research_to_sale_ratio": null,
            "price_fair": 318.18,
            "eps_avg_yearly": 12.88,
            "eps_latest_yearly": 17.36,
            "eps_growth_yearly": 14.7
        },
        "20224": {
            "year_quarter": 20224,
            "year": 2022,
            "quarter": 4,
            "eps": 3.51,
            "eps_growth_year": 31.04,
            "eps_4q": 14.78,
            "eps_4q_growth_year": 12.97,
            "roe": 5.38,
            "gross_profit": 338482,
            "gross_margin": 18.3,
            "net_income": 336581,
            "revenue": 1849548,
            "common_shares": 704579,
            "equity": 6429341,
            "current_ratio": 175.17,
            "debt_ratio": 51.62,
            "inventory_turnover_ratio": 15.41,
            "account_receivable_turnover_ratio": 1.94,
            "reinvestment_rate": 69.42,
            "research_to_sale_ratio": null,
            "price_fair": 381.28,
            "eps_avg_yearly": 13.16,
            "eps_latest_yearly": 14.04,
            "eps_growth_yearly": 18.98
        },
        "20231": {
            "year_quarter": 20231,
            "year": 2023,
            "quarter": 1,
            "eps": 4.01,
            "eps_growth_year": 22.63,
            "eps_4q": 15.55,
            "eps_4q_growth_year": 16.92,
            "roe": 6.19,
            "gross_profit": 446673,
            "gross_margin": 24.28,
            "net_income": 380556,
            "revenue": 1839593,
            "common_shares": 706913,
            "equity": 5858891,
            "current_ratio": 142.52,
            "debt_ratio": 57.6,
            "inventory_turnover_ratio": 15.41,
            "account_receivable_turnover_ratio": 1.97,
            "reinvestment_rate": 66.77,
            "research_to_sale_ratio": null,
            "price_fair": 364.5,
            "eps_avg_yearly": 13.43,
            "eps_latest_yearly": 16.04,
            "eps_growth_yearly": 17.15
        }
    },
    "months": {
        "2008-09": {
            "month": "2008-09",
            "price": "41.56",
            "revenue": 55043
        },
        "2008-10": {
            "month": "2008-10",
            "price": "48.19",
            "revenue": 30961
        },
        "2008-11": {
            "month": "2008-11",
            "price": "45.85",
            "revenue": 24437
        },
        "2008-12": {
            "month": "2008-12",
            "price": "42.95",
            "revenue": -6748
        },
        "2009-01": {
            "month": "2009-01",
            "price": "45.96",
            "revenue": 206210
        },
        "2009-02": {
            "month": "2009-02",
            "price": "44.04",
            "revenue": 218640
        },
        "2009-03": {
            "month": "2009-03",
            "price": "49.14",
            "revenue": 204734
        },
        "2009-04": {
            "month": "2009-04",
            "price": "52.22",
            "revenue": 245623
        },
        "2009-05": {
            "month": "2009-05",
            "price": "62.28",
            "revenue": 178556
        },
        "2009-06": {
            "month": "2009-06",
            "price": "74.39",
            "revenue": 256943
        },
        "2009-07": {
            "month": "2009-07",
            "price": "76.81",
            "revenue": 253890
        },
        "2009-08": {
            "month": "2009-08",
            "price": "82.27",
            "revenue": 250412
        },
        "2009-09": {
            "month": "2009-09",
            "price": "96.12",
            "revenue": 272640
        },
        "2009-10": {
            "month": "2009-10",
            "price": "94.89",
            "revenue": 211494
        },
        "2009-11": {
            "month": "2009-11",
            "price": "90.17",
            "revenue": 181893
        },
        "2009-12": {
            "month": "2009-12",
            "price": "88.35",
            "revenue": 198804
        },
        "2010-01": {
            "month": "2010-01",
            "price": "87.94",
            "revenue": 247216
        },
        "2010-02": {
            "month": "2010-02",
            "price": "87.25",
            "revenue": 225348
        },
        "2010-03": {
            "month": "2010-03",
            "price": "98.15",
            "revenue": 236641
        },
        "2010-04": {
            "month": "2010-04",
            "price": "100.02",
            "revenue": 284585
        },
        "2010-05": {
            "month": "2010-05",
            "price": "108.83",
            "revenue": 227354
        },
        "2010-06": {
            "month": "2010-06",
            "price": "94.18",
            "revenue": 337728
        },
        "2010-07": {
            "month": "2010-07",
            "price": "93.44",
            "revenue": 266978
        },
        "2010-08": {
            "month": "2010-08",
            "price": "110.61",
            "revenue": 289750
        },
        "2010-09": {
            "month": "2010-09",
            "price": "123.71",
            "revenue": 234896
        },
        "2010-10": {
            "month": "2010-10",
            "price": "120.57",
            "revenue": 229958
        },
        "2010-11": {
            "month": "2010-11",
            "price": "113.23",
            "revenue": 221717
        },
        "2010-12": {
            "month": "2010-12",
            "price": "129.07",
            "revenue": 255679
        },
        "2011-01": {
            "month": "2011-01",
            "price": "122.82",
            "revenue": 247930
        },
        "2011-02": {
            "month": "2011-02",
            "price": "114.82",
            "revenue": 263059
        },
        "2011-03": {
            "month": "2011-03",
            "price": "116.65",
            "revenue": 269261
        },
        "2011-04": {
            "month": "2011-04",
            "price": "126.63",
            "revenue": 302912
        },
        "2011-05": {
            "month": "2011-05",
            "price": "148.67",
            "revenue": 297928
        },
        "2011-06": {
            "month": "2011-06",
            "price": "151.43",
            "revenue": 290282
        },
        "2011-07": {
            "month": "2011-07",
            "price": "148.26",
            "revenue": 302549
        },
        "2011-08": {
            "month": "2011-08",
            "price": "130.59",
            "revenue": 304212
        },
        "2011-09": {
            "month": "2011-09",
            "price": "134.57",
            "revenue": 310053
        },
        "2011-10": {
            "month": "2011-10",
            "price": "133.48",
            "revenue": 271598
        },
        "2011-11": {
            "month": "2011-11",
            "price": "140.70",
            "revenue": 321474
        },
        "2011-12": {
            "month": "2011-12",
            "price": "139.91",
            "revenue": 321185
        },
        "2012-01": {
            "month": "2012-01",
            "price": "135.97",
            "revenue": 298147
        },
        "2012-02": {
            "month": "2012-02",
            "price": "145.55",
            "revenue": 274606
        },
        "2012-03": {
            "month": "2012-03",
            "price": "148.30",
            "revenue": 275917
        },
        "2012-04": {
            "month": "2012-04",
            "price": "147.05",
            "revenue": 306737
        },
        "2012-05": {
            "month": "2012-05",
            "price": "144.95",
            "revenue": 289662
        },
        "2012-06": {
            "month": "2012-06",
            "price": "141.88",
            "revenue": 310662
        },
        "2012-07": {
            "month": "2012-07",
            "price": "142.73",
            "revenue": 325877
        },
        "2012-08": {
            "month": "2012-08",
            "price": "137.30",
            "revenue": 378000
        },
        "2012-09": {
            "month": "2012-09",
            "price": "139.10",
            "revenue": 342623
        },
        "2012-10": {
            "month": "2012-10",
            "price": "139.86",
            "revenue": 287317
        },
        "2012-11": {
            "month": "2012-11",
            "price": "140.86",
            "revenue": 320663
        },
        "2012-12": {
            "month": "2012-12",
            "price": "142.50",
            "revenue": 320519
        },
        "2013-01": {
            "month": "2013-01",
            "price": "143.68",
            "revenue": 295964
        },
        "2013-02": {
            "month": "2013-02",
            "price": "150.27",
            "revenue": 272406
        },
        "2013-03": {
            "month": "2013-03",
            "price": "156.12",
            "revenue": 291575
        },
        "2013-04": {
            "month": "2013-04",
            "price": "160.85",
            "revenue": 300728
        },
        "2013-05": {
            "month": "2013-05",
            "price": "165.73",
            "revenue": 307718
        },
        "2013-06": {
            "month": "2013-06",
            "price": "162.50",
            "revenue": 339883
        },
        "2013-07": {
            "month": "2013-07",
            "price": "167.89",
            "revenue": 348164
        },
        "2013-08": {
            "month": "2013-08",
            "price": "171.95",
            "revenue": 342471
        },
        "2013-09": {
            "month": "2013-09",
            "price": "170.45",
            "revenue": 310216
        },
        "2013-10": {
            "month": "2013-10",
            "price": "177.30",
            "revenue": 310039
        },
        "2013-11": {
            "month": "2013-11",
            "price": "184.31",
            "revenue": 316059
        },
        "2013-12": {
            "month": "2013-12",
            "price": "186.93",
            "revenue": 315533
        },
        "2014-01": {
            "month": "2014-01",
            "price": "187.72",
            "revenue": 305023
        },
        "2014-02": {
            "month": "2014-02",
            "price": "181.53",
            "revenue": 304484
        },
        "2014-03": {
            "month": "2014-03",
            "price": "187.24",
            "revenue": 308549
        },
        "2014-04": {
            "month": "2014-04",
            "price": "177.29",
            "revenue": 330212
        },
        "2014-05": {
            "month": "2014-05",
            "price": "175.60",
            "revenue": 319057
        },
        "2014-06": {
            "month": "2014-06",
            "price": "179.32",
            "revenue": 343178
        },
        "2014-07": {
            "month": "2014-07",
            "price": "177.48",
            "revenue": 351077
        },
        "2014-08": {
            "month": "2014-08",
            "price": "169.40",
            "revenue": 351956
        },
        "2014-09": {
            "month": "2014-09",
            "price": "171.55",
            "revenue": 331993
        },
        "2014-10": {
            "month": "2014-10",
            "price": "167.05",
            "revenue": 325969
        },
        "2014-11": {
            "month": "2014-11",
            "price": "164.58",
            "revenue": 326601
        },
        "2014-12": {
            "month": "2014-12",
            "price": "162.62",
            "revenue": 326927
        },
        "2015-01": {
            "month": "2015-01",
            "price": "163.52",
            "revenue": 328311
        },
        "2015-02": {
            "month": "2015-02",
            "price": "164.65",
            "revenue": 311100
        },
        "2015-03": {
            "month": "2015-03",
            "price": "171.00",
            "revenue": 324613
        },
        "2015-04": {
            "month": "2015-04",
            "price": "175.05",
            "revenue": 315276
        },
        "2015-05": {
            "month": "2015-05",
            "price": "173.08",
            "revenue": 331887
        },
        "2015-06": {
            "month": "2015-06",
            "price": "170.90",
            "revenue": 370249
        },
        "2015-07": {
            "month": "2015-07",
            "price": "169.16",
            "revenue": 372411
        },
        "2015-08": {
            "month": "2015-08",
            "price": "159.10",
            "revenue": 360729
        },
        "2015-09": {
            "month": "2015-09",
            "price": "158.42",
            "revenue": 344315
        },
        "2015-10": {
            "month": "2015-10",
            "price": "160.48",
            "revenue": 341432
        },
        "2015-11": {
            "month": "2015-11",
            "price": "164.29",
            "revenue": 348662
        },
        "2015-12": {
            "month": "2015-12",
            "price": "160.83",
            "revenue": 329767
        },
        "2016-01": {
            "month": "2016-01",
            "price": "156.57",
            "revenue": 334076
        },
        "2016-02": {
            "month": "2016-02",
            "price": "161.96",
            "revenue": 335789
        },
        "2016-03": {
            "month": "2016-03",
            "price": "165.20",
            "revenue": 944081
        },
        "2016-04": {
            "month": "2016-04",
            "price": "175.45",
            "revenue": 359546
        },
        "2016-05": {
            "month": "2016-05",
            "price": "173.57",
            "revenue": 364746
        },
        "2016-06": {
            "month": "2016-06",
            "price": "177.36",
            "revenue": 401091
        },
        "2016-07": {
            "month": "2016-07",
            "price": "184.38",
            "revenue": 405651
        },
        "2016-08": {
            "month": "2016-08",
            "price": "176.50",
            "revenue": 387540
        },
        "2016-09": {
            "month": "2016-09",
            "price": "175.39",
            "revenue": 376808
        },
        "2016-10": {
            "month": "2016-10",
            "price": "176.42",
            "revenue": 358790
        },
        "2016-11": {
            "month": "2016-11",
            "price": "174.55",
            "revenue": 353752
        },
        "2016-12": {
            "month": "2016-12",
            "price": "174.41",
            "revenue": 352912
        },
        "2017-01": {
            "month": "2017-01",
            "price": "174.53",
            "revenue": 364424
        },
        "2017-02": {
            "month": "2017-02",
            "price": "177.25",
            "revenue": 345302
        },
        "2017-03": {
            "month": "2017-03",
            "price": "179.98",
            "revenue": 349155
        },
        "2017-04": {
            "month": "2017-04",
            "price": "174.97",
            "revenue": 335134
        },
        "2017-05": {
            "month": "2017-05",
            "price": "173.90",
            "revenue": 381143
        },
        "2017-06": {
            "month": "2017-06",
            "price": "176.63",
            "revenue": 399526
        },
        "2017-07": {
            "month": "2017-07",
            "price": "175.88",
            "revenue": 406036
        },
        "2017-08": {
            "month": "2017-08",
            "price": "165.83",
            "revenue": 393740
        },
        "2017-09": {
            "month": "2017-09",
            "price": "166.20",
            "revenue": 401003
        },
        "2017-10": {
            "month": "2017-10",
            "price": "166.87",
            "revenue": 349268
        },
        "2017-11": {
            "month": "2017-11",
            "price": "166.66",
            "revenue": 380287
        },
        "2017-12": {
            "month": "2017-12",
            "price": "165.43",
            "revenue": 381580
        },
        "2018-01": {
            "month": "2018-01",
            "price": "168.11",
            "revenue": 406918
        },
        "2018-02": {
            "month": "2018-02",
            "price": "168.08",
            "revenue": 374177
        },
        "2018-03": {
            "month": "2018-03",
            "price": "172.35",
            "revenue": 403747
        },
        "2018-04": {
            "month": "2018-04",
            "price": "173.81",
            "revenue": 369432
        },
        "2018-05": {
            "month": "2018-05",
            "price": "174.00",
            "revenue": 420936
        },
        "2018-06": {
            "month": "2018-06",
            "price": "173.70",
            "revenue": 437511
        },
        "2018-07": {
            "month": "2018-07",
            "price": "176.50",
            "revenue": 428409
        },
        "2018-08": {
            "month": "2018-08",
            "price": "172.65",
            "revenue": 439680
        },
        "2018-09": {
            "month": "2018-09",
            "price": "173.71",
            "revenue": 421307
        },
        "2018-10": {
            "month": "2018-10",
            "price": "171.50",
            "revenue": 287683
        },
        "2018-11": {
            "month": "2018-11",
            "price": "172.82",
            "revenue": 401691
        },
        "2018-12": {
            "month": "2018-12",
            "price": "174.36",
            "revenue": 455686
        },
        "2019-01": {
            "month": "2019-01",
            "price": "175.81",
            "revenue": 439775
        },
        "2019-02": {
            "month": "2019-02",
            "price": "180.38",
            "revenue": 419754
        },
        "2019-03": {
            "month": "2019-03",
            "price": "185.50",
            "revenue": 428694
        },
        "2019-04": {
            "month": "2019-04",
            "price": "187.08",
            "revenue": 404385
        },
        "2019-05": {
            "month": "2019-05",
            "price": "191.77",
            "revenue": 414058
        },
        "2019-06": {
            "month": "2019-06",
            "price": "196.21",
            "revenue": 421517
        },
        "2019-07": {
            "month": "2019-07",
            "price": "206.00",
            "revenue": 481104
        },
        "2019-08": {
            "month": "2019-08",
            "price": "199.57",
            "revenue": 475972
        },
        "2019-09": {
            "month": "2019-09",
            "price": "200.66",
            "revenue": 518323
        },
        "2019-10": {
            "month": "2019-10",
            "price": "207.12",
            "revenue": 433349
        },
        "2019-11": {
            "month": "2019-11",
            "price": "208.98",
            "revenue": 418285
        },
        "2019-12": {
            "month": "2019-12",
            "price": "208.45",
            "revenue": 466907
        },
        "2020-01": {
            "month": "2020-01",
            "price": "211.40",
            "revenue": 448462
        },
        "2020-02": {
            "month": "2020-02",
            "price": "219.16",
            "revenue": 450671
        },
        "2020-03": {
            "month": "2020-03",
            "price": "201.59",
            "revenue": 401159
        },
        "2020-04": {
            "month": "2020-04",
            "price": "203.60",
            "revenue": 434146
        },
        "2020-05": {
            "month": "2020-05",
            "price": "212.62",
            "revenue": 453206
        },
        "2020-06": {
            "month": "2020-06",
            "price": "215.50",
            "revenue": 461066
        },
        "2020-07": {
            "month": "2020-07",
            "price": "220.63",
            "revenue": 511493
        },
        "2020-08": {
            "month": "2020-08",
            "price": "214.05",
            "revenue": 506047
        },
        "2020-09": {
            "month": "2020-09",
            "price": "213.64",
            "revenue": 520333
        },
        "2020-10": {
            "month": "2020-10",
            "price": "212.29",
            "revenue": 465921
        },
        "2020-11": {
            "month": "2020-11",
            "price": "215.21",
            "revenue": 499723
        },
        "2020-12": {
            "month": "2020-12",
            "price": "220.11",
            "revenue": 489831
        },
        "2021-01": {
            "month": "2021-01",
            "price": "216.55",
            "revenue": 498513
        },
        "2021-02": {
            "month": "2021-02",
            "price": "216.54",
            "revenue": 454986
        },
        "2021-03": {
            "month": "2021-03",
            "price": "221.07",
            "revenue": 462833
        },
        "2021-04": {
            "month": "2021-04",
            "price": "223.58",
            "revenue": 426190
        },
        "2021-05": {
            "month": "2021-05",
            "price": "222.14",
            "revenue": 474838
        },
        "2021-06": {
            "month": "2021-06",
            "price": "227.95",
            "revenue": 502581
        },
        "2021-07": {
            "month": "2021-07",
            "price": "234.61",
            "revenue": 530970
        },
        "2021-08": {
            "month": "2021-08",
            "price": "233.86",
            "revenue": 531249
        },
        "2021-09": {
            "month": "2021-09",
            "price": "229.35",
            "revenue": 519621
        },
        "2021-10": {
            "month": "2021-10",
            "price": "232.00",
            "revenue": 496641
        },
        "2021-11": {
            "month": "2021-11",
            "price": "235.23",
            "revenue": 508768
        },
        "2021-12": {
            "month": "2021-12",
            "price": "234.14",
            "revenue": 547862
        },
        "2022-01": {
            "month": "2022-01",
            "price": "234.11",
            "revenue": 524749
        },
        "2022-02": {
            "month": "2022-02",
            "price": "235.30",
            "revenue": 543420
        },
        "2022-03": {
            "month": "2022-03",
            "price": "242.96",
            "revenue": 519244
        },
        "2022-04": {
            "month": "2022-04",
            "price": "245.82",
            "revenue": 500049
        },
        "2022-05": {
            "month": "2022-05",
            "price": "243.08",
            "revenue": 579775
        },
        "2022-06": {
            "month": "2022-06",
            "price": "247.29",
            "revenue": 611729
        },
        "2022-07": {
            "month": "2022-07",
            "price": "242.07",
            "revenue": 642170
        },
        "2022-08": {
            "month": "2022-08",
            "price": "251.20",
            "revenue": 622584
        },
        "2022-09": {
            "month": "2022-09",
            "price": "267.62",
            "revenue": 631296
        },
        "2022-10": {
            "month": "2022-10",
            "price": "246.35",
            "revenue": 564690
        },
        "2022-11": {
            "month": "2022-11",
            "price": "246.23",
            "revenue": 554596
        },
        "2022-12": {
            "month": "2022-12",
            "price": "247.98",
            "revenue": 747714
        },
        "2023-01": {
            "month": "2023-01",
            "price": "253.73",
            "revenue": 625880
        },
        "2023-02": {
            "month": "2023-02",
            "price": "264.39",
            "revenue": 578482
        },
        "2023-03": {
            "month": "2023-03",
            "price": "271.30",
            "revenue": 635525
        },
        "2023-04": {
            "month": "2023-04",
            "price": "283.32",
            "revenue": 564924
        }
    }
}
