{
    "summary": {
        "stock_name": "邑錡",
        "stock_id": "7402",
        "category": "光電",
        "main_business": "自有品牌縮時攝影相機OBM業務, 主要產品:<br>建築工程縮時相機 ,智能電子貓眼, 縮時感應相機<br>創新ODM業務,主要項目:韌體開發, 研發設計, 製造量產",
        "website_url": "http://www.brinno.com",
        "ceo": "陳世哲",
        "pe_ratio": 35,
        "report_year_from": 2014,
        "report_year_to": 2023,
        "age": 9,
        "eps_negative_percentage": 0,
        "eps_growth_avg": {
            "last_all": 17.46,
            "last_2y": 30.52,
            "last_4y": 28.74,
            "last_8y": null,
            "last_12y": null,
            "last_16y": null,
            "last_20y": null,
            "at_2006_last_3y": null,
            "at_2007_last_3y": null,
            "at_2008_last_3y": null,
            "at_2009_last_3y": null,
            "at_2010_last_3y": null,
            "at_2011_last_3y": null,
            "at_2012_last_3y": null,
            "at_2013_last_3y": null,
            "at_2014_last_3y": null,
            "at_2015_last_3y": null,
            "at_2016_last_3y": null,
            "at_2017_last_3y": null,
            "at_2018_last_3y": null,
            "at_2019_last_3y": 7.66,
            "at_2020_last_3y": -2.07,
            "at_2021_last_3y": 25.76,
            "at_2022_last_3y": 15.8,
            "at_2023_last_3y": 15.8,
            "at_2006_last_all": null,
            "at_2007_last_all": null,
            "at_2008_last_all": null,
            "at_2009_last_all": null,
            "at_2010_last_all": null,
            "at_2011_last_all": null,
            "at_2012_last_all": null,
            "at_2013_last_all": null,
            "at_2014_last_all": null,
            "at_2015_last_all": null,
            "at_2016_last_all": null,
            "at_2017_last_all": -10.73,
            "at_2018_last_all": 19.68,
            "at_2019_last_all": 7.66,
            "at_2020_last_all": 6.13,
            "at_2021_last_all": 13.6,
            "at_2022_last_all": 17.46,
            "at_2023_last_all": 17.46
        },
        "latest_eps": 1.77,
        "latest_price": 62.5,
        "latest_roe": 11.48,
        "latest_gross_margin": 35.62,
        "latest_equity": 535879,
        "latest_revenue": 96937,
        "latest_gross_profit": 34528,
        "latest_net_income": 209,
        "latest_debt_ratio": 33.57,
        "latest_current_ratio": 293.72,
        "latest_account_receivable_turnover_ratio": 0.92,
        "latest_inventory_turnover_ratio": 0.43,
        "latest_reinvestment_rate": -30.01,
        "latest_research_to_sale_ratio": 10.16
    },
    "eps_dividends": {
        "2001": {
            "cash": 0,
            "stock": 0,
            "eps": 0
        },
        "2002": {
            "cash": 0,
            "stock": 0,
            "eps": 0
        },
        "2003": {
            "cash": 0,
            "stock": 0,
            "eps": 0
        },
        "2004": {
            "cash": 0,
            "stock": 0,
            "eps": 0
        },
        "2005": {
            "cash": 0,
            "stock": 0,
            "eps": 0
        },
        "2006": {
            "cash": 0,
            "stock": 0,
            "eps": 0
        },
        "2007": {
            "cash": 0,
            "stock": 0,
            "eps": 0
        },
        "2008": {
            "cash": 0,
            "stock": 0,
            "eps": 0
        },
        "2009": {
            "cash": 0,
            "stock": 0,
            "eps": 0
        },
        "2010": {
            "cash": 0,
            "stock": 0,
            "eps": 0
        },
        "2011": {
            "cash": 0,
            "stock": 0,
            "eps": 0
        },
        "2012": {
            "cash": 0,
            "stock": 0,
            "eps": 0
        },
        "2013": {
            "cash": 0,
            "stock": 0,
            "eps": 0
        },
        "2014": {
            "cash": 0,
            "stock": 0,
            "eps": 0
        },
        "2015": {
            "cash": 0,
            "stock": 1,
            "eps": 1.49
        },
        "2016": {
            "cash": 2,
            "stock": 0,
            "eps": 2.07
        },
        "2017": {
            "cash": 0,
            "stock": 2,
            "eps": 0.82
        },
        "2018": {
            "cash": 0,
            "stock": 1,
            "eps": 1.48
        },
        "2019": {
            "cash": 1,
            "stock": 0,
            "eps": 1.06
        },
        "2020": {
            "cash": 1,
            "stock": 1,
            "eps": 1.06
        },
        "2021": {
            "cash": 1,
            "stock": 1,
            "eps": 1.6
        },
        "2022": {
            "cash": 1,
            "stock": 1,
            "eps": 2.25
        },
        "2023": {
            "cash": 1,
            "stock": 1,
            "eps": 0.01
        }
    },
    "dividends": {
        "2015-09-11": {
            "cash": 0.15,
            "stock": 1.43
        },
        "2016-08-12": {
            "cash": 2.2,
            "stock": 0
        },
        "2017-09-29": {
            "cash": 0.41,
            "stock": 1.5
        },
        "2018-09-21": {
            "cash": 0.35,
            "stock": 0.65
        },
        "2019-08-15": {
            "cash": 1.2,
            "stock": 0
        },
        "2020-09-23": {
            "cash": 0.55,
            "stock": 0.65
        },
        "2021-09-29": {
            "cash": 0.7,
            "stock": 0.5
        },
        "2022-10-07": {
            "cash": 1,
            "stock": 0.5
        },
        "2023-03-20": {
            "cash": 1.4,
            "stock": 0.6
        }
    },
    "prices": {
        "200101": "無",
        "200102": "無",
        "200103": "無",
        "200104": "無",
        "200105": "無",
        "200106": "無",
        "200107": "無",
        "200108": "無",
        "200109": "無",
        "200110": "無",
        "200111": "無",
        "200112": "無",
        "200201": "無",
        "200202": "無",
        "200203": "無",
        "200204": "無",
        "200205": "無",
        "200206": "無",
        "200207": "無",
        "200208": "無",
        "200209": "無",
        "200210": "無",
        "200211": "無",
        "200212": "無",
        "200301": "無",
        "200302": "無",
        "200303": "無",
        "200304": "無",
        "200305": "無",
        "200306": "無",
        "200307": "無",
        "200308": "無",
        "200309": "無",
        "200310": "無",
        "200311": "無",
        "200312": "無",
        "200401": "無",
        "200402": "無",
        "200403": "無",
        "200404": "無",
        "200405": "無",
        "200406": "無",
        "200407": "無",
        "200408": "無",
        "200409": "無",
        "200410": "無",
        "200411": "無",
        "200412": "無",
        "200501": "無",
        "200502": "無",
        "200503": "無",
        "200504": "無",
        "200505": "無",
        "200506": "無",
        "200507": "無",
        "200508": "無",
        "200509": "無",
        "200510": "無",
        "200511": "無",
        "200512": "無",
        "200601": "無",
        "200602": "無",
        "200603": "無",
        "200604": "無",
        "200605": "無",
        "200606": "無",
        "200607": "無",
        "200608": "無",
        "200609": "無",
        "200610": "無",
        "200611": "無",
        "200612": "無",
        "200701": "無",
        "200702": "無",
        "200703": "無",
        "200704": "無",
        "200705": "無",
        "200706": "無",
        "200707": "無",
        "200708": "無",
        "200709": "無",
        "200710": "無",
        "200711": "無",
        "200712": "無",
        "200801": "無",
        "200802": "無",
        "200803": "無",
        "200804": "無",
        "200805": "無",
        "200806": "無",
        "200807": "無",
        "200808": "無",
        "200809": "無",
        "200810": "無",
        "200811": "無",
        "200812": "無",
        "200901": "無",
        "200902": "無",
        "200903": "無",
        "200904": "無",
        "200905": "無",
        "200906": "無",
        "200907": "無",
        "200908": "無",
        "200909": "無",
        "200910": "無",
        "200911": "無",
        "200912": "無",
        "201001": "無",
        "201002": "無",
        "201003": "無",
        "201004": "無",
        "201005": "無",
        "201006": "無",
        "201007": "無",
        "201008": "無",
        "201009": "無",
        "201010": "無",
        "201011": "無",
        "201012": "無",
        "201101": "無",
        "201102": "無",
        "201103": "無",
        "201104": "無",
        "201105": "無",
        "201106": "無",
        "201107": "無",
        "201108": "無",
        "201109": "無",
        "201110": "無",
        "201111": "無",
        "201112": "無",
        "201201": "無",
        "201202": "無",
        "201203": "無",
        "201204": "無",
        "201205": "無",
        "201206": "無",
        "201207": "無",
        "201208": "無",
        "201209": "無",
        "201210": "無",
        "201211": "無",
        "201212": "無",
        "201301": "無",
        "201302": "無",
        "201303": "無",
        "201304": "無",
        "201305": "無",
        "201306": "無",
        "201307": "無",
        "201308": "無",
        "201309": "無",
        "201310": "無",
        "201311": "無",
        "201312": "無",
        "201401": "無",
        "201402": "無",
        "201403": "無",
        "201404": "無",
        "201405": "無",
        "201406": "無",
        "201407": "無",
        "201408": "無",
        "201409": "無",
        "201410": "無",
        "201411": "無",
        "201412": "107.79",
        "201501": "110.08",
        "201502": "100.26",
        "201503": "99.51",
        "201504": "92.66",
        "201505": "88.08",
        "201506": "88.49",
        "201507": "85.41",
        "201508": "80.84",
        "201509": "79.58",
        "201510": "86.20",
        "201511": "87.45",
        "201512": "101.23",
        "201601": "79.80",
        "201602": "80.43",
        "201603": "80.83",
        "201604": "82.49",
        "201605": "79.82",
        "201606": "78.78",
        "201607": "76.48",
        "201608": "67.87",
        "201609": "61.39",
        "201610": "67.66",
        "201611": "61.04",
        "201612": "61.87",
        "201701": "67.36",
        "201702": "72.16",
        "201703": "66.59",
        "201704": "80.56",
        "201705": "78.37",
        "201706": "83.86",
        "201707": "79.84",
        "201708": "69.65",
        "201709": "62.36",
        "201710": "57.95",
        "201711": "51.23",
        "201712": "45.71",
        "201801": "44.17",
        "201802": "45.17",
        "201803": "51.02",
        "201804": "47.65",
        "201805": "46.77",
        "201806": "46.35",
        "201807": "47.36",
        "201808": "47.12",
        "201809": "45.78",
        "201810": "42.11",
        "201811": "39.49",
        "201812": "42.35",
        "201901": "47.59",
        "201902": "48.87",
        "201903": "51.24",
        "201904": "50.36",
        "201905": "53.67",
        "201906": "50.45",
        "201907": "48.40",
        "201908": "47.21",
        "201909": "44.43",
        "201910": "42.66",
        "201911": "40.79",
        "201912": "39.82",
        "202001": "39.47",
        "202002": "36.00",
        "202003": "30.47",
        "202004": "31.76",
        "202005": "36.02",
        "202006": "35.60",
        "202007": "31.89",
        "202008": "28.89",
        "202009": "28.85",
        "202010": "28.46",
        "202011": "27.26",
        "202012": "28.22",
        "202101": "29.05",
        "202102": "30.33",
        "202103": "32.01",
        "202104": "43.59",
        "202105": "38.50",
        "202106": "41.57",
        "202107": "43.51",
        "202108": "41.35",
        "202109": "39.70",
        "202110": "39.77",
        "202111": "49.19",
        "202112": "48.88",
        "202201": "47.25",
        "202202": "47.98",
        "202203": "47.30",
        "202204": "46.61",
        "202205": "48.50",
        "202206": "49.55",
        "202207": "48.08",
        "202208": "48.64",
        "202209": "47.72",
        "202210": "40.29",
        "202211": "39.54",
        "202212": "39.63",
        "202301": "35.66",
        "202302": "37.00",
        "202303": "64.33",
        "202304": "72.38",
        "202305": "66.14"
    },
    "quarters": {
        "20011": {
            "year_quarter": 20011,
            "year": 2001,
            "quarter": 1,
            "eps": null,
            "eps_growth_year": null,
            "eps_4q": null,
            "eps_4q_growth_year": null,
            "roe": null,
            "roe_4q": 0,
            "gross_profit": null,
            "gross_margin": null,
            "gross_margin_4q_avg": 0,
            "net_income": null,
            "revenue": null,
            "common_shares": null,
            "book_valuer_per_share": null,
            "book_valuer_per_share_4q_avg": 0,
            "equity": null,
            "current_ratio": null,
            "debt_ratio": null,
            "inventory_turnover_ratio": null,
            "account_receivable_turnover_ratio": null,
            "reinvestment_rate": null,
            "research_to_sale_ratio": null,
            "price_fair": 0,
            "eps_avg_yearly": 0,
            "eps_latest_yearly": 0,
            "eps_growth_yearly": 0
        },
        "20012": {
            "year_quarter": 20012,
            "year": 2001,
            "quarter": 2,
            "eps": null,
            "eps_growth_year": null,
            "eps_4q": null,
            "eps_4q_growth_year": null,
            "roe": null,
            "roe_4q": 0,
            "gross_profit": null,
            "gross_margin": null,
            "gross_margin_4q_avg": 0,
            "net_income": null,
            "revenue": null,
            "common_shares": null,
            "book_valuer_per_share": null,
            "book_valuer_per_share_4q_avg": 0,
            "equity": null,
            "current_ratio": null,
            "debt_ratio": null,
            "inventory_turnover_ratio": null,
            "account_receivable_turnover_ratio": null,
            "reinvestment_rate": null,
            "research_to_sale_ratio": null,
            "price_fair": 0,
            "eps_avg_yearly": 0,
            "eps_latest_yearly": 0,
            "eps_growth_yearly": 0
        },
        "20013": {
            "year_quarter": 20013,
            "year": 2001,
            "quarter": 3,
            "eps": null,
            "eps_growth_year": null,
            "eps_4q": null,
            "eps_4q_growth_year": null,
            "roe": null,
            "roe_4q": 0,
            "gross_profit": null,
            "gross_margin": null,
            "gross_margin_4q_avg": 0,
            "net_income": null,
            "revenue": null,
            "common_shares": null,
            "book_valuer_per_share": null,
            "book_valuer_per_share_4q_avg": 0,
            "equity": null,
            "current_ratio": null,
            "debt_ratio": null,
            "inventory_turnover_ratio": null,
            "account_receivable_turnover_ratio": null,
            "reinvestment_rate": null,
            "research_to_sale_ratio": null,
            "price_fair": 0,
            "eps_avg_yearly": 0,
            "eps_latest_yearly": 0,
            "eps_growth_yearly": 0
        },
        "20014": {
            "year_quarter": 20014,
            "year": 2001,
            "quarter": 4,
            "eps": null,
            "eps_growth_year": null,
            "eps_4q": null,
            "eps_4q_growth_year": null,
            "roe": null,
            "roe_4q": 0,
            "gross_profit": null,
            "gross_margin": null,
            "gross_margin_4q_avg": 0,
            "net_income": null,
            "revenue": null,
            "common_shares": null,
            "book_valuer_per_share": null,
            "book_valuer_per_share_4q_avg": 0,
            "equity": null,
            "current_ratio": null,
            "debt_ratio": null,
            "inventory_turnover_ratio": null,
            "account_receivable_turnover_ratio": null,
            "reinvestment_rate": null,
            "research_to_sale_ratio": null,
            "price_fair": 0,
            "eps_avg_yearly": 0,
            "eps_latest_yearly": 0,
            "eps_growth_yearly": 0
        },
        "20021": {
            "year_quarter": 20021,
            "year": 2002,
            "quarter": 1,
            "eps": null,
            "eps_growth_year": null,
            "eps_4q": null,
            "eps_4q_growth_year": null,
            "roe": null,
            "roe_4q": 0,
            "gross_profit": null,
            "gross_margin": null,
            "gross_margin_4q_avg": 0,
            "net_income": null,
            "revenue": null,
            "common_shares": null,
            "book_valuer_per_share": null,
            "book_valuer_per_share_4q_avg": 0,
            "equity": null,
            "current_ratio": null,
            "debt_ratio": null,
            "inventory_turnover_ratio": null,
            "account_receivable_turnover_ratio": null,
            "reinvestment_rate": null,
            "research_to_sale_ratio": null,
            "price_fair": 0,
            "eps_avg_yearly": 0,
            "eps_latest_yearly": 0,
            "eps_growth_yearly": 0
        },
        "20022": {
            "year_quarter": 20022,
            "year": 2002,
            "quarter": 2,
            "eps": null,
            "eps_growth_year": null,
            "eps_4q": null,
            "eps_4q_growth_year": null,
            "roe": null,
            "roe_4q": 0,
            "gross_profit": null,
            "gross_margin": null,
            "gross_margin_4q_avg": 0,
            "net_income": null,
            "revenue": null,
            "common_shares": null,
            "book_valuer_per_share": null,
            "book_valuer_per_share_4q_avg": 0,
            "equity": null,
            "current_ratio": null,
            "debt_ratio": null,
            "inventory_turnover_ratio": null,
            "account_receivable_turnover_ratio": null,
            "reinvestment_rate": null,
            "research_to_sale_ratio": null,
            "price_fair": 0,
            "eps_avg_yearly": 0,
            "eps_latest_yearly": 0,
            "eps_growth_yearly": 0
        },
        "20023": {
            "year_quarter": 20023,
            "year": 2002,
            "quarter": 3,
            "eps": null,
            "eps_growth_year": null,
            "eps_4q": null,
            "eps_4q_growth_year": null,
            "roe": null,
            "roe_4q": 0,
            "gross_profit": null,
            "gross_margin": null,
            "gross_margin_4q_avg": 0,
            "net_income": null,
            "revenue": null,
            "common_shares": null,
            "book_valuer_per_share": null,
            "book_valuer_per_share_4q_avg": 0,
            "equity": null,
            "current_ratio": null,
            "debt_ratio": null,
            "inventory_turnover_ratio": null,
            "account_receivable_turnover_ratio": null,
            "reinvestment_rate": null,
            "research_to_sale_ratio": null,
            "price_fair": 0,
            "eps_avg_yearly": 0,
            "eps_latest_yearly": 0,
            "eps_growth_yearly": 0
        },
        "20024": {
            "year_quarter": 20024,
            "year": 2002,
            "quarter": 4,
            "eps": null,
            "eps_growth_year": null,
            "eps_4q": null,
            "eps_4q_growth_year": null,
            "roe": null,
            "roe_4q": 0,
            "gross_profit": null,
            "gross_margin": null,
            "gross_margin_4q_avg": 0,
            "net_income": null,
            "revenue": null,
            "common_shares": null,
            "book_valuer_per_share": null,
            "book_valuer_per_share_4q_avg": 0,
            "equity": null,
            "current_ratio": null,
            "debt_ratio": null,
            "inventory_turnover_ratio": null,
            "account_receivable_turnover_ratio": null,
            "reinvestment_rate": null,
            "research_to_sale_ratio": null,
            "price_fair": 0,
            "eps_avg_yearly": 0,
            "eps_latest_yearly": 0,
            "eps_growth_yearly": 0
        },
        "20031": {
            "year_quarter": 20031,
            "year": 2003,
            "quarter": 1,
            "eps": null,
            "eps_growth_year": null,
            "eps_4q": null,
            "eps_4q_growth_year": null,
            "roe": null,
            "roe_4q": 0,
            "gross_profit": null,
            "gross_margin": null,
            "gross_margin_4q_avg": 0,
            "net_income": null,
            "revenue": null,
            "common_shares": null,
            "book_valuer_per_share": null,
            "book_valuer_per_share_4q_avg": 0,
            "equity": null,
            "current_ratio": null,
            "debt_ratio": null,
            "inventory_turnover_ratio": null,
            "account_receivable_turnover_ratio": null,
            "reinvestment_rate": null,
            "research_to_sale_ratio": null,
            "price_fair": 0,
            "eps_avg_yearly": 0,
            "eps_latest_yearly": 0,
            "eps_growth_yearly": 0
        },
        "20032": {
            "year_quarter": 20032,
            "year": 2003,
            "quarter": 2,
            "eps": null,
            "eps_growth_year": null,
            "eps_4q": null,
            "eps_4q_growth_year": null,
            "roe": null,
            "roe_4q": 0,
            "gross_profit": null,
            "gross_margin": null,
            "gross_margin_4q_avg": 0,
            "net_income": null,
            "revenue": null,
            "common_shares": null,
            "book_valuer_per_share": null,
            "book_valuer_per_share_4q_avg": 0,
            "equity": null,
            "current_ratio": null,
            "debt_ratio": null,
            "inventory_turnover_ratio": null,
            "account_receivable_turnover_ratio": null,
            "reinvestment_rate": null,
            "research_to_sale_ratio": null,
            "price_fair": 0,
            "eps_avg_yearly": 0,
            "eps_latest_yearly": 0,
            "eps_growth_yearly": 0
        },
        "20033": {
            "year_quarter": 20033,
            "year": 2003,
            "quarter": 3,
            "eps": null,
            "eps_growth_year": null,
            "eps_4q": null,
            "eps_4q_growth_year": null,
            "roe": null,
            "roe_4q": 0,
            "gross_profit": null,
            "gross_margin": null,
            "gross_margin_4q_avg": 0,
            "net_income": null,
            "revenue": null,
            "common_shares": null,
            "book_valuer_per_share": null,
            "book_valuer_per_share_4q_avg": 0,
            "equity": null,
            "current_ratio": null,
            "debt_ratio": null,
            "inventory_turnover_ratio": null,
            "account_receivable_turnover_ratio": null,
            "reinvestment_rate": null,
            "research_to_sale_ratio": null,
            "price_fair": 0,
            "eps_avg_yearly": 0,
            "eps_latest_yearly": 0,
            "eps_growth_yearly": 0
        },
        "20034": {
            "year_quarter": 20034,
            "year": 2003,
            "quarter": 4,
            "eps": null,
            "eps_growth_year": null,
            "eps_4q": null,
            "eps_4q_growth_year": null,
            "roe": null,
            "roe_4q": 0,
            "gross_profit": null,
            "gross_margin": null,
            "gross_margin_4q_avg": 0,
            "net_income": null,
            "revenue": null,
            "common_shares": null,
            "book_valuer_per_share": null,
            "book_valuer_per_share_4q_avg": 0,
            "equity": null,
            "current_ratio": null,
            "debt_ratio": null,
            "inventory_turnover_ratio": null,
            "account_receivable_turnover_ratio": null,
            "reinvestment_rate": null,
            "research_to_sale_ratio": null,
            "price_fair": 0,
            "eps_avg_yearly": 0,
            "eps_latest_yearly": 0,
            "eps_growth_yearly": 0
        },
        "20041": {
            "year_quarter": 20041,
            "year": 2004,
            "quarter": 1,
            "eps": null,
            "eps_growth_year": null,
            "eps_4q": null,
            "eps_4q_growth_year": null,
            "roe": null,
            "roe_4q": 0,
            "gross_profit": null,
            "gross_margin": null,
            "gross_margin_4q_avg": 0,
            "net_income": null,
            "revenue": null,
            "common_shares": null,
            "book_valuer_per_share": null,
            "book_valuer_per_share_4q_avg": 0,
            "equity": null,
            "current_ratio": null,
            "debt_ratio": null,
            "inventory_turnover_ratio": null,
            "account_receivable_turnover_ratio": null,
            "reinvestment_rate": null,
            "research_to_sale_ratio": null,
            "price_fair": 0,
            "eps_avg_yearly": 0,
            "eps_latest_yearly": 0,
            "eps_growth_yearly": 0
        },
        "20042": {
            "year_quarter": 20042,
            "year": 2004,
            "quarter": 2,
            "eps": null,
            "eps_growth_year": null,
            "eps_4q": null,
            "eps_4q_growth_year": null,
            "roe": null,
            "roe_4q": 0,
            "gross_profit": null,
            "gross_margin": null,
            "gross_margin_4q_avg": 0,
            "net_income": null,
            "revenue": null,
            "common_shares": null,
            "book_valuer_per_share": null,
            "book_valuer_per_share_4q_avg": 0,
            "equity": null,
            "current_ratio": null,
            "debt_ratio": null,
            "inventory_turnover_ratio": null,
            "account_receivable_turnover_ratio": null,
            "reinvestment_rate": null,
            "research_to_sale_ratio": null,
            "price_fair": 0,
            "eps_avg_yearly": 0,
            "eps_latest_yearly": 0,
            "eps_growth_yearly": 0
        },
        "20043": {
            "year_quarter": 20043,
            "year": 2004,
            "quarter": 3,
            "eps": null,
            "eps_growth_year": null,
            "eps_4q": null,
            "eps_4q_growth_year": null,
            "roe": null,
            "roe_4q": 0,
            "gross_profit": null,
            "gross_margin": null,
            "gross_margin_4q_avg": 0,
            "net_income": null,
            "revenue": null,
            "common_shares": null,
            "book_valuer_per_share": null,
            "book_valuer_per_share_4q_avg": 0,
            "equity": null,
            "current_ratio": null,
            "debt_ratio": null,
            "inventory_turnover_ratio": null,
            "account_receivable_turnover_ratio": null,
            "reinvestment_rate": null,
            "research_to_sale_ratio": null,
            "price_fair": 0,
            "eps_avg_yearly": 0,
            "eps_latest_yearly": 0,
            "eps_growth_yearly": 0
        },
        "20044": {
            "year_quarter": 20044,
            "year": 2004,
            "quarter": 4,
            "eps": null,
            "eps_growth_year": null,
            "eps_4q": null,
            "eps_4q_growth_year": null,
            "roe": null,
            "roe_4q": 0,
            "gross_profit": null,
            "gross_margin": null,
            "gross_margin_4q_avg": 0,
            "net_income": null,
            "revenue": null,
            "common_shares": null,
            "book_valuer_per_share": null,
            "book_valuer_per_share_4q_avg": 0,
            "equity": null,
            "current_ratio": null,
            "debt_ratio": null,
            "inventory_turnover_ratio": null,
            "account_receivable_turnover_ratio": null,
            "reinvestment_rate": null,
            "research_to_sale_ratio": null,
            "price_fair": 0,
            "eps_avg_yearly": 0,
            "eps_latest_yearly": 0,
            "eps_growth_yearly": 0
        },
        "20051": {
            "year_quarter": 20051,
            "year": 2005,
            "quarter": 1,
            "eps": null,
            "eps_growth_year": null,
            "eps_4q": null,
            "eps_4q_growth_year": null,
            "roe": null,
            "roe_4q": 0,
            "gross_profit": null,
            "gross_margin": null,
            "gross_margin_4q_avg": 0,
            "net_income": null,
            "revenue": null,
            "common_shares": null,
            "book_valuer_per_share": null,
            "book_valuer_per_share_4q_avg": 0,
            "equity": null,
            "current_ratio": null,
            "debt_ratio": null,
            "inventory_turnover_ratio": null,
            "account_receivable_turnover_ratio": null,
            "reinvestment_rate": null,
            "research_to_sale_ratio": null,
            "price_fair": 0,
            "eps_avg_yearly": 0,
            "eps_latest_yearly": 0,
            "eps_growth_yearly": 0
        },
        "20052": {
            "year_quarter": 20052,
            "year": 2005,
            "quarter": 2,
            "eps": null,
            "eps_growth_year": null,
            "eps_4q": null,
            "eps_4q_growth_year": null,
            "roe": null,
            "roe_4q": 0,
            "gross_profit": null,
            "gross_margin": null,
            "gross_margin_4q_avg": 0,
            "net_income": null,
            "revenue": null,
            "common_shares": null,
            "book_valuer_per_share": null,
            "book_valuer_per_share_4q_avg": 0,
            "equity": null,
            "current_ratio": null,
            "debt_ratio": null,
            "inventory_turnover_ratio": null,
            "account_receivable_turnover_ratio": null,
            "reinvestment_rate": null,
            "research_to_sale_ratio": null,
            "price_fair": 0,
            "eps_avg_yearly": 0,
            "eps_latest_yearly": 0,
            "eps_growth_yearly": 0
        },
        "20053": {
            "year_quarter": 20053,
            "year": 2005,
            "quarter": 3,
            "eps": null,
            "eps_growth_year": null,
            "eps_4q": null,
            "eps_4q_growth_year": null,
            "roe": null,
            "roe_4q": 0,
            "gross_profit": null,
            "gross_margin": null,
            "gross_margin_4q_avg": 0,
            "net_income": null,
            "revenue": null,
            "common_shares": null,
            "book_valuer_per_share": null,
            "book_valuer_per_share_4q_avg": 0,
            "equity": null,
            "current_ratio": null,
            "debt_ratio": null,
            "inventory_turnover_ratio": null,
            "account_receivable_turnover_ratio": null,
            "reinvestment_rate": null,
            "research_to_sale_ratio": null,
            "price_fair": 0,
            "eps_avg_yearly": 0,
            "eps_latest_yearly": 0,
            "eps_growth_yearly": 0
        },
        "20054": {
            "year_quarter": 20054,
            "year": 2005,
            "quarter": 4,
            "eps": null,
            "eps_growth_year": null,
            "eps_4q": null,
            "eps_4q_growth_year": null,
            "roe": null,
            "roe_4q": 0,
            "gross_profit": null,
            "gross_margin": null,
            "gross_margin_4q_avg": 0,
            "net_income": null,
            "revenue": null,
            "common_shares": null,
            "book_valuer_per_share": null,
            "book_valuer_per_share_4q_avg": 0,
            "equity": null,
            "current_ratio": null,
            "debt_ratio": null,
            "inventory_turnover_ratio": null,
            "account_receivable_turnover_ratio": null,
            "reinvestment_rate": null,
            "research_to_sale_ratio": null,
            "price_fair": 0,
            "eps_avg_yearly": 0,
            "eps_latest_yearly": 0,
            "eps_growth_yearly": 0
        },
        "20061": {
            "year_quarter": 20061,
            "year": 2006,
            "quarter": 1,
            "eps": null,
            "eps_growth_year": null,
            "eps_4q": null,
            "eps_4q_growth_year": null,
            "roe": null,
            "roe_4q": 0,
            "gross_profit": null,
            "gross_margin": null,
            "gross_margin_4q_avg": 0,
            "net_income": null,
            "revenue": null,
            "common_shares": null,
            "book_valuer_per_share": null,
            "book_valuer_per_share_4q_avg": 0,
            "equity": null,
            "current_ratio": null,
            "debt_ratio": null,
            "inventory_turnover_ratio": null,
            "account_receivable_turnover_ratio": null,
            "reinvestment_rate": null,
            "research_to_sale_ratio": null,
            "price_fair": 0,
            "eps_avg_yearly": 0,
            "eps_latest_yearly": 0,
            "eps_growth_yearly": 0
        },
        "20062": {
            "year_quarter": 20062,
            "year": 2006,
            "quarter": 2,
            "eps": null,
            "eps_growth_year": null,
            "eps_4q": null,
            "eps_4q_growth_year": null,
            "roe": null,
            "roe_4q": 0,
            "gross_profit": null,
            "gross_margin": null,
            "gross_margin_4q_avg": 0,
            "net_income": null,
            "revenue": null,
            "common_shares": null,
            "book_valuer_per_share": null,
            "book_valuer_per_share_4q_avg": 0,
            "equity": null,
            "current_ratio": null,
            "debt_ratio": null,
            "inventory_turnover_ratio": null,
            "account_receivable_turnover_ratio": null,
            "reinvestment_rate": null,
            "research_to_sale_ratio": null,
            "price_fair": 0,
            "eps_avg_yearly": 0,
            "eps_latest_yearly": 0,
            "eps_growth_yearly": 0
        },
        "20063": {
            "year_quarter": 20063,
            "year": 2006,
            "quarter": 3,
            "eps": null,
            "eps_growth_year": null,
            "eps_4q": null,
            "eps_4q_growth_year": null,
            "roe": null,
            "roe_4q": 0,
            "gross_profit": null,
            "gross_margin": null,
            "gross_margin_4q_avg": 0,
            "net_income": null,
            "revenue": null,
            "common_shares": null,
            "book_valuer_per_share": null,
            "book_valuer_per_share_4q_avg": 0,
            "equity": null,
            "current_ratio": null,
            "debt_ratio": null,
            "inventory_turnover_ratio": null,
            "account_receivable_turnover_ratio": null,
            "reinvestment_rate": null,
            "research_to_sale_ratio": null,
            "price_fair": 0,
            "eps_avg_yearly": 0,
            "eps_latest_yearly": 0,
            "eps_growth_yearly": 0
        },
        "20064": {
            "year_quarter": 20064,
            "year": 2006,
            "quarter": 4,
            "eps": null,
            "eps_growth_year": null,
            "eps_4q": null,
            "eps_4q_growth_year": null,
            "roe": null,
            "roe_4q": 0,
            "gross_profit": null,
            "gross_margin": null,
            "gross_margin_4q_avg": 0,
            "net_income": null,
            "revenue": null,
            "common_shares": null,
            "book_valuer_per_share": null,
            "book_valuer_per_share_4q_avg": 0,
            "equity": null,
            "current_ratio": null,
            "debt_ratio": null,
            "inventory_turnover_ratio": null,
            "account_receivable_turnover_ratio": null,
            "reinvestment_rate": null,
            "research_to_sale_ratio": null,
            "price_fair": 0,
            "eps_avg_yearly": 0,
            "eps_latest_yearly": 0,
            "eps_growth_yearly": 0
        },
        "20071": {
            "year_quarter": 20071,
            "year": 2007,
            "quarter": 1,
            "eps": null,
            "eps_growth_year": null,
            "eps_4q": null,
            "eps_4q_growth_year": null,
            "roe": null,
            "roe_4q": 0,
            "gross_profit": null,
            "gross_margin": null,
            "gross_margin_4q_avg": 0,
            "net_income": null,
            "revenue": null,
            "common_shares": null,
            "book_valuer_per_share": null,
            "book_valuer_per_share_4q_avg": 0,
            "equity": null,
            "current_ratio": null,
            "debt_ratio": null,
            "inventory_turnover_ratio": null,
            "account_receivable_turnover_ratio": null,
            "reinvestment_rate": null,
            "research_to_sale_ratio": null,
            "price_fair": 0,
            "eps_avg_yearly": 0,
            "eps_latest_yearly": 0,
            "eps_growth_yearly": 0
        },
        "20072": {
            "year_quarter": 20072,
            "year": 2007,
            "quarter": 2,
            "eps": null,
            "eps_growth_year": null,
            "eps_4q": null,
            "eps_4q_growth_year": null,
            "roe": null,
            "roe_4q": 0,
            "gross_profit": null,
            "gross_margin": null,
            "gross_margin_4q_avg": 0,
            "net_income": null,
            "revenue": null,
            "common_shares": null,
            "book_valuer_per_share": null,
            "book_valuer_per_share_4q_avg": 0,
            "equity": null,
            "current_ratio": null,
            "debt_ratio": null,
            "inventory_turnover_ratio": null,
            "account_receivable_turnover_ratio": null,
            "reinvestment_rate": null,
            "research_to_sale_ratio": null,
            "price_fair": 0,
            "eps_avg_yearly": 0,
            "eps_latest_yearly": 0,
            "eps_growth_yearly": 0
        },
        "20073": {
            "year_quarter": 20073,
            "year": 2007,
            "quarter": 3,
            "eps": null,
            "eps_growth_year": null,
            "eps_4q": null,
            "eps_4q_growth_year": null,
            "roe": null,
            "roe_4q": 0,
            "gross_profit": null,
            "gross_margin": null,
            "gross_margin_4q_avg": 0,
            "net_income": null,
            "revenue": null,
            "common_shares": null,
            "book_valuer_per_share": null,
            "book_valuer_per_share_4q_avg": 0,
            "equity": null,
            "current_ratio": null,
            "debt_ratio": null,
            "inventory_turnover_ratio": null,
            "account_receivable_turnover_ratio": null,
            "reinvestment_rate": null,
            "research_to_sale_ratio": null,
            "price_fair": 0,
            "eps_avg_yearly": 0,
            "eps_latest_yearly": 0,
            "eps_growth_yearly": 0
        },
        "20074": {
            "year_quarter": 20074,
            "year": 2007,
            "quarter": 4,
            "eps": null,
            "eps_growth_year": null,
            "eps_4q": null,
            "eps_4q_growth_year": null,
            "roe": null,
            "roe_4q": 0,
            "gross_profit": null,
            "gross_margin": null,
            "gross_margin_4q_avg": 0,
            "net_income": null,
            "revenue": null,
            "common_shares": null,
            "book_valuer_per_share": null,
            "book_valuer_per_share_4q_avg": 0,
            "equity": null,
            "current_ratio": null,
            "debt_ratio": null,
            "inventory_turnover_ratio": null,
            "account_receivable_turnover_ratio": null,
            "reinvestment_rate": null,
            "research_to_sale_ratio": null,
            "price_fair": 0,
            "eps_avg_yearly": 0,
            "eps_latest_yearly": 0,
            "eps_growth_yearly": 0
        },
        "20081": {
            "year_quarter": 20081,
            "year": 2008,
            "quarter": 1,
            "eps": null,
            "eps_growth_year": null,
            "eps_4q": null,
            "eps_4q_growth_year": null,
            "roe": null,
            "roe_4q": 0,
            "gross_profit": null,
            "gross_margin": null,
            "gross_margin_4q_avg": 0,
            "net_income": null,
            "revenue": null,
            "common_shares": null,
            "book_valuer_per_share": null,
            "book_valuer_per_share_4q_avg": 0,
            "equity": null,
            "current_ratio": null,
            "debt_ratio": null,
            "inventory_turnover_ratio": null,
            "account_receivable_turnover_ratio": null,
            "reinvestment_rate": null,
            "research_to_sale_ratio": null,
            "price_fair": 0,
            "eps_avg_yearly": 0,
            "eps_latest_yearly": 0,
            "eps_growth_yearly": 0
        },
        "20082": {
            "year_quarter": 20082,
            "year": 2008,
            "quarter": 2,
            "eps": null,
            "eps_growth_year": null,
            "eps_4q": null,
            "eps_4q_growth_year": null,
            "roe": null,
            "roe_4q": 0,
            "gross_profit": null,
            "gross_margin": null,
            "gross_margin_4q_avg": 0,
            "net_income": null,
            "revenue": null,
            "common_shares": null,
            "book_valuer_per_share": null,
            "book_valuer_per_share_4q_avg": 0,
            "equity": null,
            "current_ratio": null,
            "debt_ratio": null,
            "inventory_turnover_ratio": null,
            "account_receivable_turnover_ratio": null,
            "reinvestment_rate": null,
            "research_to_sale_ratio": null,
            "price_fair": 0,
            "eps_avg_yearly": 0,
            "eps_latest_yearly": 0,
            "eps_growth_yearly": 0
        },
        "20083": {
            "year_quarter": 20083,
            "year": 2008,
            "quarter": 3,
            "eps": null,
            "eps_growth_year": null,
            "eps_4q": null,
            "eps_4q_growth_year": null,
            "roe": null,
            "roe_4q": 0,
            "gross_profit": null,
            "gross_margin": null,
            "gross_margin_4q_avg": 0,
            "net_income": null,
            "revenue": null,
            "common_shares": null,
            "book_valuer_per_share": null,
            "book_valuer_per_share_4q_avg": 0,
            "equity": null,
            "current_ratio": null,
            "debt_ratio": null,
            "inventory_turnover_ratio": null,
            "account_receivable_turnover_ratio": null,
            "reinvestment_rate": null,
            "research_to_sale_ratio": null,
            "price_fair": 0,
            "eps_avg_yearly": 0,
            "eps_latest_yearly": 0,
            "eps_growth_yearly": 0
        },
        "20084": {
            "year_quarter": 20084,
            "year": 2008,
            "quarter": 4,
            "eps": null,
            "eps_growth_year": null,
            "eps_4q": null,
            "eps_4q_growth_year": null,
            "roe": null,
            "roe_4q": 0,
            "gross_profit": null,
            "gross_margin": null,
            "gross_margin_4q_avg": 0,
            "net_income": null,
            "revenue": null,
            "common_shares": null,
            "book_valuer_per_share": null,
            "book_valuer_per_share_4q_avg": 0,
            "equity": null,
            "current_ratio": null,
            "debt_ratio": null,
            "inventory_turnover_ratio": null,
            "account_receivable_turnover_ratio": null,
            "reinvestment_rate": null,
            "research_to_sale_ratio": null,
            "price_fair": 0,
            "eps_avg_yearly": 0,
            "eps_latest_yearly": 0,
            "eps_growth_yearly": 0
        },
        "20091": {
            "year_quarter": 20091,
            "year": 2009,
            "quarter": 1,
            "eps": null,
            "eps_growth_year": null,
            "eps_4q": null,
            "eps_4q_growth_year": null,
            "roe": null,
            "roe_4q": 0,
            "gross_profit": null,
            "gross_margin": null,
            "gross_margin_4q_avg": 0,
            "net_income": null,
            "revenue": null,
            "common_shares": null,
            "book_valuer_per_share": null,
            "book_valuer_per_share_4q_avg": 0,
            "equity": null,
            "current_ratio": null,
            "debt_ratio": null,
            "inventory_turnover_ratio": null,
            "account_receivable_turnover_ratio": null,
            "reinvestment_rate": null,
            "research_to_sale_ratio": null,
            "price_fair": 0,
            "eps_avg_yearly": 0,
            "eps_latest_yearly": 0,
            "eps_growth_yearly": 0
        },
        "20092": {
            "year_quarter": 20092,
            "year": 2009,
            "quarter": 2,
            "eps": null,
            "eps_growth_year": null,
            "eps_4q": null,
            "eps_4q_growth_year": null,
            "roe": null,
            "roe_4q": 0,
            "gross_profit": null,
            "gross_margin": null,
            "gross_margin_4q_avg": 0,
            "net_income": null,
            "revenue": null,
            "common_shares": null,
            "book_valuer_per_share": null,
            "book_valuer_per_share_4q_avg": 0,
            "equity": null,
            "current_ratio": null,
            "debt_ratio": null,
            "inventory_turnover_ratio": null,
            "account_receivable_turnover_ratio": null,
            "reinvestment_rate": null,
            "research_to_sale_ratio": null,
            "price_fair": 0,
            "eps_avg_yearly": 0,
            "eps_latest_yearly": 0,
            "eps_growth_yearly": 0
        },
        "20093": {
            "year_quarter": 20093,
            "year": 2009,
            "quarter": 3,
            "eps": null,
            "eps_growth_year": null,
            "eps_4q": null,
            "eps_4q_growth_year": null,
            "roe": null,
            "roe_4q": 0,
            "gross_profit": null,
            "gross_margin": null,
            "gross_margin_4q_avg": 0,
            "net_income": null,
            "revenue": null,
            "common_shares": null,
            "book_valuer_per_share": null,
            "book_valuer_per_share_4q_avg": 0,
            "equity": null,
            "current_ratio": null,
            "debt_ratio": null,
            "inventory_turnover_ratio": null,
            "account_receivable_turnover_ratio": null,
            "reinvestment_rate": null,
            "research_to_sale_ratio": null,
            "price_fair": 0,
            "eps_avg_yearly": 0,
            "eps_latest_yearly": 0,
            "eps_growth_yearly": 0
        },
        "20094": {
            "year_quarter": 20094,
            "year": 2009,
            "quarter": 4,
            "eps": null,
            "eps_growth_year": null,
            "eps_4q": null,
            "eps_4q_growth_year": null,
            "roe": null,
            "roe_4q": 0,
            "gross_profit": null,
            "gross_margin": null,
            "gross_margin_4q_avg": 0,
            "net_income": null,
            "revenue": null,
            "common_shares": null,
            "book_valuer_per_share": null,
            "book_valuer_per_share_4q_avg": 0,
            "equity": null,
            "current_ratio": null,
            "debt_ratio": null,
            "inventory_turnover_ratio": null,
            "account_receivable_turnover_ratio": null,
            "reinvestment_rate": null,
            "research_to_sale_ratio": null,
            "price_fair": 0,
            "eps_avg_yearly": 0,
            "eps_latest_yearly": 0,
            "eps_growth_yearly": 0
        },
        "20101": {
            "year_quarter": 20101,
            "year": 2010,
            "quarter": 1,
            "eps": null,
            "eps_growth_year": null,
            "eps_4q": null,
            "eps_4q_growth_year": null,
            "roe": null,
            "roe_4q": 0,
            "gross_profit": null,
            "gross_margin": null,
            "gross_margin_4q_avg": 0,
            "net_income": null,
            "revenue": null,
            "common_shares": null,
            "book_valuer_per_share": null,
            "book_valuer_per_share_4q_avg": 0,
            "equity": null,
            "current_ratio": null,
            "debt_ratio": null,
            "inventory_turnover_ratio": null,
            "account_receivable_turnover_ratio": null,
            "reinvestment_rate": null,
            "research_to_sale_ratio": null,
            "price_fair": 0,
            "eps_avg_yearly": 0,
            "eps_latest_yearly": 0,
            "eps_growth_yearly": 0
        },
        "20102": {
            "year_quarter": 20102,
            "year": 2010,
            "quarter": 2,
            "eps": null,
            "eps_growth_year": null,
            "eps_4q": null,
            "eps_4q_growth_year": null,
            "roe": null,
            "roe_4q": 0,
            "gross_profit": null,
            "gross_margin": null,
            "gross_margin_4q_avg": 0,
            "net_income": null,
            "revenue": null,
            "common_shares": null,
            "book_valuer_per_share": null,
            "book_valuer_per_share_4q_avg": 0,
            "equity": null,
            "current_ratio": null,
            "debt_ratio": null,
            "inventory_turnover_ratio": null,
            "account_receivable_turnover_ratio": null,
            "reinvestment_rate": null,
            "research_to_sale_ratio": null,
            "price_fair": 0,
            "eps_avg_yearly": 0,
            "eps_latest_yearly": 0,
            "eps_growth_yearly": 0
        },
        "20103": {
            "year_quarter": 20103,
            "year": 2010,
            "quarter": 3,
            "eps": null,
            "eps_growth_year": null,
            "eps_4q": null,
            "eps_4q_growth_year": null,
            "roe": null,
            "roe_4q": 0,
            "gross_profit": null,
            "gross_margin": null,
            "gross_margin_4q_avg": 0,
            "net_income": null,
            "revenue": null,
            "common_shares": null,
            "book_valuer_per_share": null,
            "book_valuer_per_share_4q_avg": 0,
            "equity": null,
            "current_ratio": null,
            "debt_ratio": null,
            "inventory_turnover_ratio": null,
            "account_receivable_turnover_ratio": null,
            "reinvestment_rate": null,
            "research_to_sale_ratio": null,
            "price_fair": 0,
            "eps_avg_yearly": 0,
            "eps_latest_yearly": 0,
            "eps_growth_yearly": 0
        },
        "20104": {
            "year_quarter": 20104,
            "year": 2010,
            "quarter": 4,
            "eps": null,
            "eps_growth_year": null,
            "eps_4q": null,
            "eps_4q_growth_year": null,
            "roe": null,
            "roe_4q": 0,
            "gross_profit": null,
            "gross_margin": null,
            "gross_margin_4q_avg": 0,
            "net_income": null,
            "revenue": null,
            "common_shares": null,
            "book_valuer_per_share": null,
            "book_valuer_per_share_4q_avg": 0,
            "equity": null,
            "current_ratio": null,
            "debt_ratio": null,
            "inventory_turnover_ratio": null,
            "account_receivable_turnover_ratio": null,
            "reinvestment_rate": null,
            "research_to_sale_ratio": null,
            "price_fair": 0,
            "eps_avg_yearly": 0,
            "eps_latest_yearly": 0,
            "eps_growth_yearly": 0
        },
        "20111": {
            "year_quarter": 20111,
            "year": 2011,
            "quarter": 1,
            "eps": null,
            "eps_growth_year": null,
            "eps_4q": null,
            "eps_4q_growth_year": null,
            "roe": null,
            "roe_4q": 0,
            "gross_profit": null,
            "gross_margin": null,
            "gross_margin_4q_avg": 0,
            "net_income": null,
            "revenue": null,
            "common_shares": null,
            "book_valuer_per_share": null,
            "book_valuer_per_share_4q_avg": 0,
            "equity": null,
            "current_ratio": null,
            "debt_ratio": null,
            "inventory_turnover_ratio": null,
            "account_receivable_turnover_ratio": null,
            "reinvestment_rate": null,
            "research_to_sale_ratio": null,
            "price_fair": 0,
            "eps_avg_yearly": 0,
            "eps_latest_yearly": 0,
            "eps_growth_yearly": 0
        },
        "20112": {
            "year_quarter": 20112,
            "year": 2011,
            "quarter": 2,
            "eps": null,
            "eps_growth_year": null,
            "eps_4q": null,
            "eps_4q_growth_year": null,
            "roe": null,
            "roe_4q": 0,
            "gross_profit": null,
            "gross_margin": null,
            "gross_margin_4q_avg": 0,
            "net_income": null,
            "revenue": null,
            "common_shares": null,
            "book_valuer_per_share": null,
            "book_valuer_per_share_4q_avg": 0,
            "equity": null,
            "current_ratio": null,
            "debt_ratio": null,
            "inventory_turnover_ratio": null,
            "account_receivable_turnover_ratio": null,
            "reinvestment_rate": null,
            "research_to_sale_ratio": null,
            "price_fair": 0,
            "eps_avg_yearly": 0,
            "eps_latest_yearly": 0,
            "eps_growth_yearly": 0
        },
        "20113": {
            "year_quarter": 20113,
            "year": 2011,
            "quarter": 3,
            "eps": null,
            "eps_growth_year": null,
            "eps_4q": null,
            "eps_4q_growth_year": null,
            "roe": null,
            "roe_4q": 0,
            "gross_profit": null,
            "gross_margin": null,
            "gross_margin_4q_avg": 0,
            "net_income": null,
            "revenue": null,
            "common_shares": null,
            "book_valuer_per_share": null,
            "book_valuer_per_share_4q_avg": 0,
            "equity": null,
            "current_ratio": null,
            "debt_ratio": null,
            "inventory_turnover_ratio": null,
            "account_receivable_turnover_ratio": null,
            "reinvestment_rate": null,
            "research_to_sale_ratio": null,
            "price_fair": 0,
            "eps_avg_yearly": 0,
            "eps_latest_yearly": 0,
            "eps_growth_yearly": 0
        },
        "20114": {
            "year_quarter": 20114,
            "year": 2011,
            "quarter": 4,
            "eps": null,
            "eps_growth_year": null,
            "eps_4q": null,
            "eps_4q_growth_year": null,
            "roe": null,
            "roe_4q": 0,
            "gross_profit": null,
            "gross_margin": null,
            "gross_margin_4q_avg": 0,
            "net_income": null,
            "revenue": null,
            "common_shares": 36800,
            "book_valuer_per_share": 11.35,
            "book_valuer_per_share_4q_avg": 2.84,
            "equity": 41786,
            "current_ratio": 162.25,
            "debt_ratio": 49.06,
            "inventory_turnover_ratio": null,
            "account_receivable_turnover_ratio": null,
            "reinvestment_rate": null,
            "research_to_sale_ratio": null,
            "price_fair": 0,
            "eps_avg_yearly": 0,
            "eps_latest_yearly": 0,
            "eps_growth_yearly": 0
        },
        "20121": {
            "year_quarter": 20121,
            "year": 2012,
            "quarter": 1,
            "eps": null,
            "eps_growth_year": null,
            "eps_4q": null,
            "eps_4q_growth_year": null,
            "roe": null,
            "roe_4q": 0,
            "gross_profit": null,
            "gross_margin": null,
            "gross_margin_4q_avg": 0,
            "net_income": null,
            "revenue": null,
            "common_shares": null,
            "book_valuer_per_share": null,
            "book_valuer_per_share_4q_avg": 2.84,
            "equity": null,
            "current_ratio": null,
            "debt_ratio": null,
            "inventory_turnover_ratio": null,
            "account_receivable_turnover_ratio": null,
            "reinvestment_rate": null,
            "research_to_sale_ratio": null,
            "price_fair": 0,
            "eps_avg_yearly": 0,
            "eps_latest_yearly": 0,
            "eps_growth_yearly": 0
        },
        "20122": {
            "year_quarter": 20122,
            "year": 2012,
            "quarter": 2,
            "eps": null,
            "eps_growth_year": null,
            "eps_4q": null,
            "eps_4q_growth_year": null,
            "roe": null,
            "roe_4q": 0,
            "gross_profit": null,
            "gross_margin": null,
            "gross_margin_4q_avg": 0,
            "net_income": null,
            "revenue": null,
            "common_shares": null,
            "book_valuer_per_share": null,
            "book_valuer_per_share_4q_avg": 2.84,
            "equity": null,
            "current_ratio": null,
            "debt_ratio": null,
            "inventory_turnover_ratio": null,
            "account_receivable_turnover_ratio": null,
            "reinvestment_rate": null,
            "research_to_sale_ratio": null,
            "price_fair": 0,
            "eps_avg_yearly": 0,
            "eps_latest_yearly": 0,
            "eps_growth_yearly": 0
        },
        "20123": {
            "year_quarter": 20123,
            "year": 2012,
            "quarter": 3,
            "eps": null,
            "eps_growth_year": null,
            "eps_4q": null,
            "eps_4q_growth_year": null,
            "roe": null,
            "roe_4q": 0,
            "gross_profit": null,
            "gross_margin": null,
            "gross_margin_4q_avg": 0,
            "net_income": null,
            "revenue": null,
            "common_shares": null,
            "book_valuer_per_share": null,
            "book_valuer_per_share_4q_avg": 2.84,
            "equity": null,
            "current_ratio": null,
            "debt_ratio": null,
            "inventory_turnover_ratio": null,
            "account_receivable_turnover_ratio": null,
            "reinvestment_rate": null,
            "research_to_sale_ratio": null,
            "price_fair": 0,
            "eps_avg_yearly": 0,
            "eps_latest_yearly": 0,
            "eps_growth_yearly": 0
        },
        "20124": {
            "year_quarter": 20124,
            "year": 2012,
            "quarter": 4,
            "eps": null,
            "eps_growth_year": null,
            "eps_4q": null,
            "eps_4q_growth_year": null,
            "roe": null,
            "roe_4q": 0,
            "gross_profit": null,
            "gross_margin": null,
            "gross_margin_4q_avg": 0,
            "net_income": null,
            "revenue": null,
            "common_shares": 36800,
            "book_valuer_per_share": 12.33,
            "book_valuer_per_share_4q_avg": 3.08,
            "equity": 45388,
            "current_ratio": 181.43,
            "debt_ratio": 46.13,
            "inventory_turnover_ratio": null,
            "account_receivable_turnover_ratio": null,
            "reinvestment_rate": null,
            "research_to_sale_ratio": null,
            "price_fair": 0,
            "eps_avg_yearly": 0,
            "eps_latest_yearly": 0,
            "eps_growth_yearly": 0
        },
        "20131": {
            "year_quarter": 20131,
            "year": 2013,
            "quarter": 1,
            "eps": null,
            "eps_growth_year": null,
            "eps_4q": null,
            "eps_4q_growth_year": null,
            "roe": null,
            "roe_4q": 0,
            "gross_profit": null,
            "gross_margin": null,
            "gross_margin_4q_avg": 0,
            "net_income": null,
            "revenue": null,
            "common_shares": null,
            "book_valuer_per_share": null,
            "book_valuer_per_share_4q_avg": 3.08,
            "equity": null,
            "current_ratio": null,
            "debt_ratio": null,
            "inventory_turnover_ratio": null,
            "account_receivable_turnover_ratio": null,
            "reinvestment_rate": null,
            "research_to_sale_ratio": null,
            "price_fair": 0,
            "eps_avg_yearly": 0,
            "eps_latest_yearly": 0,
            "eps_growth_yearly": 0
        },
        "20132": {
            "year_quarter": 20132,
            "year": 2013,
            "quarter": 2,
            "eps": null,
            "eps_growth_year": null,
            "eps_4q": null,
            "eps_4q_growth_year": null,
            "roe": null,
            "roe_4q": 0,
            "gross_profit": null,
            "gross_margin": null,
            "gross_margin_4q_avg": 0,
            "net_income": null,
            "revenue": null,
            "common_shares": null,
            "book_valuer_per_share": null,
            "book_valuer_per_share_4q_avg": 3.08,
            "equity": null,
            "current_ratio": null,
            "debt_ratio": null,
            "inventory_turnover_ratio": null,
            "account_receivable_turnover_ratio": null,
            "reinvestment_rate": null,
            "research_to_sale_ratio": null,
            "price_fair": 0,
            "eps_avg_yearly": 0,
            "eps_latest_yearly": 0,
            "eps_growth_yearly": 0
        },
        "20133": {
            "year_quarter": 20133,
            "year": 2013,
            "quarter": 3,
            "eps": null,
            "eps_growth_year": null,
            "eps_4q": null,
            "eps_4q_growth_year": null,
            "roe": null,
            "roe_4q": 0,
            "gross_profit": null,
            "gross_margin": null,
            "gross_margin_4q_avg": 0,
            "net_income": null,
            "revenue": null,
            "common_shares": null,
            "book_valuer_per_share": null,
            "book_valuer_per_share_4q_avg": 3.08,
            "equity": null,
            "current_ratio": null,
            "debt_ratio": null,
            "inventory_turnover_ratio": null,
            "account_receivable_turnover_ratio": null,
            "reinvestment_rate": null,
            "research_to_sale_ratio": null,
            "price_fair": 0,
            "eps_avg_yearly": 0,
            "eps_latest_yearly": 0,
            "eps_growth_yearly": 0
        },
        "20134": {
            "year_quarter": 20134,
            "year": 2013,
            "quarter": 4,
            "eps": null,
            "eps_growth_year": null,
            "eps_4q": null,
            "eps_4q_growth_year": null,
            "roe": null,
            "roe_4q": 0,
            "gross_profit": null,
            "gross_margin": null,
            "gross_margin_4q_avg": 0,
            "net_income": null,
            "revenue": null,
            "common_shares": 100000,
            "book_valuer_per_share": null,
            "book_valuer_per_share_4q_avg": 0,
            "equity": 131230,
            "current_ratio": null,
            "debt_ratio": null,
            "inventory_turnover_ratio": null,
            "account_receivable_turnover_ratio": null,
            "reinvestment_rate": null,
            "research_to_sale_ratio": null,
            "price_fair": 0,
            "eps_avg_yearly": 0,
            "eps_latest_yearly": 0,
            "eps_growth_yearly": 0
        },
        "20141": {
            "year_quarter": 20141,
            "year": 2014,
            "quarter": 1,
            "eps": null,
            "eps_growth_year": null,
            "eps_4q": null,
            "eps_4q_growth_year": null,
            "roe": null,
            "roe_4q": 0,
            "gross_profit": null,
            "gross_margin": null,
            "gross_margin_4q_avg": 0,
            "net_income": null,
            "revenue": null,
            "common_shares": null,
            "book_valuer_per_share": null,
            "book_valuer_per_share_4q_avg": 0,
            "equity": null,
            "current_ratio": null,
            "debt_ratio": null,
            "inventory_turnover_ratio": null,
            "account_receivable_turnover_ratio": null,
            "reinvestment_rate": null,
            "research_to_sale_ratio": null,
            "price_fair": 0,
            "eps_avg_yearly": 0,
            "eps_latest_yearly": 0,
            "eps_growth_yearly": 0
        },
        "20142": {
            "year_quarter": 20142,
            "year": 2014,
            "quarter": 2,
            "eps": null,
            "eps_growth_year": null,
            "eps_4q": null,
            "eps_4q_growth_year": null,
            "roe": null,
            "roe_4q": 0,
            "gross_profit": null,
            "gross_margin": null,
            "gross_margin_4q_avg": 0,
            "net_income": null,
            "revenue": null,
            "common_shares": 120000,
            "book_valuer_per_share": null,
            "book_valuer_per_share_4q_avg": 0,
            "equity": 129338,
            "current_ratio": null,
            "debt_ratio": null,
            "inventory_turnover_ratio": null,
            "account_receivable_turnover_ratio": null,
            "reinvestment_rate": null,
            "research_to_sale_ratio": null,
            "price_fair": 0,
            "eps_avg_yearly": 0,
            "eps_latest_yearly": 0,
            "eps_growth_yearly": 0
        },
        "20143": {
            "year_quarter": 20143,
            "year": 2014,
            "quarter": 3,
            "eps": null,
            "eps_growth_year": null,
            "eps_4q": null,
            "eps_4q_growth_year": null,
            "roe": null,
            "roe_4q": 0,
            "gross_profit": 29694,
            "gross_margin": null,
            "gross_margin_4q_avg": 0,
            "net_income": 7309,
            "revenue": 59121,
            "common_shares": 150000,
            "book_valuer_per_share": null,
            "book_valuer_per_share_4q_avg": 0,
            "equity": 170683,
            "current_ratio": null,
            "debt_ratio": null,
            "inventory_turnover_ratio": null,
            "account_receivable_turnover_ratio": null,
            "reinvestment_rate": null,
            "research_to_sale_ratio": null,
            "price_fair": 0,
            "eps_avg_yearly": 0,
            "eps_latest_yearly": 0,
            "eps_growth_yearly": 0
        },
        "20144": {
            "year_quarter": 20144,
            "year": 2014,
            "quarter": 4,
            "eps": null,
            "eps_growth_year": null,
            "eps_4q": null,
            "eps_4q_growth_year": null,
            "roe": null,
            "roe_4q": 0,
            "gross_profit": 45056,
            "gross_margin": null,
            "gross_margin_4q_avg": 0,
            "net_income": 16251,
            "revenue": 93823,
            "common_shares": 150000,
            "book_valuer_per_share": 12.46,
            "book_valuer_per_share_4q_avg": 3.12,
            "equity": 186935,
            "current_ratio": 335.84,
            "debt_ratio": 28.11,
            "inventory_turnover_ratio": null,
            "account_receivable_turnover_ratio": null,
            "reinvestment_rate": null,
            "research_to_sale_ratio": null,
            "price_fair": 0,
            "eps_avg_yearly": 0,
            "eps_latest_yearly": 0,
            "eps_growth_yearly": 0
        },
        "20151": {
            "year_quarter": 20151,
            "year": 2015,
            "quarter": 1,
            "eps": null,
            "eps_growth_year": null,
            "eps_4q": null,
            "eps_4q_growth_year": null,
            "roe": null,
            "roe_4q": 0,
            "gross_profit": 31547,
            "gross_margin": null,
            "gross_margin_4q_avg": 0,
            "net_income": 10137,
            "revenue": 60989,
            "common_shares": 150000,
            "book_valuer_per_share": 13.14,
            "book_valuer_per_share_4q_avg": 6.4,
            "equity": 197072,
            "current_ratio": 346.22,
            "debt_ratio": 27.06,
            "inventory_turnover_ratio": null,
            "account_receivable_turnover_ratio": null,
            "reinvestment_rate": null,
            "research_to_sale_ratio": null,
            "price_fair": 0,
            "eps_avg_yearly": 0,
            "eps_latest_yearly": 0,
            "eps_growth_yearly": 0
        },
        "20152": {
            "year_quarter": 20152,
            "year": 2015,
            "quarter": 2,
            "eps": 0.53,
            "eps_growth_year": null,
            "eps_4q": 0.53,
            "eps_4q_growth_year": null,
            "roe": 4.53,
            "roe_4q": 4.53,
            "gross_profit": 33438,
            "gross_margin": 49.7,
            "gross_margin_4q_avg": 12.43,
            "net_income": 9089,
            "revenue": 67283,
            "common_shares": 150000,
            "book_valuer_per_share": 13.59,
            "book_valuer_per_share_4q_avg": 9.8,
            "equity": 203898,
            "current_ratio": 367.79,
            "debt_ratio": 25.52,
            "inventory_turnover_ratio": 0.58,
            "account_receivable_turnover_ratio": 5.25,
            "reinvestment_rate": null,
            "research_to_sale_ratio": null,
            "price_fair": 0,
            "eps_avg_yearly": 0,
            "eps_latest_yearly": 0,
            "eps_growth_yearly": 0
        },
        "20153": {
            "year_quarter": 20153,
            "year": 2015,
            "quarter": 3,
            "eps": 0.51,
            "eps_growth_year": null,
            "eps_4q": 1.04,
            "eps_4q_growth_year": null,
            "roe": 4.16,
            "roe_4q": 8.690000000000001,
            "gross_profit": 35734,
            "gross_margin": 43.31,
            "gross_margin_4q_avg": 23.25,
            "net_income": 8672,
            "revenue": 82510,
            "common_shares": 171454,
            "book_valuer_per_share": 12.4,
            "book_valuer_per_share_4q_avg": 12.9,
            "equity": 212570,
            "current_ratio": 351.12,
            "debt_ratio": 26.98,
            "inventory_turnover_ratio": 0.82,
            "account_receivable_turnover_ratio": 2.85,
            "reinvestment_rate": null,
            "research_to_sale_ratio": 8.89,
            "price_fair": 6.12,
            "eps_avg_yearly": 2.04,
            "eps_latest_yearly": 2.04,
            "eps_growth_yearly": -15.09
        },
        "20154": {
            "year_quarter": 20154,
            "year": 2015,
            "quarter": 4,
            "eps": 0.45,
            "eps_growth_year": null,
            "eps_4q": 1.4,
            "eps_4q_growth_year": null,
            "roe": 3.05,
            "roe_4q": 11.74,
            "gross_profit": 39206,
            "gross_margin": 43.45,
            "gross_margin_4q_avg": 34.12,
            "net_income": 8423,
            "revenue": 90229,
            "common_shares": 187464,
            "book_valuer_per_share": 18.1,
            "book_valuer_per_share_4q_avg": 14.31,
            "equity": 339321,
            "current_ratio": 506.21,
            "debt_ratio": 19.11,
            "inventory_turnover_ratio": 0.85,
            "account_receivable_turnover_ratio": 2.35,
            "reinvestment_rate": null,
            "research_to_sale_ratio": 8.85,
            "price_fair": 5.76,
            "eps_avg_yearly": 1.92,
            "eps_latest_yearly": 1.8,
            "eps_growth_yearly": -31.08
        },
        "20161": {
            "year_quarter": 20161,
            "year": 2016,
            "quarter": 1,
            "eps": 0.26,
            "eps_growth_year": null,
            "eps_4q": 1.65,
            "eps_4q_growth_year": null,
            "roe": 1.41,
            "roe_4q": 13.150000000000002,
            "gross_profit": 35918,
            "gross_margin": 47.41,
            "gross_margin_4q_avg": 45.97,
            "net_income": 4821,
            "revenue": 75757,
            "common_shares": 187464,
            "book_valuer_per_share": 18.36,
            "book_valuer_per_share_4q_avg": 15.61,
            "equity": 344142,
            "current_ratio": 632.87,
            "debt_ratio": 15.23,
            "inventory_turnover_ratio": 0.65,
            "account_receivable_turnover_ratio": 1.73,
            "reinvestment_rate": null,
            "research_to_sale_ratio": 11.14,
            "price_fair": 4.88,
            "eps_avg_yearly": 1.63,
            "eps_latest_yearly": 1.04,
            "eps_growth_yearly": -77.01
        },
        "20162": {
            "year_quarter": 20162,
            "year": 2016,
            "quarter": 2,
            "eps": 0.35,
            "eps_growth_year": -34.4,
            "eps_4q": 1.51,
            "eps_4q_growth_year": 183.8,
            "roe": 1.98,
            "roe_4q": 10.6,
            "gross_profit": 38785,
            "gross_margin": 44.6,
            "gross_margin_4q_avg": 44.69,
            "net_income": 6470,
            "revenue": 86961,
            "common_shares": 187464,
            "book_valuer_per_share": 16.5,
            "book_valuer_per_share_4q_avg": 16.34,
            "equity": 309370,
            "current_ratio": 360.26,
            "debt_ratio": 26.64,
            "inventory_turnover_ratio": 0.81,
            "account_receivable_turnover_ratio": 2.23,
            "reinvestment_rate": null,
            "research_to_sale_ratio": 13.14,
            "price_fair": 4.71,
            "eps_avg_yearly": 1.57,
            "eps_latest_yearly": 1.4,
            "eps_growth_yearly": -23.15
        },
        "20163": {
            "year_quarter": 20163,
            "year": 2016,
            "quarter": 3,
            "eps": 0.39,
            "eps_growth_year": -23.53,
            "eps_4q": 1.44,
            "eps_4q_growth_year": 38.73,
            "roe": 2.31,
            "roe_4q": 8.75,
            "gross_profit": 43919,
            "gross_margin": 39.8,
            "gross_margin_4q_avg": 43.82,
            "net_income": 7227,
            "revenue": 110361,
            "common_shares": 187464,
            "book_valuer_per_share": 16.89,
            "book_valuer_per_share_4q_avg": 17.46,
            "equity": 316597,
            "current_ratio": 342.44,
            "debt_ratio": 28.16,
            "inventory_turnover_ratio": 1.01,
            "account_receivable_turnover_ratio": 2,
            "reinvestment_rate": null,
            "research_to_sale_ratio": 8.22,
            "price_fair": 4.7,
            "eps_avg_yearly": 1.57,
            "eps_latest_yearly": 1.56,
            "eps_growth_yearly": -9.37
        },
        "20164": {
            "year_quarter": 20164,
            "year": 2016,
            "quarter": 4,
            "eps": 1.07,
            "eps_growth_year": 139.01,
            "eps_4q": 2.07,
            "eps_4q_growth_year": 48.46,
            "roe": 6.24,
            "roe_4q": 11.940000000000001,
            "gross_profit": 49272,
            "gross_margin": 36.15,
            "gross_margin_4q_avg": 41.99,
            "net_income": 19892,
            "revenue": 136282,
            "common_shares": 187464,
            "book_valuer_per_share": 17.33,
            "book_valuer_per_share_4q_avg": 17.27,
            "equity": 321031,
            "current_ratio": 441.18,
            "debt_ratio": 21.78,
            "inventory_turnover_ratio": 1.08,
            "account_receivable_turnover_ratio": 1.83,
            "reinvestment_rate": null,
            "research_to_sale_ratio": 6.13,
            "price_fair": 70.7,
            "eps_avg_yearly": 2.02,
            "eps_latest_yearly": 4.28,
            "eps_growth_yearly": 108.43
        },
        "20171": {
            "year_quarter": 20171,
            "year": 2017,
            "quarter": 1,
            "eps": -0.35,
            "eps_growth_year": -234.62,
            "eps_4q": 1.5,
            "eps_4q_growth_year": -9.31,
            "roe": -2.09,
            "roe_4q": 8.440000000000001,
            "gross_profit": 30959,
            "gross_margin": 29.38,
            "gross_margin_4q_avg": 37.48,
            "net_income": -6371,
            "revenue": 105357,
            "common_shares": 187464,
            "book_valuer_per_share": 15.89,
            "book_valuer_per_share_4q_avg": 16.65,
            "equity": 288382,
            "current_ratio": 387.18,
            "debt_ratio": 24.67,
            "inventory_turnover_ratio": 0.81,
            "account_receivable_turnover_ratio": 1.6,
            "reinvestment_rate": null,
            "research_to_sale_ratio": 6.37,
            "price_fair": 70.7,
            "eps_avg_yearly": 2.02,
            "eps_latest_yearly": 4.28,
            "eps_growth_yearly": 108.43
        },
        "20172": {
            "year_quarter": 20172,
            "year": 2017,
            "quarter": 2,
            "eps": 0.81,
            "eps_growth_year": 131.43,
            "eps_4q": 1.7,
            "eps_4q_growth_year": 12.3,
            "roe": 5.05,
            "roe_4q": 11.51,
            "gross_profit": 50958,
            "gross_margin": 29.33,
            "gross_margin_4q_avg": 33.67,
            "net_income": 14739,
            "revenue": 173743,
            "common_shares": 187464,
            "book_valuer_per_share": 16.3,
            "book_valuer_per_share_4q_avg": 16.6,
            "equity": 295772,
            "current_ratio": 346.54,
            "debt_ratio": 27.57,
            "inventory_turnover_ratio": 1.25,
            "account_receivable_turnover_ratio": 2.13,
            "reinvestment_rate": null,
            "research_to_sale_ratio": 4.83,
            "price_fair": 70.7,
            "eps_avg_yearly": 2.02,
            "eps_latest_yearly": 4.28,
            "eps_growth_yearly": 108.43
        },
        "20173": {
            "year_quarter": 20173,
            "year": 2017,
            "quarter": 3,
            "eps": 0.35,
            "eps_growth_year": -10.26,
            "eps_4q": 1.71,
            "eps_4q_growth_year": 18.76,
            "roe": 2.46,
            "roe_4q": 11.66,
            "gross_profit": 39867,
            "gross_margin": 32.83,
            "gross_margin_4q_avg": 31.92,
            "net_income": 7358,
            "revenue": 121446,
            "common_shares": 214684,
            "book_valuer_per_share": 14.53,
            "book_valuer_per_share_4q_avg": 16.01,
            "equity": 303130,
            "current_ratio": 368.2,
            "debt_ratio": 25.92,
            "inventory_turnover_ratio": 0.67,
            "account_receivable_turnover_ratio": 1.31,
            "reinvestment_rate": null,
            "research_to_sale_ratio": 7.02,
            "price_fair": 67.6,
            "eps_avg_yearly": 1.93,
            "eps_latest_yearly": 1.4,
            "eps_growth_yearly": 60.49
        },
        "20174": {
            "year_quarter": 20174,
            "year": 2017,
            "quarter": 4,
            "eps": 0.01,
            "eps_growth_year": -98.6,
            "eps_4q": 0.77,
            "eps_4q_growth_year": -62.94,
            "roe": 0.1,
            "roe_4q": 5.52,
            "gross_profit": 35904,
            "gross_margin": 31.98,
            "gross_margin_4q_avg": 30.88,
            "net_income": 313,
            "revenue": 112271,
            "common_shares": 214684,
            "book_valuer_per_share": 14.54,
            "book_valuer_per_share_4q_avg": 15.32,
            "equity": 303443,
            "current_ratio": 553.74,
            "debt_ratio": 16.57,
            "inventory_turnover_ratio": 0.56,
            "account_receivable_turnover_ratio": 1.62,
            "reinvestment_rate": null,
            "research_to_sale_ratio": 7.14,
            "price_fair": 24.33,
            "eps_avg_yearly": 1.7,
            "eps_latest_yearly": 0.04,
            "eps_growth_yearly": 4.35
        },
        "20181": {
            "year_quarter": 20181,
            "year": 2018,
            "quarter": 1,
            "eps": 0.06,
            "eps_growth_year": null,
            "eps_4q": 1.13,
            "eps_4q_growth_year": -24.6,
            "roe": 0.39,
            "roe_4q": 8,
            "gross_profit": 33906,
            "gross_margin": 31.74,
            "gross_margin_4q_avg": 31.47,
            "net_income": 1192,
            "revenue": 106825,
            "common_shares": 214684,
            "book_valuer_per_share": 14.6,
            "book_valuer_per_share_4q_avg": 14.99,
            "equity": 304635,
            "current_ratio": 559.76,
            "debt_ratio": 16.84,
            "inventory_turnover_ratio": 0.55,
            "account_receivable_turnover_ratio": 1.61,
            "reinvestment_rate": null,
            "research_to_sale_ratio": 6.78,
            "price_fair": 53.67,
            "eps_avg_yearly": 1.53,
            "eps_latest_yearly": 0.24,
            "eps_growth_yearly": 226.09
        },
        "20182": {
            "year_quarter": 20182,
            "year": 2018,
            "quarter": 2,
            "eps": 0.69,
            "eps_growth_year": -14.81,
            "eps_4q": 1.05,
            "eps_4q_growth_year": -38.49,
            "roe": 4.67,
            "roe_4q": 7.619999999999999,
            "gross_profit": 38445,
            "gross_margin": 32.66,
            "gross_margin_4q_avg": 32.3,
            "net_income": 14384,
            "revenue": 117696,
            "common_shares": 214684,
            "book_valuer_per_share": 14.94,
            "book_valuer_per_share_4q_avg": 14.65,
            "equity": 311715,
            "current_ratio": 483.03,
            "debt_ratio": 19.67,
            "inventory_turnover_ratio": 0.63,
            "account_receivable_turnover_ratio": 1.46,
            "reinvestment_rate": -1.27,
            "research_to_sale_ratio": 7.09,
            "price_fair": 57.96,
            "eps_avg_yearly": 1.66,
            "eps_latest_yearly": 2.76,
            "eps_growth_yearly": 623.48
        },
        "20183": {
            "year_quarter": 20183,
            "year": 2018,
            "quarter": 3,
            "eps": 0.24,
            "eps_growth_year": -31.43,
            "eps_4q": 0.95,
            "eps_4q_growth_year": -44.13,
            "roe": 1.69,
            "roe_4q": 6.849999999999999,
            "gross_profit": 40758,
            "gross_margin": 31.54,
            "gross_margin_4q_avg": 31.98,
            "net_income": 5303,
            "revenue": 129207,
            "common_shares": 228248,
            "book_valuer_per_share": 14.26,
            "book_valuer_per_share_4q_avg": 14.59,
            "equity": 317018,
            "current_ratio": 464.15,
            "debt_ratio": 20.52,
            "inventory_turnover_ratio": 0.72,
            "account_receivable_turnover_ratio": 1.48,
            "reinvestment_rate": -1.79,
            "research_to_sale_ratio": 7.3,
            "price_fair": 55.75,
            "eps_avg_yearly": 1.59,
            "eps_latest_yearly": 0.96,
            "eps_growth_yearly": 543.09
        },
        "20184": {
            "year_quarter": 20184,
            "year": 2018,
            "quarter": 4,
            "eps": 0.49,
            "eps_growth_year": 3184.84,
            "eps_4q": 1.43,
            "eps_4q_growth_year": 86.34,
            "roe": 3.4,
            "roe_4q": 10.15,
            "gross_profit": 46440,
            "gross_margin": 30.14,
            "gross_margin_4q_avg": 31.52,
            "net_income": 10950,
            "revenue": 154084,
            "common_shares": 228248,
            "book_valuer_per_share": 14.76,
            "book_valuer_per_share_4q_avg": 14.64,
            "equity": 327968,
            "current_ratio": 389,
            "debt_ratio": 22.28,
            "inventory_turnover_ratio": 0.9,
            "account_receivable_turnover_ratio": 1.83,
            "reinvestment_rate": 28.41,
            "research_to_sale_ratio": 5.52,
            "price_fair": 56.82,
            "eps_avg_yearly": 1.62,
            "eps_latest_yearly": 1.96,
            "eps_growth_yearly": 532.55
        },
        "20191": {
            "year_quarter": 20191,
            "year": 2019,
            "quarter": 1,
            "eps": 0.36,
            "eps_growth_year": 500,
            "eps_4q": 1.74,
            "eps_4q_growth_year": 53.79,
            "roe": 2.42,
            "roe_4q": 12.18,
            "gross_profit": 46249,
            "gross_margin": 28.75,
            "gross_margin_4q_avg": 30.77,
            "net_income": 8021,
            "revenue": 160862,
            "common_shares": 228248,
            "book_valuer_per_share": 15.12,
            "book_valuer_per_share_4q_avg": 14.77,
            "equity": 336004,
            "current_ratio": 321.45,
            "debt_ratio": 27.79,
            "inventory_turnover_ratio": 0.94,
            "account_receivable_turnover_ratio": 1.87,
            "reinvestment_rate": 29.06,
            "research_to_sale_ratio": 4.65,
            "price_fair": 56.32,
            "eps_avg_yearly": 1.61,
            "eps_latest_yearly": 1.44,
            "eps_growth_yearly": 483.42
        },
        "20192": {
            "year_quarter": 20192,
            "year": 2019,
            "quarter": 2,
            "eps": 0.84,
            "eps_growth_year": 21.74,
            "eps_4q": 1.93,
            "eps_4q_growth_year": 84.9,
            "roe": 5.64,
            "roe_4q": 13.149999999999999,
            "gross_profit": 60002,
            "gross_margin": 32.84,
            "gross_margin_4q_avg": 30.82,
            "net_income": 18709,
            "revenue": 182711,
            "common_shares": 228248,
            "book_valuer_per_share": 14.76,
            "book_valuer_per_share_4q_avg": 14.73,
            "equity": 328010,
            "current_ratio": 295.69,
            "debt_ratio": 30.33,
            "inventory_turnover_ratio": 0.94,
            "account_receivable_turnover_ratio": 2.04,
            "reinvestment_rate": 25.95,
            "research_to_sale_ratio": 5.77,
            "price_fair": 60.7,
            "eps_avg_yearly": 1.73,
            "eps_latest_yearly": 3.36,
            "eps_growth_yearly": 486.99
        },
        "20193": {
            "year_quarter": 20193,
            "year": 2019,
            "quarter": 3,
            "eps": 0.17,
            "eps_growth_year": -29.17,
            "eps_4q": 1.87,
            "eps_4q_growth_year": 96.14,
            "roe": 1.18,
            "roe_4q": 12.639999999999999,
            "gross_profit": 42592,
            "gross_margin": 30.15,
            "gross_margin_4q_avg": 30.47,
            "net_income": 3885,
            "revenue": 141248,
            "common_shares": 228248,
            "book_valuer_per_share": 14.94,
            "book_valuer_per_share_4q_avg": 14.9,
            "equity": 331999,
            "current_ratio": 313.3,
            "debt_ratio": 28.7,
            "inventory_turnover_ratio": 0.69,
            "account_receivable_turnover_ratio": 1.61,
            "reinvestment_rate": 28.54,
            "research_to_sale_ratio": 7.99,
            "price_fair": 57.3,
            "eps_avg_yearly": 1.64,
            "eps_latest_yearly": 0.68,
            "eps_growth_yearly": 465.28
        },
        "20194": {
            "year_quarter": 20194,
            "year": 2019,
            "quarter": 4,
            "eps": -0.31,
            "eps_growth_year": -163.21,
            "eps_4q": 1.07,
            "eps_4q_growth_year": -25.56,
            "roe": -2.11,
            "roe_4q": 7.13,
            "gross_profit": 33330,
            "gross_margin": 34.56,
            "gross_margin_4q_avg": 31.58,
            "net_income": -6922,
            "revenue": 96449,
            "common_shares": 228248,
            "book_valuer_per_share": 14.6,
            "book_valuer_per_share_4q_avg": 14.86,
            "equity": 324517,
            "current_ratio": 447.08,
            "debt_ratio": 20.12,
            "inventory_turnover_ratio": 0.42,
            "account_receivable_turnover_ratio": 1.41,
            "reinvestment_rate": 33.94,
            "research_to_sale_ratio": 10.26,
            "price_fair": 56.86,
            "eps_avg_yearly": 1.62,
            "eps_latest_yearly": 0.68,
            "eps_growth_yearly": 504.69
        },
        "20201": {
            "year_quarter": 20201,
            "year": 2020,
            "quarter": 1,
            "eps": 0.03,
            "eps_growth_year": -91.67,
            "eps_4q": 0.74,
            "eps_4q_growth_year": -57.33,
            "roe": 0.24,
            "roe_4q": 4.949999999999999,
            "gross_profit": 30380,
            "gross_margin": 30.66,
            "gross_margin_4q_avg": 32.05,
            "net_income": 775,
            "revenue": 99086,
            "common_shares": 222248,
            "book_valuer_per_share": 14.81,
            "book_valuer_per_share_4q_avg": 14.78,
            "equity": 328202,
            "current_ratio": 393.15,
            "debt_ratio": 24.17,
            "inventory_turnover_ratio": 0.48,
            "account_receivable_turnover_ratio": 2.01,
            "reinvestment_rate": 39.66,
            "research_to_sale_ratio": 7.2,
            "price_fair": 58.57,
            "eps_avg_yearly": 1.67,
            "eps_latest_yearly": 0.68,
            "eps_growth_yearly": 560.82
        },
        "20202": {
            "year_quarter": 20202,
            "year": 2020,
            "quarter": 2,
            "eps": 0.16,
            "eps_growth_year": -80.95,
            "eps_4q": 0.05,
            "eps_4q_growth_year": -97.24,
            "roe": 1.12,
            "roe_4q": 0.43000000000000016,
            "gross_profit": 23240,
            "gross_margin": 31.54,
            "gross_margin_4q_avg": 31.73,
            "net_income": 3492,
            "revenue": 73687,
            "common_shares": 222248,
            "book_valuer_per_share": 13.74,
            "book_valuer_per_share_4q_avg": 14.52,
            "equity": 297081,
            "current_ratio": 348.53,
            "debt_ratio": 26.68,
            "inventory_turnover_ratio": 0.34,
            "account_receivable_turnover_ratio": 1.61,
            "reinvestment_rate": -0.67,
            "research_to_sale_ratio": 9,
            "price_fair": 56.35,
            "eps_avg_yearly": 1.61,
            "eps_latest_yearly": 0.64,
            "eps_growth_yearly": 693.73
        },
        "20203": {
            "year_quarter": 20203,
            "year": 2020,
            "quarter": 3,
            "eps": 0.54,
            "eps_growth_year": 217.65,
            "eps_4q": 0.43,
            "eps_4q_growth_year": -77.05,
            "roe": 4.17,
            "roe_4q": 3.4200000000000004,
            "gross_profit": 44821,
            "gross_margin": 34.72,
            "gross_margin_4q_avg": 32.87,
            "net_income": 12557,
            "revenue": 129093,
            "common_shares": 236694,
            "book_valuer_per_share": 13.21,
            "book_valuer_per_share_4q_avg": 14.09,
            "equity": 304663,
            "current_ratio": 404.1,
            "debt_ratio": 23.51,
            "inventory_turnover_ratio": 0.59,
            "account_receivable_turnover_ratio": 2.79,
            "reinvestment_rate": -0.28,
            "research_to_sale_ratio": 5.47,
            "price_fair": 58.1,
            "eps_avg_yearly": 1.66,
            "eps_latest_yearly": 2.16,
            "eps_growth_yearly": 769.08
        },
        "20204": {
            "year_quarter": 20204,
            "year": 2020,
            "quarter": 4,
            "eps": 0.33,
            "eps_growth_year": null,
            "eps_4q": 1.06,
            "eps_4q_growth_year": -0.93,
            "roe": 2.45,
            "roe_4q": 7.98,
            "gross_profit": 39342,
            "gross_margin": 35.95,
            "gross_margin_4q_avg": 33.22,
            "net_income": 7540,
            "revenue": 109434,
            "common_shares": 236694,
            "book_valuer_per_share": 13.44,
            "book_valuer_per_share_4q_avg": 13.8,
            "equity": 310030,
            "current_ratio": 416.83,
            "debt_ratio": 22.76,
            "inventory_turnover_ratio": 0.57,
            "account_receivable_turnover_ratio": 2.09,
            "reinvestment_rate": 0.23,
            "research_to_sale_ratio": 6.07,
            "price_fair": 49.47,
            "eps_avg_yearly": 1.41,
            "eps_latest_yearly": 1.32,
            "eps_growth_yearly": 698
        },
        "20211": {
            "year_quarter": 20211,
            "year": 2021,
            "quarter": 1,
            "eps": 0.18,
            "eps_growth_year": 500,
            "eps_4q": 1.2,
            "eps_4q_growth_year": 61.36,
            "roe": 1.29,
            "roe_4q": 9.030000000000001,
            "gross_profit": 36637,
            "gross_margin": 32.88,
            "gross_margin_4q_avg": 33.77,
            "net_income": 4040,
            "revenue": 111432,
            "common_shares": 236694,
            "book_valuer_per_share": 13.61,
            "book_valuer_per_share_4q_avg": 13.5,
            "equity": 314064,
            "current_ratio": 368.52,
            "debt_ratio": 28.73,
            "inventory_turnover_ratio": 0.64,
            "account_receivable_turnover_ratio": 2.03,
            "reinvestment_rate": 0.48,
            "research_to_sale_ratio": 7.16,
            "price_fair": 47.6,
            "eps_avg_yearly": 1.36,
            "eps_latest_yearly": 0.72,
            "eps_growth_yearly": 630.32
        },
        "20212": {
            "year_quarter": 20212,
            "year": 2021,
            "quarter": 2,
            "eps": 0.52,
            "eps_growth_year": 225,
            "eps_4q": 1.49,
            "eps_4q_growth_year": 2700.02,
            "roe": 3.86,
            "roe_4q": 11.77,
            "gross_profit": 49669,
            "gross_margin": 34.78,
            "gross_margin_4q_avg": 34.58,
            "net_income": 12025,
            "revenue": 142820,
            "common_shares": 236694,
            "book_valuer_per_share": 13.4,
            "book_valuer_per_share_4q_avg": 13.42,
            "equity": 309238,
            "current_ratio": 286.96,
            "debt_ratio": 34.71,
            "inventory_turnover_ratio": 0.83,
            "account_receivable_turnover_ratio": 2.09,
            "reinvestment_rate": -0.73,
            "research_to_sale_ratio": 6.41,
            "price_fair": 49.4,
            "eps_avg_yearly": 1.41,
            "eps_latest_yearly": 2.08,
            "eps_growth_yearly": 639.27
        },
        "20213": {
            "year_quarter": 20213,
            "year": 2021,
            "quarter": 3,
            "eps": 0.5,
            "eps_growth_year": -7.41,
            "eps_4q": 1.47,
            "eps_4q_growth_year": 243.14,
            "roe": 3.82,
            "roe_4q": 11.419999999999998,
            "gross_profit": 46835,
            "gross_margin": 36.52,
            "gross_margin_4q_avg": 35.03,
            "net_income": 12072,
            "revenue": 128258,
            "common_shares": 248229,
            "book_valuer_per_share": 13.32,
            "book_valuer_per_share_4q_avg": 13.44,
            "equity": 322558,
            "current_ratio": 318.25,
            "debt_ratio": 31.08,
            "inventory_turnover_ratio": 0.68,
            "account_receivable_turnover_ratio": 1.87,
            "reinvestment_rate": -0.44,
            "research_to_sale_ratio": 6.5,
            "price_fair": 50.9,
            "eps_avg_yearly": 1.45,
            "eps_latest_yearly": 2,
            "eps_growth_yearly": 654.39
        },
        "20214": {
            "year_quarter": 20214,
            "year": 2021,
            "quarter": 4,
            "eps": 0.4,
            "eps_growth_year": 20.99,
            "eps_4q": 1.56,
            "eps_4q_growth_year": 47.43,
            "roe": 2.86,
            "roe_4q": 11.829999999999998,
            "gross_profit": 47513,
            "gross_margin": 28.24,
            "gross_margin_4q_avg": 33.11,
            "net_income": 9579,
            "revenue": 168245,
            "common_shares": 248229,
            "book_valuer_per_share": 14.34,
            "book_valuer_per_share_4q_avg": 13.67,
            "equity": 347351,
            "current_ratio": 527.32,
            "debt_ratio": 53.97,
            "inventory_turnover_ratio": 0.87,
            "account_receivable_turnover_ratio": 2.73,
            "reinvestment_rate": -1.13,
            "research_to_sale_ratio": 5.04,
            "price_fair": 54.8,
            "eps_avg_yearly": 1.57,
            "eps_latest_yearly": 1.6,
            "eps_growth_yearly": 676.44
        },
        "20221": {
            "year_quarter": 20221,
            "year": 2022,
            "quarter": 1,
            "eps": 0.18,
            "eps_growth_year": 0,
            "eps_4q": 1.53,
            "eps_4q_growth_year": 27.93,
            "roe": 1.2,
            "roe_4q": 11.739999999999998,
            "gross_profit": 37909,
            "gross_margin": 25.3,
            "gross_margin_4q_avg": 31.21,
            "net_income": 4357,
            "revenue": 149844,
            "common_shares": 248229,
            "book_valuer_per_share": 15.33,
            "book_valuer_per_share_4q_avg": 14.1,
            "equity": 380473,
            "current_ratio": 549.84,
            "debt_ratio": 51.89,
            "inventory_turnover_ratio": 0.75,
            "account_receivable_turnover_ratio": 2.28,
            "reinvestment_rate": -0.99,
            "research_to_sale_ratio": 6.5,
            "price_fair": 56,
            "eps_avg_yearly": 1.6,
            "eps_latest_yearly": 0.72,
            "eps_growth_yearly": 517.86
        },
        "20222": {
            "year_quarter": 20222,
            "year": 2022,
            "quarter": 2,
            "eps": 1.1,
            "eps_growth_year": 111.54,
            "eps_4q": 2.04,
            "eps_4q_growth_year": 36.7,
            "roe": 7.11,
            "roe_4q": 14.99,
            "gross_profit": 61045,
            "gross_margin": 29.69,
            "gross_margin_4q_avg": 29.94,
            "net_income": 27182,
            "revenue": 205601,
            "common_shares": 248229,
            "book_valuer_per_share": 15.46,
            "book_valuer_per_share_4q_avg": 14.61,
            "equity": 383831,
            "current_ratio": 433.79,
            "debt_ratio": 54.61,
            "inventory_turnover_ratio": 0.98,
            "account_receivable_turnover_ratio": 2.17,
            "reinvestment_rate": -3.62,
            "research_to_sale_ratio": 5,
            "price_fair": 60.1,
            "eps_avg_yearly": 1.72,
            "eps_latest_yearly": 4.4,
            "eps_growth_yearly": 363.9
        },
        "20223": {
            "year_quarter": 20223,
            "year": 2022,
            "quarter": 3,
            "eps": 1.04,
            "eps_growth_year": 108,
            "eps_4q": 2.59,
            "eps_4q_growth_year": 75.75,
            "roe": 6.74,
            "roe_4q": 17.91,
            "gross_profit": 55749,
            "gross_margin": 32.42,
            "gross_margin_4q_avg": 28.91,
            "net_income": 27095,
            "revenue": 171934,
            "common_shares": 263523,
            "book_valuer_per_share": 15.96,
            "book_valuer_per_share_4q_avg": 15.27,
            "equity": 420650,
            "current_ratio": 439.99,
            "debt_ratio": 52.21,
            "inventory_turnover_ratio": 0.81,
            "account_receivable_turnover_ratio": 1.43,
            "reinvestment_rate": -2.11,
            "research_to_sale_ratio": 4.9,
            "price_fair": 68.1,
            "eps_avg_yearly": 1.95,
            "eps_latest_yearly": 4.16,
            "eps_growth_yearly": 380.97
        },
        "20224": {
            "year_quarter": 20224,
            "year": 2022,
            "quarter": 4,
            "eps": -0.07,
            "eps_growth_year": -117.9,
            "eps_4q": 2.15,
            "eps_4q_growth_year": 38.34,
            "roe": -0.45,
            "roe_4q": 14.6,
            "gross_profit": 34096,
            "gross_margin": 26.95,
            "gross_margin_4q_avg": 28.59,
            "net_income": -1866,
            "revenue": 126535,
            "common_shares": 263548,
            "book_valuer_per_share": 15.46,
            "book_valuer_per_share_4q_avg": 15.55,
            "equity": 407497,
            "current_ratio": 197.89,
            "debt_ratio": 48.75,
            "inventory_turnover_ratio": 0.64,
            "account_receivable_turnover_ratio": 1.15,
            "reinvestment_rate": -28.88,
            "research_to_sale_ratio": 6.03,
            "price_fair": 68.06,
            "eps_avg_yearly": 1.94,
            "eps_latest_yearly": 4.16,
            "eps_growth_yearly": 378.22
        },
        "20231": {
            "year_quarter": 20231,
            "year": 2023,
            "quarter": 1,
            "eps": 0.01,
            "eps_growth_year": -94.44,
            "eps_4q": 1.77,
            "eps_4q_growth_year": 15.42,
            "roe": 0.04,
            "roe_4q": 13.440000000000001,
            "gross_profit": 34528,
            "gross_margin": 35.62,
            "gross_margin_4q_avg": 31.17,
            "net_income": 209,
            "revenue": 96937,
            "common_shares": 297545,
            "book_valuer_per_share": 18.01,
            "book_valuer_per_share_4q_avg": 16.22,
            "equity": 535879,
            "current_ratio": 293.72,
            "debt_ratio": 33.57,
            "inventory_turnover_ratio": 0.43,
            "account_receivable_turnover_ratio": 0.92,
            "reinvestment_rate": -30.01,
            "research_to_sale_ratio": 10.16,
            "price_fair": 69.53,
            "eps_avg_yearly": 1.99,
            "eps_latest_yearly": 4.16,
            "eps_growth_yearly": 418.59
        }
    },
    "months": {
        "2014-12": {
            "month": "2014-12",
            "price": "107.79",
            "revenue": 35961
        },
        "2015-01": {
            "month": "2015-01",
            "price": "110.08",
            "revenue": 15614
        },
        "2015-02": {
            "month": "2015-02",
            "price": "100.26",
            "revenue": 15889
        },
        "2015-03": {
            "month": "2015-03",
            "price": "99.51",
            "revenue": 28046
        },
        "2015-04": {
            "month": "2015-04",
            "price": "92.66",
            "revenue": 23553
        },
        "2015-05": {
            "month": "2015-05",
            "price": "88.08",
            "revenue": 21090
        },
        "2015-06": {
            "month": "2015-06",
            "price": "88.49",
            "revenue": 24050
        },
        "2015-07": {
            "month": "2015-07",
            "price": "85.41",
            "revenue": 32638
        },
        "2015-08": {
            "month": "2015-08",
            "price": "80.84",
            "revenue": 18982
        },
        "2015-09": {
            "month": "2015-09",
            "price": "79.58",
            "revenue": 30920
        },
        "2015-10": {
            "month": "2015-10",
            "price": "86.20",
            "revenue": 30589
        },
        "2015-11": {
            "month": "2015-11",
            "price": "87.45",
            "revenue": 30005
        },
        "2015-12": {
            "month": "2015-12",
            "price": "101.23",
            "revenue": 29636
        },
        "2016-01": {
            "month": "2016-01",
            "price": "79.80",
            "revenue": 21501
        },
        "2016-02": {
            "month": "2016-02",
            "price": "80.43",
            "revenue": 18974
        },
        "2016-03": {
            "month": "2016-03",
            "price": "80.83",
            "revenue": 35282
        },
        "2016-04": {
            "month": "2016-04",
            "price": "82.49",
            "revenue": 26720
        },
        "2016-05": {
            "month": "2016-05",
            "price": "79.82",
            "revenue": 26566
        },
        "2016-06": {
            "month": "2016-06",
            "price": "78.78",
            "revenue": 33674
        },
        "2016-07": {
            "month": "2016-07",
            "price": "76.48",
            "revenue": 34859
        },
        "2016-08": {
            "month": "2016-08",
            "price": "67.87",
            "revenue": 34053
        },
        "2016-09": {
            "month": "2016-09",
            "price": "61.39",
            "revenue": 41448
        },
        "2016-10": {
            "month": "2016-10",
            "price": "67.66",
            "revenue": 44489
        },
        "2016-11": {
            "month": "2016-11",
            "price": "61.04",
            "revenue": 48693
        },
        "2016-12": {
            "month": "2016-12",
            "price": "61.87",
            "revenue": 43100
        },
        "2017-01": {
            "month": "2017-01",
            "price": "67.36",
            "revenue": 31165
        },
        "2017-02": {
            "month": "2017-02",
            "price": "72.16",
            "revenue": 22601
        },
        "2017-03": {
            "month": "2017-03",
            "price": "66.59",
            "revenue": 51591
        },
        "2017-04": {
            "month": "2017-04",
            "price": "80.56",
            "revenue": 49841
        },
        "2017-05": {
            "month": "2017-05",
            "price": "78.37",
            "revenue": 60694
        },
        "2017-06": {
            "month": "2017-06",
            "price": "83.86",
            "revenue": 63208
        },
        "2017-07": {
            "month": "2017-07",
            "price": "79.84",
            "revenue": 37762
        },
        "2017-08": {
            "month": "2017-08",
            "price": "69.65",
            "revenue": 44422
        },
        "2017-09": {
            "month": "2017-09",
            "price": "62.36",
            "revenue": 39262
        },
        "2017-10": {
            "month": "2017-10",
            "price": "57.95",
            "revenue": 36923
        },
        "2017-11": {
            "month": "2017-11",
            "price": "51.23",
            "revenue": 42046
        },
        "2017-12": {
            "month": "2017-12",
            "price": "45.71",
            "revenue": 33302
        },
        "2018-01": {
            "month": "2018-01",
            "price": "44.17",
            "revenue": 32778
        },
        "2018-02": {
            "month": "2018-02",
            "price": "45.17",
            "revenue": 29487
        },
        "2018-03": {
            "month": "2018-03",
            "price": "51.02",
            "revenue": 44561
        },
        "2018-04": {
            "month": "2018-04",
            "price": "47.65",
            "revenue": 34618
        },
        "2018-05": {
            "month": "2018-05",
            "price": "46.77",
            "revenue": 38527
        },
        "2018-06": {
            "month": "2018-06",
            "price": "46.35",
            "revenue": 44550
        },
        "2018-07": {
            "month": "2018-07",
            "price": "47.36",
            "revenue": 39820
        },
        "2018-08": {
            "month": "2018-08",
            "price": "47.12",
            "revenue": 49624
        },
        "2018-09": {
            "month": "2018-09",
            "price": "45.78",
            "revenue": 39763
        },
        "2018-10": {
            "month": "2018-10",
            "price": "42.11",
            "revenue": 46387
        },
        "2018-11": {
            "month": "2018-11",
            "price": "39.49",
            "revenue": 55364
        },
        "2018-12": {
            "month": "2018-12",
            "price": "42.35",
            "revenue": 52333
        },
        "2019-01": {
            "month": "2019-01",
            "price": "47.59",
            "revenue": 59018
        },
        "2019-02": {
            "month": "2019-02",
            "price": "48.87",
            "revenue": 47093
        },
        "2019-03": {
            "month": "2019-03",
            "price": "51.24",
            "revenue": 54751
        },
        "2019-04": {
            "month": "2019-04",
            "price": "50.36",
            "revenue": 76469
        },
        "2019-05": {
            "month": "2019-05",
            "price": "53.67",
            "revenue": 61234
        },
        "2019-06": {
            "month": "2019-06",
            "price": "50.45",
            "revenue": 45007
        },
        "2019-07": {
            "month": "2019-07",
            "price": "48.40",
            "revenue": 44824
        },
        "2019-08": {
            "month": "2019-08",
            "price": "47.21",
            "revenue": 48811
        },
        "2019-09": {
            "month": "2019-09",
            "price": "44.43",
            "revenue": 47613
        },
        "2019-10": {
            "month": "2019-10",
            "price": "42.66",
            "revenue": 33183
        },
        "2019-11": {
            "month": "2019-11",
            "price": "40.79",
            "revenue": 26864
        },
        "2019-12": {
            "month": "2019-12",
            "price": "39.82",
            "revenue": 36402
        },
        "2020-01": {
            "month": "2020-01",
            "price": "39.47",
            "revenue": 32331
        },
        "2020-02": {
            "month": "2020-02",
            "price": "36.00",
            "revenue": 32429
        },
        "2020-03": {
            "month": "2020-03",
            "price": "30.47",
            "revenue": 34326
        },
        "2020-04": {
            "month": "2020-04",
            "price": "31.76",
            "revenue": 13628
        },
        "2020-05": {
            "month": "2020-05",
            "price": "36.02",
            "revenue": 24338
        },
        "2020-06": {
            "month": "2020-06",
            "price": "35.60",
            "revenue": 35721
        },
        "2020-07": {
            "month": "2020-07",
            "price": "31.89",
            "revenue": 45560
        },
        "2020-08": {
            "month": "2020-08",
            "price": "28.89",
            "revenue": 45384
        },
        "2020-09": {
            "month": "2020-09",
            "price": "28.85",
            "revenue": 38148
        },
        "2020-10": {
            "month": "2020-10",
            "price": "28.46",
            "revenue": 32188
        },
        "2020-11": {
            "month": "2020-11",
            "price": "27.26",
            "revenue": 38595
        },
        "2020-12": {
            "month": "2020-12",
            "price": "28.22",
            "revenue": 38651
        },
        "2021-01": {
            "month": "2021-01",
            "price": "29.05",
            "revenue": 34743
        },
        "2021-02": {
            "month": "2021-02",
            "price": "30.33",
            "revenue": 35733
        },
        "2021-03": {
            "month": "2021-03",
            "price": "32.01",
            "revenue": 40956
        },
        "2021-04": {
            "month": "2021-04",
            "price": "43.59",
            "revenue": 46945
        },
        "2021-05": {
            "month": "2021-05",
            "price": "38.50",
            "revenue": 41056
        },
        "2021-06": {
            "month": "2021-06",
            "price": "41.57",
            "revenue": 54819
        },
        "2021-07": {
            "month": "2021-07",
            "price": "43.51",
            "revenue": 43777
        },
        "2021-08": {
            "month": "2021-08",
            "price": "41.35",
            "revenue": 34932
        },
        "2021-09": {
            "month": "2021-09",
            "price": "39.70",
            "revenue": 49549
        },
        "2021-10": {
            "month": "2021-10",
            "price": "39.77",
            "revenue": 78089
        },
        "2021-11": {
            "month": "2021-11",
            "price": "49.19",
            "revenue": 46708
        },
        "2021-12": {
            "month": "2021-12",
            "price": "48.88",
            "revenue": 43448
        },
        "2022-01": {
            "month": "2022-01",
            "price": "47.25",
            "revenue": 45609
        },
        "2022-02": {
            "month": "2022-02",
            "price": "47.98",
            "revenue": 49546
        },
        "2022-03": {
            "month": "2022-03",
            "price": "47.30",
            "revenue": 54689
        },
        "2022-04": {
            "month": "2022-04",
            "price": "46.61",
            "revenue": 70380
        },
        "2022-05": {
            "month": "2022-05",
            "price": "48.50",
            "revenue": 65863
        },
        "2022-06": {
            "month": "2022-06",
            "price": "49.55",
            "revenue": 69358
        },
        "2022-07": {
            "month": "2022-07",
            "price": "48.08",
            "revenue": 65925
        },
        "2022-08": {
            "month": "2022-08",
            "price": "48.64",
            "revenue": 65460
        },
        "2022-09": {
            "month": "2022-09",
            "price": "47.72",
            "revenue": 40549
        },
        "2022-10": {
            "month": "2022-10",
            "price": "40.29",
            "revenue": 51522
        },
        "2022-11": {
            "month": "2022-11",
            "price": "39.54",
            "revenue": 39557
        },
        "2022-12": {
            "month": "2022-12",
            "price": "39.63",
            "revenue": 35456
        },
        "2023-01": {
            "month": "2023-01",
            "price": "35.66",
            "revenue": 16326
        },
        "2023-02": {
            "month": "2023-02",
            "price": "37.00",
            "revenue": 34132
        },
        "2023-03": {
            "month": "2023-03",
            "price": "64.33",
            "revenue": 46479
        },
        "2023-04": {
            "month": "2023-04",
            "price": "72.38",
            "revenue": 59061
        }
    }
}
