{
    "summary": {
        "stock_name": "台通",
        "stock_id": "8011",
        "category": "通信網路",
        "main_business": "通信網路相關產品<br>電信服務收入<br>工程收入",
        "website_url": "http://www.ttcc.com.tw",
        "ceo": "李慶煌",
        "pe_ratio": -36,
        "report_year_from": 2001,
        "report_year_to": 2023,
        "age": 22,
        "eps_negative_percentage": 32,
        "eps_growth_avg": {
            "last_all": -37.96,
            "last_2y": null,
            "last_4y": -97.5,
            "last_8y": -44.48,
            "last_12y": -25.55,
            "last_16y": null,
            "last_20y": null,
            "at_2006_last_3y": null,
            "at_2007_last_3y": null,
            "at_2008_last_3y": null,
            "at_2009_last_3y": null,
            "at_2010_last_3y": null,
            "at_2011_last_3y": null,
            "at_2012_last_3y": null,
            "at_2013_last_3y": 2.84,
            "at_2014_last_3y": -13.84,
            "at_2015_last_3y": -39.14,
            "at_2016_last_3y": -12.79,
            "at_2017_last_3y": -17.96,
            "at_2018_last_3y": -34.57,
            "at_2019_last_3y": -35.24,
            "at_2020_last_3y": -80.32,
            "at_2021_last_3y": -97.5,
            "at_2022_last_3y": -100,
            "at_2023_last_3y": -100,
            "at_2006_last_all": -100,
            "at_2007_last_all": -100,
            "at_2008_last_all": -100,
            "at_2009_last_all": -100,
            "at_2010_last_all": -53.95,
            "at_2011_last_all": -39.5,
            "at_2012_last_all": -32.68,
            "at_2013_last_all": -31.44,
            "at_2014_last_all": -31.03,
            "at_2015_last_all": -39.32,
            "at_2016_last_all": -23.84,
            "at_2017_last_all": -26.05,
            "at_2018_last_all": -32.32,
            "at_2019_last_all": -37.96,
            "at_2020_last_all": -37.96,
            "at_2021_last_all": -37.96,
            "at_2022_last_all": -37.96,
            "at_2023_last_all": -37.96
        },
        "latest_eps": -0.49,
        "latest_price": 17.8,
        "latest_roe": -1.63,
        "latest_gross_margin": 15.88,
        "latest_equity": 3407614,
        "latest_revenue": 413442,
        "latest_gross_profit": 65649,
        "latest_net_income": 5796,
        "latest_debt_ratio": 52.34,
        "latest_current_ratio": 163.63,
        "latest_account_receivable_turnover_ratio": 1.45,
        "latest_inventory_turnover_ratio": 0.57,
        "latest_reinvestment_rate": null,
        "latest_research_to_sale_ratio": 0.18
    },
    "eps_dividends": {
        "1999": {
            "cash": 0,
            "stock": 3,
            "eps": 0
        },
        "2000": {
            "cash": 0,
            "stock": 3,
            "eps": 0
        },
        "2001": {
            "cash": 2.7,
            "stock": 2.7,
            "eps": 0.2
        },
        "2002": {
            "cash": 0.09,
            "stock": 0.88,
            "eps": -1.54
        },
        "2003": {
            "cash": 0,
            "stock": 0,
            "eps": 0.43
        },
        "2004": {
            "cash": 0,
            "stock": 0,
            "eps": -0.26
        },
        "2005": {
            "cash": 0,
            "stock": 0,
            "eps": 0
        },
        "2006": {
            "cash": 0,
            "stock": 0,
            "eps": 0
        },
        "2007": {
            "cash": 0,
            "stock": 0,
            "eps": 0
        },
        "2008": {
            "cash": 0,
            "stock": 0,
            "eps": 0
        },
        "2009": {
            "cash": 0,
            "stock": 0.45,
            "eps": 2.07
        },
        "2010": {
            "cash": 2,
            "stock": 0,
            "eps": 2.86
        },
        "2011": {
            "cash": 3.5,
            "stock": 0,
            "eps": 2.97
        },
        "2012": {
            "cash": 0,
            "stock": 0,
            "eps": 2.81
        },
        "2013": {
            "cash": 1.2,
            "stock": 0,
            "eps": 2.1
        },
        "2014": {
            "cash": 1.4,
            "stock": 0,
            "eps": 1.5
        },
        "2015": {
            "cash": 1,
            "stock": 0,
            "eps": 0.04
        },
        "2016": {
            "cash": 0,
            "stock": 0,
            "eps": 0.74
        },
        "2017": {
            "cash": 0.6,
            "stock": 0,
            "eps": 0.4
        },
        "2018": {
            "cash": 0,
            "stock": 0,
            "eps": 0.02
        },
        "2019": {
            "cash": 0,
            "stock": 0,
            "eps": -0.51
        },
        "2020": {
            "cash": 0,
            "stock": 0,
            "eps": -0.17
        },
        "2021": {
            "cash": 0,
            "stock": 0,
            "eps": -1.35
        },
        "2022": {
            "cash": 0,
            "stock": 0,
            "eps": -1.62
        },
        "2023": {
            "cash": 0,
            "stock": 0,
            "eps": 0.1
        }
    },
    "dividends": {
        "1999-05-08": {
            "cash": 0,
            "stock": 3
        },
        "2000-04-29": {
            "cash": 0,
            "stock": 3
        },
        "2001-05-30": {
            "cash": 2.7,
            "stock": 2.7
        },
        "2002-06-11": {
            "cash": 0.09,
            "stock": 0.88
        },
        "2009-04-08": {
            "cash": 0,
            "stock": 0.45
        },
        "2010-04-14": {
            "cash": 2,
            "stock": 0
        },
        "2011-01-01": {
            "cash": 1,
            "stock": 0
        },
        "2011-02-25": {
            "cash": 2.5,
            "stock": 0
        },
        "2013-03-21": {
            "cash": 1.2,
            "stock": 0
        },
        "2014-09-05": {
            "cash": 1.4,
            "stock": 0
        },
        "2015-08-18": {
            "cash": 1,
            "stock": 0
        },
        "2017-10-05": {
            "cash": 0.6,
            "stock": 0
        }
    },
    "prices": {
        "200101": "無",
        "200102": "無",
        "200103": "無",
        "200104": "無",
        "200105": "無",
        "200106": "無",
        "200107": "無",
        "200108": "無",
        "200109": "無",
        "200110": "無",
        "200111": "無",
        "200112": "無",
        "200201": "無",
        "200202": "無",
        "200203": "無",
        "200204": "無",
        "200205": "無",
        "200206": "無",
        "200207": "無",
        "200208": "無",
        "200209": "無",
        "200210": "無",
        "200211": "無",
        "200212": "無",
        "200301": "無",
        "200302": "無",
        "200303": "無",
        "200304": "無",
        "200305": "無",
        "200306": "無",
        "200307": "無",
        "200308": "無",
        "200309": "無",
        "200310": "無",
        "200311": "無",
        "200312": "無",
        "200401": "無",
        "200402": "無",
        "200403": "無",
        "200404": "無",
        "200405": "無",
        "200406": "無",
        "200407": "無",
        "200408": "無",
        "200409": "無",
        "200410": "無",
        "200411": "無",
        "200412": "無",
        "200501": "無",
        "200502": "無",
        "200503": "無",
        "200504": "無",
        "200505": "無",
        "200506": "無",
        "200507": "無",
        "200508": "無",
        "200509": "無",
        "200510": "無",
        "200511": "無",
        "200512": "無",
        "200601": "無",
        "200602": "無",
        "200603": "無",
        "200604": "無",
        "200605": "無",
        "200606": "無",
        "200607": "無",
        "200608": "無",
        "200609": "無",
        "200610": "無",
        "200611": "無",
        "200612": "無",
        "200701": "無",
        "200702": "無",
        "200703": "無",
        "200704": "無",
        "200705": "無",
        "200706": "無",
        "200707": "無",
        "200708": "無",
        "200709": "無",
        "200710": "無",
        "200711": "無",
        "200712": "無",
        "200801": "無",
        "200802": "無",
        "200803": "無",
        "200804": "無",
        "200805": "無",
        "200806": "無",
        "200807": "無",
        "200808": "無",
        "200809": "無",
        "200810": "無",
        "200811": "無",
        "200812": "無",
        "200901": "無",
        "200902": "無",
        "200903": "無",
        "200904": "無",
        "200905": "無",
        "200906": "無",
        "200907": "無",
        "200908": "無",
        "200909": "無",
        "200910": "無",
        "200911": "無",
        "200912": "無",
        "201001": "21.11",
        "201002": "19.64",
        "201003": "23.03",
        "201004": "32.07",
        "201005": "39.59",
        "201006": "36.78",
        "201007": "37.01",
        "201008": "39.14",
        "201009": "38.75",
        "201010": "41.53",
        "201011": "39.34",
        "201012": "47.65",
        "201101": "45.51",
        "201102": "43.76",
        "201103": "42.68",
        "201104": "36.67",
        "201105": "38.39",
        "201106": "40.08",
        "201107": "38.67",
        "201108": "36.88",
        "201109": "37.78",
        "201110": "36.52",
        "201111": "39.14",
        "201112": "36.77",
        "201201": "40.63",
        "201202": "47.41",
        "201203": "46.32",
        "201204": "36.95",
        "201205": "34.66",
        "201206": "33.31",
        "201207": "36.80",
        "201208": "38.55",
        "201209": "39.14",
        "201210": "34.02",
        "201211": "32.18",
        "201212": "35.01",
        "201301": "41.24",
        "201302": "39.62",
        "201303": "36.43",
        "201304": "37.37",
        "201305": "37.50",
        "201306": "35.34",
        "201307": "36.49",
        "201308": "39.75",
        "201309": "39.31",
        "201310": "36.91",
        "201311": "35.03",
        "201312": "36.91",
        "201401": "39.84",
        "201402": "38.96",
        "201403": "45.93",
        "201404": "48.98",
        "201405": "53.20",
        "201406": "61.56",
        "201407": "58.62",
        "201408": "44.89",
        "201409": "43.35",
        "201410": "43.42",
        "201411": "42.26",
        "201412": "43.46",
        "201501": "43.93",
        "201502": "42.64",
        "201503": "40.82",
        "201504": "34.86",
        "201505": "34.40",
        "201506": "29.17",
        "201507": "27.78",
        "201508": "19.16",
        "201509": "20.06",
        "201510": "24.24",
        "201511": "22.01",
        "201512": "19.02",
        "201601": "18.66",
        "201602": "20.05",
        "201603": "19.82",
        "201604": "17.39",
        "201605": "16.00",
        "201606": "17.93",
        "201607": "17.72",
        "201608": "18.09",
        "201609": "18.33",
        "201610": "18.64",
        "201611": "17.02",
        "201612": "19.82",
        "201701": "20.34",
        "201702": "21.34",
        "201703": "24.16",
        "201704": "23.49",
        "201705": "24.84",
        "201706": "24.52",
        "201707": "24.11",
        "201708": "24.27",
        "201709": "23.05",
        "201710": "21.38",
        "201711": "20.50",
        "201712": "19.27",
        "201801": "20.78",
        "201802": "18.83",
        "201803": "18.72",
        "201804": "18.69",
        "201805": "18.15",
        "201806": "20.26",
        "201807": "19.42",
        "201808": "18.29",
        "201809": "17.48",
        "201810": "16.49",
        "201811": "16.37",
        "201812": "18.16",
        "201901": "17.91",
        "201902": "18.70",
        "201903": "18.78",
        "201904": "18.96",
        "201905": "16.66",
        "201906": "16.33",
        "201907": "16.72",
        "201908": "15.30",
        "201909": "15.83",
        "201910": "15.84",
        "201911": "15.97",
        "201912": "16.32",
        "202001": "17.15",
        "202002": "15.38",
        "202003": "12.48",
        "202004": "12.82",
        "202005": "17.91",
        "202006": "17.70",
        "202007": "18.55",
        "202008": "17.43",
        "202009": "17.29",
        "202010": "16.26",
        "202011": "17.21",
        "202012": "22.40",
        "202101": "23.86",
        "202102": "21.61",
        "202103": "21.10",
        "202104": "21.59",
        "202105": "16.87",
        "202106": "17.90",
        "202107": "17.45",
        "202108": "16.41",
        "202109": "16.59",
        "202110": "16.69",
        "202111": "19.07",
        "202112": "19.62",
        "202201": "18.99",
        "202202": "18.65",
        "202203": "17.44",
        "202204": "16.40",
        "202205": "15.74",
        "202206": "15.58",
        "202207": "14.18",
        "202208": "15.88",
        "202209": "15.25",
        "202210": "14.16",
        "202211": "14.28",
        "202212": "14.66",
        "202301": "14.16",
        "202302": "14.49",
        "202303": "14.63",
        "202304": "15.17",
        "202305": "17.12",
        "202306": "18.38",
        "202307": "18.12",
        "202308": "17.02",
        "202309": "18.53",
        "202310": "18.23"
    },
    "quarters": {
        "20011": {
            "year_quarter": 20011,
            "year": 2001,
            "quarter": 1,
            "eps": 0.27,
            "eps_growth_year": -82.91,
            "eps_4q": 0.63,
            "eps_4q_growth_year": null,
            "roe": 1.64,
            "roe_4q": 1.64,
            "gross_profit": 34102,
            "gross_margin": 14.29,
            "gross_margin_4q_avg": 14.29,
            "net_income": 11622,
            "net_income_4q": null,
            "revenue": 238593,
            "revenue_4q": null,
            "common_shares": 430000,
            "book_valuer_per_share": 16.6,
            "book_valuer_per_share_4q_avg": 16.6,
            "equity": 713842,
            "current_ratio": 123.55,
            "debt_ratio": 59.51,
            "inventory_turnover_ratio": 0.48,
            "account_receivable_turnover_ratio": null,
            "reinvestment_rate": null,
            "research_to_sale_ratio": null,
            "price_fair": 0,
            "eps_avg_yearly": 0,
            "eps_latest_yearly": 0,
            "eps_growth_yearly": 0
        },
        "20012": {
            "year_quarter": 20012,
            "year": 2001,
            "quarter": 2,
            "eps": -0.01,
            "eps_growth_year": null,
            "eps_4q": 0.77,
            "eps_4q_growth_year": null,
            "roe": -0.08,
            "roe_4q": 1.5599999999999998,
            "gross_profit": 31732,
            "gross_margin": 19.48,
            "gross_margin_4q_avg": 16.89,
            "net_income": -537,
            "net_income_4q": null,
            "revenue": 162875,
            "revenue_4q": null,
            "common_shares": 430000,
            "book_valuer_per_share": 16.53,
            "book_valuer_per_share_4q_avg": 16.57,
            "equity": 710923,
            "current_ratio": 127.81,
            "debt_ratio": 55.93,
            "inventory_turnover_ratio": 0.35,
            "account_receivable_turnover_ratio": null,
            "reinvestment_rate": null,
            "research_to_sale_ratio": null,
            "price_fair": 0,
            "eps_avg_yearly": 0,
            "eps_latest_yearly": 0,
            "eps_growth_yearly": 0
        },
        "20013": {
            "year_quarter": 20013,
            "year": 2001,
            "quarter": 3,
            "eps": 0.01,
            "eps_growth_year": -95.83,
            "eps_4q": 0.44,
            "eps_4q_growth_year": null,
            "roe": 0.11,
            "roe_4q": 1.67,
            "gross_profit": 30227,
            "gross_margin": 21.42,
            "gross_margin_4q_avg": 18.4,
            "net_income": 751,
            "net_income_4q": null,
            "revenue": 141094,
            "revenue_4q": null,
            "common_shares": 550000,
            "book_valuer_per_share": 12.94,
            "book_valuer_per_share_4q_avg": 15.36,
            "equity": 711674,
            "current_ratio": 125.01,
            "debt_ratio": 58.11,
            "inventory_turnover_ratio": 0.26,
            "account_receivable_turnover_ratio": null,
            "reinvestment_rate": null,
            "research_to_sale_ratio": null,
            "price_fair": 0,
            "eps_avg_yearly": 0,
            "eps_latest_yearly": 0,
            "eps_growth_yearly": 0
        },
        "20014": {
            "year_quarter": 20014,
            "year": 2001,
            "quarter": 4,
            "eps": -0.07,
            "eps_growth_year": -123.33,
            "eps_4q": 0.15,
            "eps_4q_growth_year": -90.07,
            "roe": -0.53,
            "roe_4q": 1.14,
            "gross_profit": 20645,
            "gross_margin": 6.72,
            "gross_margin_4q_avg": 15.48,
            "net_income": -3780,
            "net_income_4q": null,
            "revenue": 307408,
            "revenue_4q": null,
            "common_shares": 550000,
            "book_valuer_per_share": 12.81,
            "book_valuer_per_share_4q_avg": 14.72,
            "equity": 704362,
            "current_ratio": 127.26,
            "debt_ratio": 57.39,
            "inventory_turnover_ratio": 0.6,
            "account_receivable_turnover_ratio": null,
            "reinvestment_rate": null,
            "research_to_sale_ratio": null,
            "price_fair": 0,
            "eps_avg_yearly": 0,
            "eps_latest_yearly": 0,
            "eps_growth_yearly": 0
        },
        "20021": {
            "year_quarter": 20021,
            "year": 2002,
            "quarter": 1,
            "eps": -0.34,
            "eps_growth_year": -225.93,
            "eps_4q": -0.41,
            "eps_4q_growth_year": -164.53,
            "roe": -2.66,
            "roe_4q": -3.1600000000000006,
            "gross_profit": 2343,
            "gross_margin": 1.5,
            "gross_margin_4q_avg": 12.28,
            "net_income": -18498,
            "net_income_4q": null,
            "revenue": 156026,
            "revenue_4q": null,
            "common_shares": 550000,
            "book_valuer_per_share": 12.47,
            "book_valuer_per_share_4q_avg": 13.69,
            "equity": 685864,
            "current_ratio": 120.08,
            "debt_ratio": 59.97,
            "inventory_turnover_ratio": 0.31,
            "account_receivable_turnover_ratio": null,
            "reinvestment_rate": null,
            "research_to_sale_ratio": null,
            "price_fair": 0,
            "eps_avg_yearly": 0,
            "eps_latest_yearly": 0,
            "eps_growth_yearly": 0
        },
        "20022": {
            "year_quarter": 20022,
            "year": 2002,
            "quarter": 2,
            "eps": -0.25,
            "eps_growth_year": null,
            "eps_4q": -0.66,
            "eps_4q_growth_year": -185.82,
            "roe": -2.18,
            "roe_4q": -5.26,
            "gross_profit": 43979,
            "gross_margin": 14.62,
            "gross_margin_4q_avg": 11.07,
            "net_income": -14737,
            "net_income_4q": null,
            "revenue": 300882,
            "revenue_4q": null,
            "common_shares": 550000,
            "book_valuer_per_share": 12.1,
            "book_valuer_per_share_4q_avg": 12.58,
            "equity": 665627,
            "current_ratio": 118.8,
            "debt_ratio": 58.87,
            "inventory_turnover_ratio": 0.52,
            "account_receivable_turnover_ratio": null,
            "reinvestment_rate": null,
            "research_to_sale_ratio": null,
            "price_fair": 0,
            "eps_avg_yearly": 0,
            "eps_latest_yearly": 0,
            "eps_growth_yearly": 0
        },
        "20023": {
            "year_quarter": 20023,
            "year": 2002,
            "quarter": 3,
            "eps": -0.39,
            "eps_growth_year": -4000,
            "eps_4q": -1.01,
            "eps_4q_growth_year": -328.38,
            "roe": -3.59,
            "roe_4q": -8.959999999999999,
            "gross_profit": -10904,
            "gross_margin": -9.72,
            "gross_margin_4q_avg": 3.28,
            "net_income": -23476,
            "net_income_4q": null,
            "revenue": 112237,
            "revenue_4q": null,
            "common_shares": 600000,
            "book_valuer_per_share": 10.7,
            "book_valuer_per_share_4q_avg": 12.02,
            "equity": 642151,
            "current_ratio": 112.56,
            "debt_ratio": 61.49,
            "inventory_turnover_ratio": 0.24,
            "account_receivable_turnover_ratio": null,
            "reinvestment_rate": null,
            "research_to_sale_ratio": null,
            "price_fair": 0,
            "eps_avg_yearly": 0,
            "eps_latest_yearly": 0,
            "eps_growth_yearly": 0
        },
        "20024": {
            "year_quarter": 20024,
            "year": 2002,
            "quarter": 4,
            "eps": -0.56,
            "eps_growth_year": null,
            "eps_4q": -1.5,
            "eps_4q_growth_year": -1100,
            "roe": -5.33,
            "roe_4q": -13.76,
            "gross_profit": 30281,
            "gross_margin": 10.67,
            "gross_margin_4q_avg": 4.27,
            "net_income": -33361,
            "net_income_4q": null,
            "revenue": 283750,
            "revenue_4q": null,
            "common_shares": 600000,
            "book_valuer_per_share": 10.16,
            "book_valuer_per_share_4q_avg": 11.36,
            "equity": 609586,
            "current_ratio": 110.47,
            "debt_ratio": 63.72,
            "inventory_turnover_ratio": 0.48,
            "account_receivable_turnover_ratio": null,
            "reinvestment_rate": null,
            "research_to_sale_ratio": null,
            "price_fair": 0,
            "eps_avg_yearly": 0,
            "eps_latest_yearly": 0,
            "eps_growth_yearly": 0
        },
        "20031": {
            "year_quarter": 20031,
            "year": 2003,
            "quarter": 1,
            "eps": 0.02,
            "eps_growth_year": null,
            "eps_4q": -1.31,
            "eps_4q_growth_year": null,
            "roe": 0.18,
            "roe_4q": -10.92,
            "gross_profit": -5006,
            "gross_margin": -2.68,
            "gross_margin_4q_avg": 3.22,
            "net_income": 1078,
            "net_income_4q": null,
            "revenue": 186623,
            "revenue_4q": null,
            "common_shares": 600000,
            "book_valuer_per_share": 10.18,
            "book_valuer_per_share_4q_avg": 10.79,
            "equity": 610664,
            "current_ratio": 114.1,
            "debt_ratio": 62.43,
            "inventory_turnover_ratio": 0.39,
            "account_receivable_turnover_ratio": null,
            "reinvestment_rate": null,
            "research_to_sale_ratio": null,
            "price_fair": 0,
            "eps_avg_yearly": 0,
            "eps_latest_yearly": 0,
            "eps_growth_yearly": 0
        },
        "20032": {
            "year_quarter": 20032,
            "year": 2003,
            "quarter": 2,
            "eps": 0.01,
            "eps_growth_year": null,
            "eps_4q": -0.92,
            "eps_4q_growth_year": null,
            "roe": 0.1,
            "roe_4q": -8.64,
            "gross_profit": 24687,
            "gross_margin": 15.27,
            "gross_margin_4q_avg": 3.39,
            "net_income": 614,
            "net_income_4q": null,
            "revenue": 161630,
            "revenue_4q": null,
            "common_shares": 600000,
            "book_valuer_per_share": 10.19,
            "book_valuer_per_share_4q_avg": 10.31,
            "equity": 611250,
            "current_ratio": 110.61,
            "debt_ratio": 61.76,
            "inventory_turnover_ratio": 0.28,
            "account_receivable_turnover_ratio": null,
            "reinvestment_rate": null,
            "research_to_sale_ratio": null,
            "price_fair": 0.12,
            "eps_avg_yearly": 0.04,
            "eps_latest_yearly": 0.04,
            "eps_growth_yearly": -200
        },
        "20033": {
            "year_quarter": 20033,
            "year": 2003,
            "quarter": 3,
            "eps": -0.41,
            "eps_growth_year": null,
            "eps_4q": -0.94,
            "eps_4q_growth_year": null,
            "roe": -4.11,
            "roe_4q": -9.16,
            "gross_profit": -3334,
            "gross_margin": -2.07,
            "gross_margin_4q_avg": 5.3,
            "net_income": -24575,
            "net_income_4q": null,
            "revenue": 161412,
            "revenue_4q": null,
            "common_shares": 600000,
            "book_valuer_per_share": 9.77,
            "book_valuer_per_share_4q_avg": 10.08,
            "equity": 585971,
            "current_ratio": 97.98,
            "debt_ratio": 62.53,
            "inventory_turnover_ratio": 0.35,
            "account_receivable_turnover_ratio": null,
            "reinvestment_rate": null,
            "research_to_sale_ratio": null,
            "price_fair": 0.12,
            "eps_avg_yearly": 0.04,
            "eps_latest_yearly": 0.04,
            "eps_growth_yearly": -200
        },
        "20034": {
            "year_quarter": 20034,
            "year": 2003,
            "quarter": 4,
            "eps": 0.81,
            "eps_growth_year": null,
            "eps_4q": 0.43,
            "eps_4q_growth_year": null,
            "roe": 7.96,
            "roe_4q": 4.13,
            "gross_profit": 72465,
            "gross_margin": 26.26,
            "gross_margin_4q_avg": 9.2,
            "net_income": 48726,
            "net_income_4q": null,
            "revenue": 275934,
            "revenue_4q": null,
            "common_shares": 600000,
            "book_valuer_per_share": 10.63,
            "book_valuer_per_share_4q_avg": 10.19,
            "equity": 637927,
            "current_ratio": 106.24,
            "debt_ratio": 61.32,
            "inventory_turnover_ratio": 0.45,
            "account_receivable_turnover_ratio": null,
            "reinvestment_rate": -857.9,
            "research_to_sale_ratio": null,
            "price_fair": 0.12,
            "eps_avg_yearly": 0.04,
            "eps_latest_yearly": 0.04,
            "eps_growth_yearly": -200
        },
        "20041": {
            "year_quarter": 20041,
            "year": 2004,
            "quarter": 1,
            "eps": -0.27,
            "eps_growth_year": -1450,
            "eps_4q": 0.14,
            "eps_4q_growth_year": null,
            "roe": -2.58,
            "roe_4q": 1.3699999999999997,
            "gross_profit": 14628,
            "gross_margin": 6.47,
            "gross_margin_4q_avg": 11.48,
            "net_income": -16221,
            "net_income_4q": null,
            "revenue": 226229,
            "revenue_4q": null,
            "common_shares": 600000,
            "book_valuer_per_share": 10.33,
            "book_valuer_per_share_4q_avg": 10.23,
            "equity": 619557,
            "current_ratio": 103.75,
            "debt_ratio": 61.68,
            "inventory_turnover_ratio": 0.49,
            "account_receivable_turnover_ratio": null,
            "reinvestment_rate": null,
            "research_to_sale_ratio": null,
            "price_fair": 0.12,
            "eps_avg_yearly": 0.04,
            "eps_latest_yearly": 0.04,
            "eps_growth_yearly": -200
        },
        "20042": {
            "year_quarter": 20042,
            "year": 2004,
            "quarter": 2,
            "eps": 0.01,
            "eps_growth_year": 0,
            "eps_4q": 0.14,
            "eps_4q_growth_year": null,
            "roe": 0.09,
            "roe_4q": 1.3599999999999994,
            "gross_profit": 6608,
            "gross_margin": 2.73,
            "gross_margin_4q_avg": 8.35,
            "net_income": 548,
            "net_income_4q": null,
            "revenue": 242062,
            "revenue_4q": null,
            "common_shares": 600000,
            "book_valuer_per_share": 10.36,
            "book_valuer_per_share_4q_avg": 10.27,
            "equity": 621694,
            "current_ratio": 100.08,
            "debt_ratio": 61.23,
            "inventory_turnover_ratio": 0.56,
            "account_receivable_turnover_ratio": null,
            "reinvestment_rate": null,
            "research_to_sale_ratio": null,
            "price_fair": 0.12,
            "eps_avg_yearly": 0.04,
            "eps_latest_yearly": 0.04,
            "eps_growth_yearly": -200
        },
        "20043": {
            "year_quarter": 20043,
            "year": 2004,
            "quarter": 3,
            "eps": null,
            "eps_growth_year": null,
            "eps_4q": null,
            "eps_4q_growth_year": null,
            "roe": null,
            "roe_4q": 5.47,
            "gross_profit": null,
            "gross_margin": null,
            "gross_margin_4q_avg": 8.87,
            "net_income": null,
            "net_income_4q": null,
            "revenue": null,
            "revenue_4q": null,
            "common_shares": null,
            "book_valuer_per_share": null,
            "book_valuer_per_share_4q_avg": 7.83,
            "equity": null,
            "current_ratio": null,
            "debt_ratio": null,
            "inventory_turnover_ratio": null,
            "account_receivable_turnover_ratio": null,
            "reinvestment_rate": null,
            "research_to_sale_ratio": null,
            "price_fair": 0.12,
            "eps_avg_yearly": 0.04,
            "eps_latest_yearly": 0.04,
            "eps_growth_yearly": -200
        },
        "20044": {
            "year_quarter": 20044,
            "year": 2004,
            "quarter": 4,
            "eps": null,
            "eps_growth_year": null,
            "eps_4q": null,
            "eps_4q_growth_year": null,
            "roe": null,
            "roe_4q": -2.49,
            "gross_profit": null,
            "gross_margin": null,
            "gross_margin_4q_avg": 2.3,
            "net_income": null,
            "net_income_4q": null,
            "revenue": null,
            "revenue_4q": null,
            "common_shares": 600000,
            "book_valuer_per_share": 8.66,
            "book_valuer_per_share_4q_avg": 7.34,
            "equity": 519478,
            "current_ratio": 99.12,
            "debt_ratio": 65.8,
            "inventory_turnover_ratio": null,
            "account_receivable_turnover_ratio": null,
            "reinvestment_rate": null,
            "research_to_sale_ratio": null,
            "price_fair": 0.12,
            "eps_avg_yearly": 0.04,
            "eps_latest_yearly": 0.04,
            "eps_growth_yearly": -200
        },
        "20051": {
            "year_quarter": 20051,
            "year": 2005,
            "quarter": 1,
            "eps": null,
            "eps_growth_year": null,
            "eps_4q": null,
            "eps_4q_growth_year": null,
            "roe": null,
            "roe_4q": 0.09,
            "gross_profit": null,
            "gross_margin": null,
            "gross_margin_4q_avg": 0.68,
            "net_income": null,
            "net_income_4q": null,
            "revenue": null,
            "revenue_4q": null,
            "common_shares": null,
            "book_valuer_per_share": null,
            "book_valuer_per_share_4q_avg": 4.76,
            "equity": null,
            "current_ratio": null,
            "debt_ratio": null,
            "inventory_turnover_ratio": null,
            "account_receivable_turnover_ratio": null,
            "reinvestment_rate": null,
            "research_to_sale_ratio": null,
            "price_fair": 0.12,
            "eps_avg_yearly": 0.04,
            "eps_latest_yearly": 0.04,
            "eps_growth_yearly": -200
        },
        "20052": {
            "year_quarter": 20052,
            "year": 2005,
            "quarter": 2,
            "eps": null,
            "eps_growth_year": null,
            "eps_4q": null,
            "eps_4q_growth_year": null,
            "roe": null,
            "roe_4q": 0,
            "gross_profit": null,
            "gross_margin": null,
            "gross_margin_4q_avg": 0,
            "net_income": null,
            "net_income_4q": null,
            "revenue": null,
            "revenue_4q": null,
            "common_shares": null,
            "book_valuer_per_share": null,
            "book_valuer_per_share_4q_avg": 2.17,
            "equity": null,
            "current_ratio": null,
            "debt_ratio": null,
            "inventory_turnover_ratio": null,
            "account_receivable_turnover_ratio": null,
            "reinvestment_rate": null,
            "research_to_sale_ratio": null,
            "price_fair": 0.12,
            "eps_avg_yearly": 0.04,
            "eps_latest_yearly": 0.04,
            "eps_growth_yearly": -200
        },
        "20053": {
            "year_quarter": 20053,
            "year": 2005,
            "quarter": 3,
            "eps": null,
            "eps_growth_year": null,
            "eps_4q": null,
            "eps_4q_growth_year": null,
            "roe": null,
            "roe_4q": 0,
            "gross_profit": null,
            "gross_margin": null,
            "gross_margin_4q_avg": 0,
            "net_income": null,
            "net_income_4q": null,
            "revenue": null,
            "revenue_4q": null,
            "common_shares": null,
            "book_valuer_per_share": null,
            "book_valuer_per_share_4q_avg": 2.17,
            "equity": null,
            "current_ratio": null,
            "debt_ratio": null,
            "inventory_turnover_ratio": null,
            "account_receivable_turnover_ratio": null,
            "reinvestment_rate": null,
            "research_to_sale_ratio": null,
            "price_fair": 0.12,
            "eps_avg_yearly": 0.04,
            "eps_latest_yearly": 0.04,
            "eps_growth_yearly": -200
        },
        "20054": {
            "year_quarter": 20054,
            "year": 2005,
            "quarter": 4,
            "eps": null,
            "eps_growth_year": null,
            "eps_4q": null,
            "eps_4q_growth_year": null,
            "roe": null,
            "roe_4q": 0,
            "gross_profit": null,
            "gross_margin": null,
            "gross_margin_4q_avg": 0,
            "net_income": null,
            "net_income_4q": null,
            "revenue": null,
            "revenue_4q": null,
            "common_shares": 600000,
            "book_valuer_per_share": 8.71,
            "book_valuer_per_share_4q_avg": 2.18,
            "equity": 547676,
            "current_ratio": 93.8,
            "debt_ratio": 62.62,
            "inventory_turnover_ratio": null,
            "account_receivable_turnover_ratio": null,
            "reinvestment_rate": null,
            "research_to_sale_ratio": null,
            "price_fair": 0.12,
            "eps_avg_yearly": 0.04,
            "eps_latest_yearly": 0.04,
            "eps_growth_yearly": -200
        },
        "20061": {
            "year_quarter": 20061,
            "year": 2006,
            "quarter": 1,
            "eps": null,
            "eps_growth_year": null,
            "eps_4q": null,
            "eps_4q_growth_year": null,
            "roe": null,
            "roe_4q": 0,
            "gross_profit": null,
            "gross_margin": null,
            "gross_margin_4q_avg": 0,
            "net_income": null,
            "net_income_4q": null,
            "revenue": null,
            "revenue_4q": null,
            "common_shares": null,
            "book_valuer_per_share": null,
            "book_valuer_per_share_4q_avg": 2.18,
            "equity": null,
            "current_ratio": null,
            "debt_ratio": null,
            "inventory_turnover_ratio": null,
            "account_receivable_turnover_ratio": null,
            "reinvestment_rate": null,
            "research_to_sale_ratio": null,
            "price_fair": 0.12,
            "eps_avg_yearly": 0.04,
            "eps_latest_yearly": 0.04,
            "eps_growth_yearly": -200
        },
        "20062": {
            "year_quarter": 20062,
            "year": 2006,
            "quarter": 2,
            "eps": null,
            "eps_growth_year": null,
            "eps_4q": null,
            "eps_4q_growth_year": null,
            "roe": null,
            "roe_4q": 0,
            "gross_profit": null,
            "gross_margin": null,
            "gross_margin_4q_avg": 0,
            "net_income": null,
            "net_income_4q": null,
            "revenue": null,
            "revenue_4q": null,
            "common_shares": null,
            "book_valuer_per_share": null,
            "book_valuer_per_share_4q_avg": 2.18,
            "equity": null,
            "current_ratio": null,
            "debt_ratio": null,
            "inventory_turnover_ratio": null,
            "account_receivable_turnover_ratio": null,
            "reinvestment_rate": null,
            "research_to_sale_ratio": null,
            "price_fair": 0.12,
            "eps_avg_yearly": 0.04,
            "eps_latest_yearly": 0.04,
            "eps_growth_yearly": -200
        },
        "20063": {
            "year_quarter": 20063,
            "year": 2006,
            "quarter": 3,
            "eps": null,
            "eps_growth_year": null,
            "eps_4q": null,
            "eps_4q_growth_year": null,
            "roe": null,
            "roe_4q": 0,
            "gross_profit": null,
            "gross_margin": null,
            "gross_margin_4q_avg": 0,
            "net_income": null,
            "net_income_4q": null,
            "revenue": null,
            "revenue_4q": null,
            "common_shares": null,
            "book_valuer_per_share": null,
            "book_valuer_per_share_4q_avg": 2.18,
            "equity": null,
            "current_ratio": null,
            "debt_ratio": null,
            "inventory_turnover_ratio": null,
            "account_receivable_turnover_ratio": null,
            "reinvestment_rate": null,
            "research_to_sale_ratio": null,
            "price_fair": 0.12,
            "eps_avg_yearly": 0.04,
            "eps_latest_yearly": 0.04,
            "eps_growth_yearly": -200
        },
        "20064": {
            "year_quarter": 20064,
            "year": 2006,
            "quarter": 4,
            "eps": null,
            "eps_growth_year": null,
            "eps_4q": null,
            "eps_4q_growth_year": null,
            "roe": null,
            "roe_4q": 0,
            "gross_profit": null,
            "gross_margin": null,
            "gross_margin_4q_avg": 0,
            "net_income": null,
            "net_income_4q": null,
            "revenue": null,
            "revenue_4q": null,
            "common_shares": 600000,
            "book_valuer_per_share": 9.07,
            "book_valuer_per_share_4q_avg": 2.27,
            "equity": 579396,
            "current_ratio": 93.46,
            "debt_ratio": 60.77,
            "inventory_turnover_ratio": null,
            "account_receivable_turnover_ratio": null,
            "reinvestment_rate": null,
            "research_to_sale_ratio": null,
            "price_fair": 0.12,
            "eps_avg_yearly": 0.04,
            "eps_latest_yearly": 0.04,
            "eps_growth_yearly": -200
        },
        "20071": {
            "year_quarter": 20071,
            "year": 2007,
            "quarter": 1,
            "eps": null,
            "eps_growth_year": null,
            "eps_4q": null,
            "eps_4q_growth_year": null,
            "roe": null,
            "roe_4q": 0,
            "gross_profit": null,
            "gross_margin": null,
            "gross_margin_4q_avg": 0,
            "net_income": null,
            "net_income_4q": null,
            "revenue": null,
            "revenue_4q": null,
            "common_shares": null,
            "book_valuer_per_share": null,
            "book_valuer_per_share_4q_avg": 2.27,
            "equity": null,
            "current_ratio": null,
            "debt_ratio": null,
            "inventory_turnover_ratio": null,
            "account_receivable_turnover_ratio": null,
            "reinvestment_rate": null,
            "research_to_sale_ratio": null,
            "price_fair": 0.12,
            "eps_avg_yearly": 0.04,
            "eps_latest_yearly": 0.04,
            "eps_growth_yearly": -200
        },
        "20072": {
            "year_quarter": 20072,
            "year": 2007,
            "quarter": 2,
            "eps": null,
            "eps_growth_year": null,
            "eps_4q": null,
            "eps_4q_growth_year": null,
            "roe": null,
            "roe_4q": 0,
            "gross_profit": null,
            "gross_margin": null,
            "gross_margin_4q_avg": 0,
            "net_income": null,
            "net_income_4q": null,
            "revenue": null,
            "revenue_4q": null,
            "common_shares": null,
            "book_valuer_per_share": null,
            "book_valuer_per_share_4q_avg": 2.27,
            "equity": null,
            "current_ratio": null,
            "debt_ratio": null,
            "inventory_turnover_ratio": null,
            "account_receivable_turnover_ratio": null,
            "reinvestment_rate": null,
            "research_to_sale_ratio": null,
            "price_fair": 0,
            "eps_avg_yearly": 0,
            "eps_latest_yearly": 0,
            "eps_growth_yearly": 0
        },
        "20073": {
            "year_quarter": 20073,
            "year": 2007,
            "quarter": 3,
            "eps": null,
            "eps_growth_year": null,
            "eps_4q": null,
            "eps_4q_growth_year": null,
            "roe": null,
            "roe_4q": 0,
            "gross_profit": null,
            "gross_margin": null,
            "gross_margin_4q_avg": 0,
            "net_income": null,
            "net_income_4q": null,
            "revenue": null,
            "revenue_4q": null,
            "common_shares": null,
            "book_valuer_per_share": null,
            "book_valuer_per_share_4q_avg": 2.27,
            "equity": null,
            "current_ratio": null,
            "debt_ratio": null,
            "inventory_turnover_ratio": null,
            "account_receivable_turnover_ratio": null,
            "reinvestment_rate": null,
            "research_to_sale_ratio": null,
            "price_fair": 0,
            "eps_avg_yearly": 0,
            "eps_latest_yearly": 0,
            "eps_growth_yearly": 0
        },
        "20074": {
            "year_quarter": 20074,
            "year": 2007,
            "quarter": 4,
            "eps": null,
            "eps_growth_year": null,
            "eps_4q": null,
            "eps_4q_growth_year": null,
            "roe": null,
            "roe_4q": 0,
            "gross_profit": null,
            "gross_margin": null,
            "gross_margin_4q_avg": 0,
            "net_income": null,
            "net_income_4q": null,
            "revenue": null,
            "revenue_4q": null,
            "common_shares": 600000,
            "book_valuer_per_share": 9.55,
            "book_valuer_per_share_4q_avg": 2.39,
            "equity": 606773,
            "current_ratio": 114.26,
            "debt_ratio": 63.07,
            "inventory_turnover_ratio": null,
            "account_receivable_turnover_ratio": null,
            "reinvestment_rate": null,
            "research_to_sale_ratio": null,
            "price_fair": 0,
            "eps_avg_yearly": 0,
            "eps_latest_yearly": 0,
            "eps_growth_yearly": 0
        },
        "20081": {
            "year_quarter": 20081,
            "year": 2008,
            "quarter": 1,
            "eps": null,
            "eps_growth_year": null,
            "eps_4q": null,
            "eps_4q_growth_year": null,
            "roe": null,
            "roe_4q": 0,
            "gross_profit": null,
            "gross_margin": null,
            "gross_margin_4q_avg": 0,
            "net_income": null,
            "net_income_4q": null,
            "revenue": null,
            "revenue_4q": null,
            "common_shares": null,
            "book_valuer_per_share": null,
            "book_valuer_per_share_4q_avg": 2.39,
            "equity": null,
            "current_ratio": null,
            "debt_ratio": null,
            "inventory_turnover_ratio": null,
            "account_receivable_turnover_ratio": null,
            "reinvestment_rate": null,
            "research_to_sale_ratio": null,
            "price_fair": 0,
            "eps_avg_yearly": 0,
            "eps_latest_yearly": 0,
            "eps_growth_yearly": 0
        },
        "20082": {
            "year_quarter": 20082,
            "year": 2008,
            "quarter": 2,
            "eps": null,
            "eps_growth_year": null,
            "eps_4q": null,
            "eps_4q_growth_year": null,
            "roe": null,
            "roe_4q": 0,
            "gross_profit": null,
            "gross_margin": null,
            "gross_margin_4q_avg": 0,
            "net_income": null,
            "net_income_4q": null,
            "revenue": null,
            "revenue_4q": null,
            "common_shares": null,
            "book_valuer_per_share": null,
            "book_valuer_per_share_4q_avg": 2.39,
            "equity": null,
            "current_ratio": null,
            "debt_ratio": null,
            "inventory_turnover_ratio": null,
            "account_receivable_turnover_ratio": null,
            "reinvestment_rate": null,
            "research_to_sale_ratio": null,
            "price_fair": 0,
            "eps_avg_yearly": 0,
            "eps_latest_yearly": 0,
            "eps_growth_yearly": 0
        },
        "20083": {
            "year_quarter": 20083,
            "year": 2008,
            "quarter": 3,
            "eps": null,
            "eps_growth_year": null,
            "eps_4q": null,
            "eps_4q_growth_year": null,
            "roe": null,
            "roe_4q": 0,
            "gross_profit": null,
            "gross_margin": null,
            "gross_margin_4q_avg": 0,
            "net_income": null,
            "net_income_4q": null,
            "revenue": null,
            "revenue_4q": null,
            "common_shares": null,
            "book_valuer_per_share": null,
            "book_valuer_per_share_4q_avg": 2.39,
            "equity": null,
            "current_ratio": null,
            "debt_ratio": null,
            "inventory_turnover_ratio": null,
            "account_receivable_turnover_ratio": null,
            "reinvestment_rate": null,
            "research_to_sale_ratio": null,
            "price_fair": 0,
            "eps_avg_yearly": 0,
            "eps_latest_yearly": 0,
            "eps_growth_yearly": 0
        },
        "20084": {
            "year_quarter": 20084,
            "year": 2008,
            "quarter": 4,
            "eps": null,
            "eps_growth_year": null,
            "eps_4q": null,
            "eps_4q_growth_year": null,
            "roe": null,
            "roe_4q": 0,
            "gross_profit": null,
            "gross_margin": null,
            "gross_margin_4q_avg": 0,
            "net_income": null,
            "net_income_4q": null,
            "revenue": null,
            "revenue_4q": null,
            "common_shares": 600000,
            "book_valuer_per_share": 11.01,
            "book_valuer_per_share_4q_avg": 2.75,
            "equity": 691279,
            "current_ratio": 132.41,
            "debt_ratio": 53.08,
            "inventory_turnover_ratio": null,
            "account_receivable_turnover_ratio": null,
            "reinvestment_rate": null,
            "research_to_sale_ratio": null,
            "price_fair": 0,
            "eps_avg_yearly": 0,
            "eps_latest_yearly": 0,
            "eps_growth_yearly": 0
        },
        "20091": {
            "year_quarter": 20091,
            "year": 2009,
            "quarter": 1,
            "eps": null,
            "eps_growth_year": null,
            "eps_4q": null,
            "eps_4q_growth_year": null,
            "roe": null,
            "roe_4q": 0,
            "gross_profit": null,
            "gross_margin": null,
            "gross_margin_4q_avg": 0,
            "net_income": null,
            "net_income_4q": null,
            "revenue": null,
            "revenue_4q": null,
            "common_shares": null,
            "book_valuer_per_share": null,
            "book_valuer_per_share_4q_avg": 2.75,
            "equity": null,
            "current_ratio": null,
            "debt_ratio": null,
            "inventory_turnover_ratio": null,
            "account_receivable_turnover_ratio": null,
            "reinvestment_rate": null,
            "research_to_sale_ratio": null,
            "price_fair": 0,
            "eps_avg_yearly": 0,
            "eps_latest_yearly": 0,
            "eps_growth_yearly": 0
        },
        "20092": {
            "year_quarter": 20092,
            "year": 2009,
            "quarter": 2,
            "eps": null,
            "eps_growth_year": null,
            "eps_4q": null,
            "eps_4q_growth_year": null,
            "roe": null,
            "roe_4q": 0,
            "gross_profit": null,
            "gross_margin": null,
            "gross_margin_4q_avg": 0,
            "net_income": null,
            "net_income_4q": null,
            "revenue": null,
            "revenue_4q": null,
            "common_shares": 600000,
            "book_valuer_per_share": null,
            "book_valuer_per_share_4q_avg": 2.75,
            "equity": 738958,
            "current_ratio": null,
            "debt_ratio": null,
            "inventory_turnover_ratio": null,
            "account_receivable_turnover_ratio": null,
            "reinvestment_rate": null,
            "research_to_sale_ratio": null,
            "price_fair": 0,
            "eps_avg_yearly": 0,
            "eps_latest_yearly": 0,
            "eps_growth_yearly": 0
        },
        "20093": {
            "year_quarter": 20093,
            "year": 2009,
            "quarter": 3,
            "eps": 1.31,
            "eps_growth_year": null,
            "eps_4q": null,
            "eps_4q_growth_year": null,
            "roe": 10.43,
            "roe_4q": 10.43,
            "gross_profit": 139821,
            "gross_margin": 24.29,
            "gross_margin_4q_avg": 6.07,
            "net_income": 81179,
            "net_income_4q": null,
            "revenue": 575583,
            "revenue_4q": null,
            "common_shares": 600000,
            "book_valuer_per_share": 13.26,
            "book_valuer_per_share_4q_avg": 6.07,
            "equity": 817950,
            "current_ratio": 162.5,
            "debt_ratio": 47.36,
            "inventory_turnover_ratio": 1.56,
            "account_receivable_turnover_ratio": 1.8,
            "reinvestment_rate": null,
            "research_to_sale_ratio": null,
            "price_fair": 0,
            "eps_avg_yearly": 0,
            "eps_latest_yearly": 0,
            "eps_growth_yearly": 0
        },
        "20094": {
            "year_quarter": 20094,
            "year": 2009,
            "quarter": 4,
            "eps": 0.76,
            "eps_growth_year": null,
            "eps_4q": null,
            "eps_4q_growth_year": null,
            "roe": 5.62,
            "roe_4q": 16.05,
            "gross_profit": 118074,
            "gross_margin": 27.87,
            "gross_margin_4q_avg": 13.04,
            "net_income": 47294,
            "net_income_4q": null,
            "revenue": 423623,
            "revenue_4q": null,
            "common_shares": 627000,
            "book_valuer_per_share": 13.44,
            "book_valuer_per_share_4q_avg": 6.68,
            "equity": 864556,
            "current_ratio": 174.99,
            "debt_ratio": 41.29,
            "inventory_turnover_ratio": 1.03,
            "account_receivable_turnover_ratio": 2.4,
            "reinvestment_rate": null,
            "research_to_sale_ratio": null,
            "price_fair": 9.12,
            "eps_avg_yearly": 3.04,
            "eps_latest_yearly": 3.04,
            "eps_growth_yearly": -167.94
        },
        "20101": {
            "year_quarter": 20101,
            "year": 2010,
            "quarter": 1,
            "eps": null,
            "eps_growth_year": null,
            "eps_4q": null,
            "eps_4q_growth_year": null,
            "roe": null,
            "roe_4q": 16.05,
            "gross_profit": 97012,
            "gross_margin": null,
            "gross_margin_4q_avg": 13.04,
            "net_income": 61349,
            "net_income_4q": null,
            "revenue": 413952,
            "revenue_4q": null,
            "common_shares": 627000,
            "book_valuer_per_share": 14.35,
            "book_valuer_per_share_4q_avg": 10.26,
            "equity": 925151,
            "current_ratio": 163.92,
            "debt_ratio": 45.46,
            "inventory_turnover_ratio": null,
            "account_receivable_turnover_ratio": null,
            "reinvestment_rate": null,
            "research_to_sale_ratio": null,
            "price_fair": 9.12,
            "eps_avg_yearly": 3.04,
            "eps_latest_yearly": 3.04,
            "eps_growth_yearly": -167.94
        },
        "20102": {
            "year_quarter": 20102,
            "year": 2010,
            "quarter": 2,
            "eps": 1.51,
            "eps_growth_year": null,
            "eps_4q": 3.59,
            "eps_4q_growth_year": null,
            "roe": 10.42,
            "roe_4q": 26.47,
            "gross_profit": 150117,
            "gross_margin": 30.34,
            "gross_margin_4q_avg": 20.63,
            "net_income": 94989,
            "net_income_4q": null,
            "revenue": 494754,
            "revenue_4q": null,
            "common_shares": 627000,
            "book_valuer_per_share": 13.91,
            "book_valuer_per_share_4q_avg": 13.74,
            "equity": 897294,
            "current_ratio": 191.24,
            "debt_ratio": 38.58,
            "inventory_turnover_ratio": 1.21,
            "account_receivable_turnover_ratio": 2.35,
            "reinvestment_rate": null,
            "research_to_sale_ratio": null,
            "price_fair": 9.12,
            "eps_avg_yearly": 3.04,
            "eps_latest_yearly": 3.04,
            "eps_growth_yearly": -167.94
        },
        "20103": {
            "year_quarter": 20103,
            "year": 2010,
            "quarter": 3,
            "eps": 1.05,
            "eps_growth_year": -20.08,
            "eps_4q": 3.33,
            "eps_4q_growth_year": null,
            "roe": 7.06,
            "roe_4q": 23.1,
            "gross_profit": 96627,
            "gross_margin": 18.76,
            "gross_margin_4q_avg": 19.24,
            "net_income": 65079,
            "net_income_4q": null,
            "revenue": 514998,
            "revenue_4q": null,
            "common_shares": 627000,
            "book_valuer_per_share": 14.72,
            "book_valuer_per_share_4q_avg": 14.11,
            "equity": 947121,
            "current_ratio": 231.68,
            "debt_ratio": 35.36,
            "inventory_turnover_ratio": 1.55,
            "account_receivable_turnover_ratio": 1.14,
            "reinvestment_rate": null,
            "research_to_sale_ratio": null,
            "price_fair": 10.86,
            "eps_avg_yearly": 3.62,
            "eps_latest_yearly": 4.2,
            "eps_growth_yearly": -144.9
        },
        "20104": {
            "year_quarter": 20104,
            "year": 2010,
            "quarter": 4,
            "eps": 0.3,
            "eps_growth_year": -60.24,
            "eps_4q": 2.86,
            "eps_4q_growth_year": null,
            "roe": 1.91,
            "roe_4q": 19.39,
            "gross_profit": 59335,
            "gross_margin": 17.43,
            "gross_margin_4q_avg": 16.63,
            "net_income": 17985,
            "net_income_4q": null,
            "revenue": 340374,
            "revenue_4q": null,
            "common_shares": 627000,
            "book_valuer_per_share": 14.93,
            "book_valuer_per_share_4q_avg": 14.48,
            "equity": 940204,
            "current_ratio": 254.98,
            "debt_ratio": 32.5,
            "inventory_turnover_ratio": 1.1,
            "account_receivable_turnover_ratio": 0.8,
            "reinvestment_rate": null,
            "research_to_sale_ratio": null,
            "price_fair": 8.44,
            "eps_avg_yearly": 2.81,
            "eps_latest_yearly": 1.2,
            "eps_growth_yearly": -191.84
        },
        "20111": {
            "year_quarter": 20111,
            "year": 2011,
            "quarter": 1,
            "eps": 0.55,
            "eps_growth_year": null,
            "eps_4q": 3.42,
            "eps_4q_growth_year": null,
            "roe": 3.6,
            "roe_4q": 22.990000000000002,
            "gross_profit": 64009,
            "gross_margin": 19.74,
            "gross_margin_4q_avg": 21.57,
            "net_income": 34548,
            "net_income_4q": null,
            "revenue": 324244,
            "revenue_4q": null,
            "common_shares": 627000,
            "book_valuer_per_share": 15.51,
            "book_valuer_per_share_4q_avg": 14.77,
            "equity": 976907,
            "current_ratio": 236.7,
            "debt_ratio": 34.54,
            "inventory_turnover_ratio": 0.92,
            "account_receivable_turnover_ratio": 0.92,
            "reinvestment_rate": null,
            "research_to_sale_ratio": null,
            "price_fair": 7.98,
            "eps_avg_yearly": 2.66,
            "eps_latest_yearly": 2.2,
            "eps_growth_yearly": -60.54
        },
        "20112": {
            "year_quarter": 20112,
            "year": 2011,
            "quarter": 2,
            "eps": 1.02,
            "eps_growth_year": -32.96,
            "eps_4q": 2.92,
            "eps_4q_growth_year": -18.64,
            "roe": 6.84,
            "roe_4q": 19.41,
            "gross_profit": 98523,
            "gross_margin": 19.12,
            "gross_margin_4q_avg": 18.76,
            "net_income": 63599,
            "net_income_4q": null,
            "revenue": 515312,
            "revenue_4q": null,
            "common_shares": 627000,
            "book_valuer_per_share": 14.01,
            "book_valuer_per_share_4q_avg": 14.79,
            "equity": 882351,
            "current_ratio": 189.64,
            "debt_ratio": 45.29,
            "inventory_turnover_ratio": 1.2,
            "account_receivable_turnover_ratio": 1.34,
            "reinvestment_rate": null,
            "research_to_sale_ratio": null,
            "price_fair": 88.11,
            "eps_avg_yearly": 2.94,
            "eps_latest_yearly": 4.08,
            "eps_growth_yearly": 19.93
        },
        "20113": {
            "year_quarter": 20113,
            "year": 2011,
            "quarter": 3,
            "eps": 1.48,
            "eps_growth_year": 41.21,
            "eps_4q": 3.18,
            "eps_4q_growth_year": -4.44,
            "roe": 9.85,
            "roe_4q": 22.2,
            "gross_profit": 143021,
            "gross_margin": 20.21,
            "gross_margin_4q_avg": 19.13,
            "net_income": 101960,
            "net_income_4q": null,
            "revenue": 707550,
            "revenue_4q": null,
            "common_shares": 690600,
            "book_valuer_per_share": 17.14,
            "book_valuer_per_share_4q_avg": 15.4,
            "equity": 1188092,
            "current_ratio": 254.35,
            "debt_ratio": 35.45,
            "inventory_turnover_ratio": 1.36,
            "account_receivable_turnover_ratio": 1.47,
            "reinvestment_rate": null,
            "research_to_sale_ratio": null,
            "price_fair": 120.4,
            "eps_avg_yearly": 3.44,
            "eps_latest_yearly": 5.92,
            "eps_growth_yearly": 46.67
        },
        "20114": {
            "year_quarter": 20114,
            "year": 2011,
            "quarter": 4,
            "eps": -0.08,
            "eps_growth_year": -125.83,
            "eps_4q": 2.83,
            "eps_4q_growth_year": -1.35,
            "roe": -0.45,
            "roe_4q": 19.840000000000003,
            "gross_profit": 89577,
            "gross_margin": 13.35,
            "gross_margin_4q_avg": 18.11,
            "net_income": -5487,
            "net_income_4q": null,
            "revenue": 671193,
            "revenue_4q": null,
            "common_shares": 690600,
            "book_valuer_per_share": 17.06,
            "book_valuer_per_share_4q_avg": 15.93,
            "equity": 1226460,
            "current_ratio": 326.06,
            "debt_ratio": 28.83,
            "inventory_turnover_ratio": 1.55,
            "account_receivable_turnover_ratio": 1.39,
            "reinvestment_rate": null,
            "research_to_sale_ratio": null,
            "price_fair": 120.4,
            "eps_avg_yearly": 3.44,
            "eps_latest_yearly": 5.92,
            "eps_growth_yearly": 46.67
        },
        "20121": {
            "year_quarter": 20121,
            "year": 2012,
            "quarter": 1,
            "eps": 0.38,
            "eps_growth_year": -30.91,
            "eps_4q": 2.7,
            "eps_4q_growth_year": -20.95,
            "roe": 1.89,
            "roe_4q": 18.13,
            "gross_profit": 71895,
            "gross_margin": 18.4,
            "gross_margin_4q_avg": 17.77,
            "net_income": 23317,
            "net_income_4q": null,
            "revenue": 390682,
            "revenue_4q": null,
            "common_shares": 690600,
            "book_valuer_per_share": 17.4,
            "book_valuer_per_share_4q_avg": 16.4,
            "equity": 1246711,
            "current_ratio": 323.09,
            "debt_ratio": 28.55,
            "inventory_turnover_ratio": 0.95,
            "account_receivable_turnover_ratio": 0.91,
            "reinvestment_rate": null,
            "research_to_sale_ratio": null,
            "price_fair": 120.4,
            "eps_avg_yearly": 3.44,
            "eps_latest_yearly": 5.92,
            "eps_growth_yearly": 46.67
        },
        "20122": {
            "year_quarter": 20122,
            "year": 2012,
            "quarter": 2,
            "eps": 0.55,
            "eps_growth_year": -45.81,
            "eps_4q": 2.33,
            "eps_4q_growth_year": -20.17,
            "roe": 2.67,
            "roe_4q": 13.959999999999999,
            "gross_profit": 116030,
            "gross_margin": 20.83,
            "gross_margin_4q_avg": 18.2,
            "net_income": 32843,
            "net_income_4q": null,
            "revenue": 557135,
            "revenue_4q": null,
            "common_shares": 690600,
            "book_valuer_per_share": 16.96,
            "book_valuer_per_share_4q_avg": 17.14,
            "equity": 1211356,
            "current_ratio": 291.26,
            "debt_ratio": 40.77,
            "inventory_turnover_ratio": 1.13,
            "account_receivable_turnover_ratio": 1.21,
            "reinvestment_rate": null,
            "research_to_sale_ratio": null,
            "price_fair": 114.2,
            "eps_avg_yearly": 3.26,
            "eps_latest_yearly": 2.2,
            "eps_growth_yearly": 65.57
        },
        "20123": {
            "year_quarter": 20123,
            "year": 2012,
            "quarter": 3,
            "eps": 1.07,
            "eps_growth_year": -27.36,
            "eps_4q": 1.93,
            "eps_4q_growth_year": -39.41,
            "roe": 5.35,
            "roe_4q": 9.46,
            "gross_profit": 138813,
            "gross_margin": 22.63,
            "gross_margin_4q_avg": 18.8,
            "net_income": 69773,
            "net_income_4q": null,
            "revenue": 613356,
            "revenue_4q": null,
            "common_shares": 690600,
            "book_valuer_per_share": 18.03,
            "book_valuer_per_share_4q_avg": 17.36,
            "equity": 1397618,
            "current_ratio": 328.84,
            "debt_ratio": 36.12,
            "inventory_turnover_ratio": 1.15,
            "account_receivable_turnover_ratio": 1.2,
            "reinvestment_rate": null,
            "research_to_sale_ratio": null,
            "price_fair": 118.65,
            "eps_avg_yearly": 3.39,
            "eps_latest_yearly": 4.28,
            "eps_growth_yearly": 104.65
        },
        "20124": {
            "year_quarter": 20124,
            "year": 2012,
            "quarter": 4,
            "eps": 0.81,
            "eps_growth_year": null,
            "eps_4q": 2.82,
            "eps_4q_growth_year": -0.25,
            "roe": 3.79,
            "roe_4q": 13.700000000000001,
            "gross_profit": 102520,
            "gross_margin": 23.55,
            "gross_margin_4q_avg": 21.35,
            "net_income": 53958,
            "net_income_4q": null,
            "revenue": 435345,
            "revenue_4q": null,
            "common_shares": 690600,
            "book_valuer_per_share": 18.86,
            "book_valuer_per_share_4q_avg": 17.81,
            "equity": 1452569,
            "current_ratio": 402.61,
            "debt_ratio": 34.61,
            "inventory_turnover_ratio": 0.79,
            "account_receivable_turnover_ratio": 0.88,
            "reinvestment_rate": null,
            "research_to_sale_ratio": null,
            "price_fair": 118.07,
            "eps_avg_yearly": 3.37,
            "eps_latest_yearly": 3.24,
            "eps_growth_yearly": 82.22
        },
        "20131": {
            "year_quarter": 20131,
            "year": 2013,
            "quarter": 1,
            "eps": 0.23,
            "eps_growth_year": -39.47,
            "eps_4q": 2.36,
            "eps_4q_growth_year": -12.78,
            "roe": 0.77,
            "roe_4q": 12.58,
            "gross_profit": 51632,
            "gross_margin": 19.17,
            "gross_margin_4q_avg": 21.55,
            "net_income": 12541,
            "net_income_4q": null,
            "revenue": 269348,
            "revenue_4q": null,
            "common_shares": 790600,
            "book_valuer_per_share": 21.1,
            "book_valuer_per_share_4q_avg": 18.74,
            "equity": 1812858,
            "current_ratio": 483.39,
            "debt_ratio": 30.47,
            "inventory_turnover_ratio": 0.49,
            "account_receivable_turnover_ratio": 0.63,
            "reinvestment_rate": null,
            "research_to_sale_ratio": 1.36,
            "price_fair": 109.48,
            "eps_avg_yearly": 3.13,
            "eps_latest_yearly": 0.92,
            "eps_growth_yearly": 45.35
        },
        "20132": {
            "year_quarter": 20132,
            "year": 2013,
            "quarter": 2,
            "eps": 0.76,
            "eps_growth_year": 38.08,
            "eps_4q": 2.64,
            "eps_4q_growth_year": 13.3,
            "roe": 2.59,
            "roe_4q": 12.5,
            "gross_profit": 127736,
            "gross_margin": 27.5,
            "gross_margin_4q_avg": 23.21,
            "net_income": 49878,
            "net_income_4q": null,
            "revenue": 464466,
            "revenue_4q": null,
            "common_shares": 790600,
            "book_valuer_per_share": 20.91,
            "book_valuer_per_share_4q_avg": 19.73,
            "equity": 2044755,
            "current_ratio": 269.44,
            "debt_ratio": 37.6,
            "inventory_turnover_ratio": 0.71,
            "account_receivable_turnover_ratio": 1.19,
            "reinvestment_rate": 12.61,
            "research_to_sale_ratio": null,
            "price_fair": 109.2,
            "eps_avg_yearly": 3.12,
            "eps_latest_yearly": 3.04,
            "eps_growth_yearly": 125.03
        },
        "20133": {
            "year_quarter": 20133,
            "year": 2013,
            "quarter": 3,
            "eps": 0.54,
            "eps_growth_year": -49.72,
            "eps_4q": 2.24,
            "eps_4q_growth_year": 16.17,
            "roe": 1.31,
            "roe_4q": 8.46,
            "gross_profit": 95529,
            "gross_margin": 22.01,
            "gross_margin_4q_avg": 23.06,
            "net_income": 27032,
            "net_income_4q": null,
            "revenue": 434072,
            "revenue_4q": null,
            "common_shares": 790600,
            "book_valuer_per_share": 21.46,
            "book_valuer_per_share_4q_avg": 20.58,
            "equity": 2073121,
            "current_ratio": 279.35,
            "debt_ratio": 38.23,
            "inventory_turnover_ratio": 0.73,
            "account_receivable_turnover_ratio": 1.05,
            "reinvestment_rate": 24.08,
            "research_to_sale_ratio": null,
            "price_fair": 106.4,
            "eps_avg_yearly": 3.04,
            "eps_latest_yearly": 2.16,
            "eps_growth_yearly": 104.96
        },
        "20134": {
            "year_quarter": 20134,
            "year": 2013,
            "quarter": 4,
            "eps": 0.57,
            "eps_growth_year": -30.05,
            "eps_4q": 2.1,
            "eps_4q_growth_year": -25.66,
            "roe": 1.22,
            "roe_4q": 5.890000000000001,
            "gross_profit": 117661,
            "gross_margin": 20.3,
            "gross_margin_4q_avg": 22.25,
            "net_income": 27079,
            "net_income_4q": null,
            "revenue": 579742,
            "revenue_4q": null,
            "common_shares": 790600,
            "book_valuer_per_share": 21.96,
            "book_valuer_per_share_4q_avg": 21.36,
            "equity": 2366163,
            "current_ratio": 263.85,
            "debt_ratio": 36.66,
            "inventory_turnover_ratio": 1.07,
            "account_receivable_turnover_ratio": 1.16,
            "reinvestment_rate": 22.14,
            "research_to_sale_ratio": null,
            "price_fair": 104.18,
            "eps_avg_yearly": 2.98,
            "eps_latest_yearly": 2.28,
            "eps_growth_yearly": 120.81
        },
        "20141": {
            "year_quarter": 20141,
            "year": 2014,
            "quarter": 1,
            "eps": 1.21,
            "eps_growth_year": 426.09,
            "eps_4q": 2.91,
            "eps_4q_growth_year": 23.36,
            "roe": 3.26,
            "roe_4q": 8.379999999999999,
            "gross_profit": 144146,
            "gross_margin": 25.12,
            "gross_margin_4q_avg": 23.73,
            "net_income": 79519,
            "net_income_4q": null,
            "revenue": 573944,
            "revenue_4q": null,
            "common_shares": 790600,
            "book_valuer_per_share": 23.65,
            "book_valuer_per_share_4q_avg": 22,
            "equity": 2517130,
            "current_ratio": 309.01,
            "debt_ratio": 40.51,
            "inventory_turnover_ratio": 0.92,
            "account_receivable_turnover_ratio": 1.04,
            "reinvestment_rate": 43.14,
            "research_to_sale_ratio": 1.31,
            "price_fair": 109.2,
            "eps_avg_yearly": 3.12,
            "eps_latest_yearly": 4.84,
            "eps_growth_yearly": 146.06
        },
        "20142": {
            "year_quarter": 20142,
            "year": 2014,
            "quarter": 2,
            "eps": 0.36,
            "eps_growth_year": -52.63,
            "eps_4q": 2.33,
            "eps_4q_growth_year": -11.91,
            "roe": 0.23,
            "roe_4q": 6.02,
            "gross_profit": 114358,
            "gross_margin": 16.16,
            "gross_margin_4q_avg": 20.9,
            "net_income": 6357,
            "net_income_4q": null,
            "revenue": 707500,
            "revenue_4q": null,
            "common_shares": 870600,
            "book_valuer_per_share": 25.42,
            "book_valuer_per_share_4q_avg": 23.12,
            "equity": 3085302,
            "current_ratio": 310.17,
            "debt_ratio": 36.24,
            "inventory_turnover_ratio": 1.34,
            "account_receivable_turnover_ratio": 1.37,
            "reinvestment_rate": 56.34,
            "research_to_sale_ratio": null,
            "price_fair": 105,
            "eps_avg_yearly": 3,
            "eps_latest_yearly": 1.44,
            "eps_growth_yearly": 115.56
        },
        "20143": {
            "year_quarter": 20143,
            "year": 2014,
            "quarter": 3,
            "eps": -0.1,
            "eps_growth_year": -118.52,
            "eps_4q": 1.75,
            "eps_4q_growth_year": -21.88,
            "roe": -1.17,
            "roe_4q": 3.54,
            "gross_profit": 56198,
            "gross_margin": 14.6,
            "gross_margin_4q_avg": 19.05,
            "net_income": -36064,
            "net_income_4q": null,
            "revenue": 384997,
            "revenue_4q": null,
            "common_shares": 923684,
            "book_valuer_per_share": 24.36,
            "book_valuer_per_share_4q_avg": 23.85,
            "equity": 3095353,
            "current_ratio": 319.92,
            "debt_ratio": 37,
            "inventory_turnover_ratio": 0.89,
            "account_receivable_turnover_ratio": 0.88,
            "reinvestment_rate": 95.16,
            "research_to_sale_ratio": null,
            "price_fair": 101.77,
            "eps_avg_yearly": 2.91,
            "eps_latest_yearly": 1.44,
            "eps_growth_yearly": 133.82
        },
        "20144": {
            "year_quarter": 20144,
            "year": 2014,
            "quarter": 4,
            "eps": 0.03,
            "eps_growth_year": -95.26,
            "eps_4q": 1.29,
            "eps_4q_growth_year": -38.34,
            "roe": -0.89,
            "roe_4q": 1.4299999999999997,
            "gross_profit": 44231,
            "gross_margin": 11.58,
            "gross_margin_4q_avg": 16.87,
            "net_income": -28003,
            "net_income_4q": null,
            "revenue": 381925,
            "revenue_4q": null,
            "common_shares": 936024,
            "book_valuer_per_share": 23.48,
            "book_valuer_per_share_4q_avg": 24.23,
            "equity": 3181476,
            "current_ratio": 275.34,
            "debt_ratio": 39.77,
            "inventory_turnover_ratio": 0.94,
            "account_receivable_turnover_ratio": 1.2,
            "reinvestment_rate": 113.41,
            "research_to_sale_ratio": null,
            "price_fair": 106.75,
            "eps_avg_yearly": 3.05,
            "eps_latest_yearly": 1.44,
            "eps_growth_yearly": 168.78
        },
        "20151": {
            "year_quarter": 20151,
            "year": 2015,
            "quarter": 1,
            "eps": 0.38,
            "eps_growth_year": -68.6,
            "eps_4q": 0.6,
            "eps_4q_growth_year": -79.41,
            "roe": 0.47,
            "roe_4q": -1.3599999999999999,
            "gross_profit": 106760,
            "gross_margin": 26.44,
            "gross_margin_4q_avg": 17.2,
            "net_income": 15826,
            "net_income_4q": null,
            "revenue": 403718,
            "revenue_4q": null,
            "common_shares": 1036943,
            "book_valuer_per_share": 25.33,
            "book_valuer_per_share_4q_avg": 24.65,
            "equity": 3589053,
            "current_ratio": 289.51,
            "debt_ratio": 37.21,
            "inventory_turnover_ratio": 0.78,
            "account_receivable_turnover_ratio": 1.47,
            "reinvestment_rate": 94.39,
            "research_to_sale_ratio": 0.63,
            "price_fair": 104.77,
            "eps_avg_yearly": 2.99,
            "eps_latest_yearly": 1.52,
            "eps_growth_yearly": 529.89
        },
        "20152": {
            "year_quarter": 20152,
            "year": 2015,
            "quarter": 2,
            "eps": 0.12,
            "eps_growth_year": -66.67,
            "eps_4q": 0.43,
            "eps_4q_growth_year": -81.69,
            "roe": -0.34,
            "roe_4q": -1.93,
            "gross_profit": 78372,
            "gross_margin": 21.56,
            "gross_margin_4q_avg": 18.55,
            "net_income": -12218,
            "net_income_4q": null,
            "revenue": 363501,
            "revenue_4q": null,
            "common_shares": 1038772,
            "book_valuer_per_share": 23.74,
            "book_valuer_per_share_4q_avg": 24.23,
            "equity": 3555701,
            "current_ratio": 280.44,
            "debt_ratio": 35.61,
            "inventory_turnover_ratio": 0.73,
            "account_receivable_turnover_ratio": 1.23,
            "reinvestment_rate": 125.77,
            "research_to_sale_ratio": null,
            "price_fair": 94.27,
            "eps_avg_yearly": 2.69,
            "eps_latest_yearly": 0.48,
            "eps_growth_yearly": 478.6
        },
        "20153": {
            "year_quarter": 20153,
            "year": 2015,
            "quarter": 3,
            "eps": -0.59,
            "eps_growth_year": null,
            "eps_4q": -0.07,
            "eps_4q_growth_year": -104.24,
            "roe": -2.23,
            "roe_4q": -2.9899999999999998,
            "gross_profit": -11390,
            "gross_margin": -3.07,
            "gross_margin_4q_avg": 14.13,
            "net_income": -78357,
            "net_income_4q": null,
            "revenue": 371599,
            "revenue_4q": null,
            "common_shares": 1018772,
            "book_valuer_per_share": 23.16,
            "book_valuer_per_share_4q_avg": 23.93,
            "equity": 3472308,
            "current_ratio": 278.08,
            "debt_ratio": 35.94,
            "inventory_turnover_ratio": 0.96,
            "account_receivable_turnover_ratio": 1.18,
            "reinvestment_rate": 135.9,
            "research_to_sale_ratio": null,
            "price_fair": 84,
            "eps_avg_yearly": 2.4,
            "eps_latest_yearly": 0.48,
            "eps_growth_yearly": 505.71
        },
        "20154": {
            "year_quarter": 20154,
            "year": 2015,
            "quarter": 4,
            "eps": 0.13,
            "eps_growth_year": 395.39,
            "eps_4q": 0.03,
            "eps_4q_growth_year": -97.31,
            "roe": -0.1,
            "roe_4q": -2.2,
            "gross_profit": 73699,
            "gross_margin": 16.1,
            "gross_margin_4q_avg": 15.26,
            "net_income": -3533,
            "net_income_4q": null,
            "revenue": 457787,
            "revenue_4q": null,
            "common_shares": 1018772,
            "book_valuer_per_share": 23.26,
            "book_valuer_per_share_4q_avg": 23.87,
            "equity": 3465968,
            "current_ratio": 280.9,
            "debt_ratio": 35.55,
            "inventory_turnover_ratio": 0.91,
            "account_receivable_turnover_ratio": 1.4,
            "reinvestment_rate": 138.53,
            "research_to_sale_ratio": null,
            "price_fair": 84,
            "eps_avg_yearly": 2.4,
            "eps_latest_yearly": 0.48,
            "eps_growth_yearly": 505.71
        },
        "20161": {
            "year_quarter": 20161,
            "year": 2016,
            "quarter": 1,
            "eps": 0.01,
            "eps_growth_year": -97.37,
            "eps_4q": -0.32,
            "eps_4q_growth_year": -154.12,
            "roe": -0.53,
            "roe_4q": -3.1999999999999997,
            "gross_profit": 47722,
            "gross_margin": 15.15,
            "gross_margin_4q_avg": 12.44,
            "net_income": -18378,
            "net_income_4q": null,
            "revenue": 314925,
            "revenue_4q": null,
            "common_shares": 1018772,
            "book_valuer_per_share": 23.27,
            "book_valuer_per_share_4q_avg": 23.36,
            "equity": 3447791,
            "current_ratio": 268.42,
            "debt_ratio": 35.32,
            "inventory_turnover_ratio": 0.57,
            "account_receivable_turnover_ratio": 1.06,
            "reinvestment_rate": 125.47,
            "research_to_sale_ratio": 0.49,
            "price_fair": 77.12,
            "eps_avg_yearly": 2.2,
            "eps_latest_yearly": 0.04,
            "eps_growth_yearly": 432.8
        },
        "20162": {
            "year_quarter": 20162,
            "year": 2016,
            "quarter": 2,
            "eps": 0.02,
            "eps_growth_year": -83.33,
            "eps_4q": -0.43,
            "eps_4q_growth_year": -201.6,
            "roe": -0.5,
            "roe_4q": -3.3600000000000003,
            "gross_profit": 57983,
            "gross_margin": 13.1,
            "gross_margin_4q_avg": 10.32,
            "net_income": -17205,
            "net_income_4q": null,
            "revenue": 442544,
            "revenue_4q": null,
            "common_shares": 1018772,
            "book_valuer_per_share": 23.18,
            "book_valuer_per_share_4q_avg": 23.22,
            "equity": 3444182,
            "current_ratio": 297.58,
            "debt_ratio": 39.24,
            "inventory_turnover_ratio": 0.69,
            "account_receivable_turnover_ratio": 1.58,
            "reinvestment_rate": 148.25,
            "research_to_sale_ratio": null,
            "price_fair": 70.93,
            "eps_avg_yearly": 2.03,
            "eps_latest_yearly": 0.08,
            "eps_growth_yearly": 451.22
        },
        "20163": {
            "year_quarter": 20163,
            "year": 2016,
            "quarter": 3,
            "eps": 0.21,
            "eps_growth_year": null,
            "eps_4q": 0.36,
            "eps_4q_growth_year": null,
            "roe": 0.03,
            "roe_4q": -1.1,
            "gross_profit": 85327,
            "gross_margin": 16.97,
            "gross_margin_4q_avg": 15.33,
            "net_income": 1143,
            "net_income_4q": null,
            "revenue": 502809,
            "revenue_4q": null,
            "common_shares": 1018772,
            "book_valuer_per_share": 23.36,
            "book_valuer_per_share_4q_avg": 23.27,
            "equity": 3441979,
            "current_ratio": 323.34,
            "debt_ratio": 38.5,
            "inventory_turnover_ratio": 0.71,
            "account_receivable_turnover_ratio": 1.76,
            "reinvestment_rate": 151.96,
            "research_to_sale_ratio": null,
            "price_fair": 60.9,
            "eps_avg_yearly": 1.74,
            "eps_latest_yearly": 0.84,
            "eps_growth_yearly": 736.37
        },
        "20164": {
            "year_quarter": 20164,
            "year": 2016,
            "quarter": 4,
            "eps": 0.5,
            "eps_growth_year": 276.31,
            "eps_4q": 0.73,
            "eps_4q_growth_year": 2003.97,
            "roe": 1.19,
            "roe_4q": 0.18999999999999995,
            "gross_profit": 145732,
            "gross_margin": 24.83,
            "gross_margin_4q_avg": 17.51,
            "net_income": 41187,
            "net_income_4q": null,
            "revenue": 586861,
            "revenue_4q": null,
            "common_shares": 1018772,
            "book_valuer_per_share": 23.83,
            "book_valuer_per_share_4q_avg": 23.41,
            "equity": 3481799,
            "current_ratio": 292.4,
            "debt_ratio": 40.11,
            "inventory_turnover_ratio": 0.74,
            "account_receivable_turnover_ratio": 2.55,
            "reinvestment_rate": 134.54,
            "research_to_sale_ratio": null,
            "price_fair": 57.28,
            "eps_avg_yearly": 1.64,
            "eps_latest_yearly": 2,
            "eps_growth_yearly": 790.5
        },
        "20171": {
            "year_quarter": 20171,
            "year": 2017,
            "quarter": 1,
            "eps": 0.34,
            "eps_growth_year": 3300,
            "eps_4q": 0.94,
            "eps_4q_growth_year": null,
            "roe": 0.39,
            "roe_4q": 1.11,
            "gross_profit": 109511,
            "gross_margin": 23.25,
            "gross_margin_4q_avg": 19.54,
            "net_income": 14186,
            "net_income_4q": null,
            "revenue": 470969,
            "revenue_4q": null,
            "common_shares": 1073906,
            "book_valuer_per_share": 24.96,
            "book_valuer_per_share_4q_avg": 23.83,
            "equity": 3714046,
            "current_ratio": 278.22,
            "debt_ratio": 39.16,
            "inventory_turnover_ratio": 0.55,
            "account_receivable_turnover_ratio": 2.32,
            "reinvestment_rate": 278.53,
            "research_to_sale_ratio": null,
            "price_fair": 58.57,
            "eps_avg_yearly": 1.67,
            "eps_latest_yearly": 1.36,
            "eps_growth_yearly": 803.7
        },
        "20172": {
            "year_quarter": 20172,
            "year": 2017,
            "quarter": 2,
            "eps": 0.11,
            "eps_growth_year": 450,
            "eps_4q": 1.01,
            "eps_4q_growth_year": null,
            "roe": -0.17,
            "roe_4q": 1.44,
            "gross_profit": 85995,
            "gross_margin": 16.61,
            "gross_margin_4q_avg": 20.42,
            "net_income": -6233,
            "net_income_4q": null,
            "revenue": 517610,
            "revenue_4q": null,
            "common_shares": 1180284,
            "book_valuer_per_share": 22.78,
            "book_valuer_per_share_4q_avg": 23.73,
            "equity": 3703296,
            "current_ratio": 245.99,
            "debt_ratio": 40.5,
            "inventory_turnover_ratio": 0.63,
            "account_receivable_turnover_ratio": 2.01,
            "reinvestment_rate": 274.13,
            "research_to_sale_ratio": null,
            "price_fair": 50.98,
            "eps_avg_yearly": 1.46,
            "eps_latest_yearly": 0.44,
            "eps_growth_yearly": 704.34
        },
        "20173": {
            "year_quarter": 20173,
            "year": 2017,
            "quarter": 3,
            "eps": 0.08,
            "eps_growth_year": -61.9,
            "eps_4q": 0.91,
            "eps_4q_growth_year": 150.94,
            "roe": -0.26,
            "roe_4q": 1.15,
            "gross_profit": 87516,
            "gross_margin": 17.07,
            "gross_margin_4q_avg": 20.44,
            "net_income": -9579,
            "net_income_4q": null,
            "revenue": 512814,
            "revenue_4q": null,
            "common_shares": 1186204,
            "book_valuer_per_share": 22.78,
            "book_valuer_per_share_4q_avg": 23.59,
            "equity": 3702660,
            "current_ratio": 277.86,
            "debt_ratio": 39.47,
            "inventory_turnover_ratio": 0.64,
            "account_receivable_turnover_ratio": 1.78,
            "reinvestment_rate": 278.12,
            "research_to_sale_ratio": null,
            "price_fair": 45.62,
            "eps_avg_yearly": 1.3,
            "eps_latest_yearly": 0.32,
            "eps_growth_yearly": 704.9
        },
        "20174": {
            "year_quarter": 20174,
            "year": 2017,
            "quarter": 4,
            "eps": -0.13,
            "eps_growth_year": -126.37,
            "eps_4q": 0.34,
            "eps_4q_growth_year": -53.11,
            "roe": -0.89,
            "roe_4q": -0.9299999999999998,
            "gross_profit": 56955,
            "gross_margin": 10.44,
            "gross_margin_4q_avg": 16.84,
            "net_income": -32839,
            "net_income_4q": null,
            "revenue": 545615,
            "revenue_4q": null,
            "common_shares": 1186204,
            "book_valuer_per_share": 22.65,
            "book_valuer_per_share_4q_avg": 23.29,
            "equity": 3670104,
            "current_ratio": 251.58,
            "debt_ratio": 40.49,
            "inventory_turnover_ratio": 0.74,
            "account_receivable_turnover_ratio": 1.69,
            "reinvestment_rate": 350.82,
            "research_to_sale_ratio": null,
            "price_fair": 42.51,
            "eps_avg_yearly": 1.21,
            "eps_latest_yearly": 0.32,
            "eps_growth_yearly": 766.96
        },
        "20181": {
            "year_quarter": 20181,
            "year": 2018,
            "quarter": 1,
            "eps": 0.03,
            "eps_growth_year": -91.18,
            "eps_4q": 0.08,
            "eps_4q_growth_year": -91.54,
            "roe": -0.54,
            "roe_4q": -1.86,
            "gross_profit": 76543,
            "gross_margin": 17.66,
            "gross_margin_4q_avg": 15.45,
            "net_income": -19886,
            "net_income_4q": null,
            "revenue": 433537,
            "revenue_4q": null,
            "common_shares": 1186204,
            "book_valuer_per_share": 22.69,
            "book_valuer_per_share_4q_avg": 22.73,
            "equity": 3651229,
            "current_ratio": 239.1,
            "debt_ratio": 41.52,
            "inventory_turnover_ratio": 0.52,
            "account_receivable_turnover_ratio": 1.13,
            "reinvestment_rate": 498.93,
            "research_to_sale_ratio": null,
            "price_fair": 29.82,
            "eps_avg_yearly": 0.85,
            "eps_latest_yearly": 0.32,
            "eps_growth_yearly": 798.75
        },
        "20182": {
            "year_quarter": 20182,
            "year": 2018,
            "quarter": 2,
            "eps": 0.02,
            "eps_growth_year": -81.82,
            "eps_4q": -0.01,
            "eps_4q_growth_year": -100.64,
            "roe": -0.45,
            "roe_4q": -2.1399999999999997,
            "gross_profit": 58466,
            "gross_margin": 11.15,
            "gross_margin_4q_avg": 14.08,
            "net_income": -16327,
            "net_income_4q": null,
            "revenue": 524583,
            "revenue_4q": null,
            "common_shares": 1186204,
            "book_valuer_per_share": 22.7,
            "book_valuer_per_share_4q_avg": 22.71,
            "equity": 3634280,
            "current_ratio": 260.68,
            "debt_ratio": 41.77,
            "inventory_turnover_ratio": 0.64,
            "account_receivable_turnover_ratio": 1.3,
            "reinvestment_rate": 491.85,
            "research_to_sale_ratio": null,
            "price_fair": 25.06,
            "eps_avg_yearly": 0.72,
            "eps_latest_yearly": 0.08,
            "eps_growth_yearly": 813.51
        },
        "20183": {
            "year_quarter": 20183,
            "year": 2018,
            "quarter": 3,
            "eps": 0.06,
            "eps_growth_year": -25,
            "eps_4q": -0.03,
            "eps_4q_growth_year": -103.18,
            "roe": -0.39,
            "roe_4q": -2.27,
            "gross_profit": 75913,
            "gross_margin": 14.99,
            "gross_margin_4q_avg": 13.56,
            "net_income": -14113,
            "net_income_4q": null,
            "revenue": 506501,
            "revenue_4q": null,
            "common_shares": 1186204,
            "book_valuer_per_share": 22.69,
            "book_valuer_per_share_4q_avg": 22.68,
            "equity": 3616408,
            "current_ratio": 239.52,
            "debt_ratio": 40.61,
            "inventory_turnover_ratio": 0.56,
            "account_receivable_turnover_ratio": 1.34,
            "reinvestment_rate": 284.26,
            "research_to_sale_ratio": null,
            "price_fair": 23.55,
            "eps_avg_yearly": 0.67,
            "eps_latest_yearly": 0.24,
            "eps_growth_yearly": 812.28
        },
        "20184": {
            "year_quarter": 20184,
            "year": 2018,
            "quarter": 4,
            "eps": -0.09,
            "eps_growth_year": null,
            "eps_4q": 0.01,
            "eps_4q_growth_year": -97.04,
            "roe": -0.86,
            "roe_4q": -2.24,
            "gross_profit": 42976,
            "gross_margin": 9.2,
            "gross_margin_4q_avg": 13.25,
            "net_income": -30996,
            "net_income_4q": null,
            "revenue": 467172,
            "revenue_4q": null,
            "common_shares": 1186204,
            "book_valuer_per_share": 22.6,
            "book_valuer_per_share_4q_avg": 22.67,
            "equity": 3586245,
            "current_ratio": 247.35,
            "debt_ratio": 41.74,
            "inventory_turnover_ratio": 0.54,
            "account_receivable_turnover_ratio": 1.55,
            "reinvestment_rate": 258.86,
            "research_to_sale_ratio": null,
            "price_fair": 23.55,
            "eps_avg_yearly": 0.67,
            "eps_latest_yearly": 0.24,
            "eps_growth_yearly": 812.28
        },
        "20191": {
            "year_quarter": 20191,
            "year": 2019,
            "quarter": 1,
            "eps": -0.5,
            "eps_growth_year": -1766.67,
            "eps_4q": -0.51,
            "eps_4q_growth_year": -744.04,
            "roe": -2.26,
            "roe_4q": -3.96,
            "gross_profit": 13998,
            "gross_margin": 3.95,
            "gross_margin_4q_avg": 9.82,
            "net_income": -80277,
            "net_income_4q": null,
            "revenue": 354406,
            "revenue_4q": null,
            "common_shares": 1186204,
            "book_valuer_per_share": 22.06,
            "book_valuer_per_share_4q_avg": 22.51,
            "equity": 3504279,
            "current_ratio": 223.84,
            "debt_ratio": 43.86,
            "inventory_turnover_ratio": 0.42,
            "account_receivable_turnover_ratio": 1.41,
            "reinvestment_rate": 1155.04,
            "research_to_sale_ratio": null,
            "price_fair": 20.58,
            "eps_avg_yearly": 0.59,
            "eps_latest_yearly": 0.24,
            "eps_growth_yearly": 426.85
        },
        "20192": {
            "year_quarter": 20192,
            "year": 2019,
            "quarter": 2,
            "eps": -0.2,
            "eps_growth_year": -1100,
            "eps_4q": -0.74,
            "eps_4q_growth_year": null,
            "roe": -1.17,
            "roe_4q": -4.68,
            "gross_profit": 25384,
            "gross_margin": 7.36,
            "gross_margin_4q_avg": 8.88,
            "net_income": -40845,
            "net_income_4q": null,
            "revenue": 344968,
            "revenue_4q": null,
            "common_shares": 1186204,
            "book_valuer_per_share": 21.87,
            "book_valuer_per_share_4q_avg": 22.31,
            "equity": 3471114,
            "current_ratio": 222.44,
            "debt_ratio": 48.69,
            "inventory_turnover_ratio": 0.38,
            "account_receivable_turnover_ratio": 1.42,
            "reinvestment_rate": null,
            "research_to_sale_ratio": null,
            "price_fair": 21,
            "eps_avg_yearly": 0.6,
            "eps_latest_yearly": 0.24,
            "eps_growth_yearly": 504.68
        },
        "20193": {
            "year_quarter": 20193,
            "year": 2019,
            "quarter": 3,
            "eps": 0.03,
            "eps_growth_year": -50,
            "eps_4q": -0.77,
            "eps_4q_growth_year": null,
            "roe": -0.24,
            "roe_4q": -4.53,
            "gross_profit": 72363,
            "gross_margin": 20.11,
            "gross_margin_4q_avg": 10.16,
            "net_income": -8402,
            "net_income_4q": null,
            "revenue": 359865,
            "revenue_4q": null,
            "common_shares": 1186204,
            "book_valuer_per_share": 21.87,
            "book_valuer_per_share_4q_avg": 22.1,
            "equity": 3459944,
            "current_ratio": 155.76,
            "debt_ratio": 47.48,
            "inventory_turnover_ratio": 0.33,
            "account_receivable_turnover_ratio": 1.49,
            "reinvestment_rate": 560.13,
            "research_to_sale_ratio": null,
            "price_fair": 21,
            "eps_avg_yearly": 0.6,
            "eps_latest_yearly": 0.24,
            "eps_growth_yearly": 504.68
        },
        "20194": {
            "year_quarter": 20194,
            "year": 2019,
            "quarter": 4,
            "eps": 0.16,
            "eps_growth_year": null,
            "eps_4q": -0.51,
            "eps_4q_growth_year": -5141.04,
            "roe": 0.11,
            "roe_4q": -3.5599999999999996,
            "gross_profit": 63202,
            "gross_margin": 13.95,
            "gross_margin_4q_avg": 11.34,
            "net_income": 3802,
            "net_income_4q": null,
            "revenue": 453096,
            "revenue_4q": null,
            "common_shares": 1186204,
            "book_valuer_per_share": 22.07,
            "book_valuer_per_share_4q_avg": 21.97,
            "equity": 3468288,
            "current_ratio": 194.74,
            "debt_ratio": 49.79,
            "inventory_turnover_ratio": 0.46,
            "account_receivable_turnover_ratio": 1.97,
            "reinvestment_rate": 1384.53,
            "research_to_sale_ratio": null,
            "price_fair": 21.14,
            "eps_avg_yearly": 0.6,
            "eps_latest_yearly": 0.64,
            "eps_growth_yearly": 627.55
        },
        "20201": {
            "year_quarter": 20201,
            "year": 2020,
            "quarter": 1,
            "eps": 0,
            "eps_growth_year": null,
            "eps_4q": -0.01,
            "eps_4q_growth_year": null,
            "roe": -0.35,
            "roe_4q": -1.65,
            "gross_profit": 71010,
            "gross_margin": 21.59,
            "gross_margin_4q_avg": 15.75,
            "net_income": -11957,
            "net_income_4q": null,
            "revenue": 328897,
            "revenue_4q": null,
            "common_shares": 1186204,
            "book_valuer_per_share": 22.06,
            "book_valuer_per_share_4q_avg": 21.97,
            "equity": 3448628,
            "current_ratio": 159.81,
            "debt_ratio": 51.61,
            "inventory_turnover_ratio": 0.31,
            "account_receivable_turnover_ratio": 1.65,
            "reinvestment_rate": 1241.59,
            "research_to_sale_ratio": null,
            "price_fair": 23.33,
            "eps_avg_yearly": 0.67,
            "eps_latest_yearly": 0.64,
            "eps_growth_yearly": 738.3
        },
        "20202": {
            "year_quarter": 20202,
            "year": 2020,
            "quarter": 2,
            "eps": 0.02,
            "eps_growth_year": null,
            "eps_4q": 0.21,
            "eps_4q_growth_year": null,
            "roe": -0.26,
            "roe_4q": -0.74,
            "gross_profit": 65721,
            "gross_margin": 15.78,
            "gross_margin_4q_avg": 17.86,
            "net_income": -9039,
            "net_income_4q": null,
            "revenue": 416571,
            "revenue_4q": null,
            "common_shares": 1186204,
            "book_valuer_per_share": 22.13,
            "book_valuer_per_share_4q_avg": 22.03,
            "equity": 3429501,
            "current_ratio": 240.96,
            "debt_ratio": 47.74,
            "inventory_turnover_ratio": 0.42,
            "account_receivable_turnover_ratio": 1.94,
            "reinvestment_rate": 1138.09,
            "research_to_sale_ratio": null,
            "price_fair": 25.9,
            "eps_avg_yearly": 0.74,
            "eps_latest_yearly": 0.64,
            "eps_growth_yearly": 780.59
        },
        "20203": {
            "year_quarter": 20203,
            "year": 2020,
            "quarter": 3,
            "eps": -0.12,
            "eps_growth_year": -500,
            "eps_4q": 0.06,
            "eps_4q_growth_year": null,
            "roe": -0.8,
            "roe_4q": -1.3,
            "gross_profit": 14451,
            "gross_margin": 4.89,
            "gross_margin_4q_avg": 14.05,
            "net_income": -27341,
            "net_income_4q": null,
            "revenue": 295678,
            "revenue_4q": null,
            "common_shares": 1175804,
            "book_valuer_per_share": 22,
            "book_valuer_per_share_4q_avg": 22.07,
            "equity": 3401218,
            "current_ratio": 147.03,
            "debt_ratio": 48.37,
            "inventory_turnover_ratio": 0.34,
            "account_receivable_turnover_ratio": 1.36,
            "reinvestment_rate": 2102.29,
            "research_to_sale_ratio": null,
            "price_fair": 25.4,
            "eps_avg_yearly": 0.73,
            "eps_latest_yearly": 0.64,
            "eps_growth_yearly": 349.24
        },
        "20204": {
            "year_quarter": 20204,
            "year": 2020,
            "quarter": 4,
            "eps": -0.07,
            "eps_growth_year": -144.32,
            "eps_4q": -0.16,
            "eps_4q_growth_year": null,
            "roe": -0.51,
            "roe_4q": -1.92,
            "gross_profit": 37942,
            "gross_margin": 9.58,
            "gross_margin_4q_avg": 12.96,
            "net_income": -18402,
            "net_income_4q": null,
            "revenue": 395911,
            "revenue_4q": null,
            "common_shares": 1375804,
            "book_valuer_per_share": 21.39,
            "book_valuer_per_share_4q_avg": 21.9,
            "equity": 3748350,
            "current_ratio": 181.41,
            "debt_ratio": 44.46,
            "inventory_turnover_ratio": 0.44,
            "account_receivable_turnover_ratio": 2.06,
            "reinvestment_rate": null,
            "research_to_sale_ratio": null,
            "price_fair": 17.97,
            "eps_avg_yearly": 0.51,
            "eps_latest_yearly": 0.64,
            "eps_growth_yearly": 315.39
        },
        "20211": {
            "year_quarter": 20211,
            "year": 2021,
            "quarter": 1,
            "eps": -0.31,
            "eps_growth_year": null,
            "eps_4q": -0.46,
            "eps_4q_growth_year": null,
            "roe": -1.5,
            "roe_4q": -3.0699999999999994,
            "gross_profit": 20795,
            "gross_margin": 6.09,
            "gross_margin_4q_avg": 9.09,
            "net_income": -56278,
            "net_income_4q": null,
            "revenue": 341196,
            "revenue_4q": null,
            "common_shares": 1426362,
            "book_valuer_per_share": 20.83,
            "book_valuer_per_share_4q_avg": 21.59,
            "equity": 3766918,
            "current_ratio": 186.88,
            "debt_ratio": 43.73,
            "inventory_turnover_ratio": 0.41,
            "account_receivable_turnover_ratio": 1.75,
            "reinvestment_rate": null,
            "research_to_sale_ratio": null,
            "price_fair": 12.04,
            "eps_avg_yearly": 0.34,
            "eps_latest_yearly": 0.64,
            "eps_growth_yearly": 404.06
        },
        "20212": {
            "year_quarter": 20212,
            "year": 2021,
            "quarter": 2,
            "eps": -0.18,
            "eps_growth_year": -1000,
            "eps_4q": -0.65,
            "eps_4q_growth_year": -417.57,
            "roe": -0.98,
            "roe_4q": -3.79,
            "gross_profit": 40232,
            "gross_margin": 10.77,
            "gross_margin_4q_avg": 7.83,
            "net_income": -36641,
            "net_income_4q": null,
            "revenue": 373494,
            "revenue_4q": null,
            "common_shares": 1476424,
            "book_valuer_per_share": 20,
            "book_valuer_per_share_4q_avg": 21.06,
            "equity": 3737873,
            "current_ratio": 174.69,
            "debt_ratio": 45.96,
            "inventory_turnover_ratio": 0.42,
            "account_receivable_turnover_ratio": 1.98,
            "reinvestment_rate": null,
            "research_to_sale_ratio": null,
            "price_fair": 11.2,
            "eps_avg_yearly": 0.32,
            "eps_latest_yearly": 0.64,
            "eps_growth_yearly": 572.73
        },
        "20213": {
            "year_quarter": 20213,
            "year": 2021,
            "quarter": 3,
            "eps": -0.49,
            "eps_growth_year": null,
            "eps_4q": -1.05,
            "eps_4q_growth_year": -1910.26,
            "roe": -2.34,
            "roe_4q": -5.33,
            "gross_profit": 7971,
            "gross_margin": 1.97,
            "gross_margin_4q_avg": 7.1,
            "net_income": -86462,
            "net_income_4q": null,
            "revenue": 405433,
            "revenue_4q": null,
            "common_shares": 1476424,
            "book_valuer_per_share": 19.52,
            "book_valuer_per_share_4q_avg": 20.44,
            "equity": 3652832,
            "current_ratio": 173,
            "debt_ratio": 44.66,
            "inventory_turnover_ratio": 0.5,
            "account_receivable_turnover_ratio": 2.09,
            "reinvestment_rate": null,
            "research_to_sale_ratio": null,
            "price_fair": 11.2,
            "eps_avg_yearly": 0.32,
            "eps_latest_yearly": 0.64,
            "eps_growth_yearly": 800
        },
        "20214": {
            "year_quarter": 20214,
            "year": 2021,
            "quarter": 4,
            "eps": -0.37,
            "eps_growth_year": null,
            "eps_4q": -1.34,
            "eps_4q_growth_year": null,
            "roe": -2.12,
            "roe_4q": -6.9399999999999995,
            "gross_profit": 18715,
            "gross_margin": 3.08,
            "gross_margin_4q_avg": 5.48,
            "net_income": -76859,
            "net_income_4q": null,
            "revenue": 607846,
            "revenue_4q": null,
            "common_shares": 1476424,
            "book_valuer_per_share": 19.27,
            "book_valuer_per_share_4q_avg": 19.91,
            "equity": 3594226,
            "current_ratio": 187.03,
            "debt_ratio": 46.58,
            "inventory_turnover_ratio": 0.79,
            "account_receivable_turnover_ratio": 2.33,
            "reinvestment_rate": null,
            "research_to_sale_ratio": null,
            "price_fair": 11.2,
            "eps_avg_yearly": 0.32,
            "eps_latest_yearly": 0.64,
            "eps_growth_yearly": 800
        },
        "20221": {
            "year_quarter": 20221,
            "year": 2022,
            "quarter": 1,
            "eps": -0.4,
            "eps_growth_year": null,
            "eps_4q": -1.43,
            "eps_4q_growth_year": null,
            "roe": -2.13,
            "roe_4q": -7.57,
            "gross_profit": -12537,
            "gross_margin": -2.72,
            "gross_margin_4q_avg": 3.28,
            "net_income": -75657,
            "net_income_4q": null,
            "revenue": 460680,
            "revenue_4q": null,
            "common_shares": 1485554,
            "book_valuer_per_share": 18.8,
            "book_valuer_per_share_4q_avg": 19.4,
            "equity": 3526046,
            "current_ratio": 163.17,
            "debt_ratio": 46.85,
            "inventory_turnover_ratio": 0.67,
            "account_receivable_turnover_ratio": 1.52,
            "reinvestment_rate": null,
            "research_to_sale_ratio": null,
            "price_fair": 11.2,
            "eps_avg_yearly": 0.32,
            "eps_latest_yearly": 0.64,
            "eps_growth_yearly": 800
        },
        "20222": {
            "year_quarter": 20222,
            "year": 2022,
            "quarter": 2,
            "eps": -0.64,
            "eps_growth_year": null,
            "eps_4q": -1.88,
            "eps_4q_growth_year": null,
            "roe": -2.95,
            "roe_4q": -9.54,
            "gross_profit": -17242,
            "gross_margin": -4.74,
            "gross_margin_4q_avg": -0.6,
            "net_income": -103089,
            "net_income_4q": null,
            "revenue": 363898,
            "revenue_4q": null,
            "common_shares": 1494561,
            "book_valuer_per_share": 18.19,
            "book_valuer_per_share_4q_avg": 18.95,
            "equity": 3451701,
            "current_ratio": 247.14,
            "debt_ratio": 45.51,
            "inventory_turnover_ratio": 0.62,
            "account_receivable_turnover_ratio": 1.32,
            "reinvestment_rate": null,
            "research_to_sale_ratio": null,
            "price_fair": 15.4,
            "eps_avg_yearly": 0.44,
            "eps_latest_yearly": 0.64,
            "eps_growth_yearly": 1266.67
        },
        "20223": {
            "year_quarter": 20223,
            "year": 2022,
            "quarter": 3,
            "eps": -0.19,
            "eps_growth_year": null,
            "eps_4q": -1.59,
            "eps_4q_growth_year": null,
            "roe": -0.8,
            "roe_4q": -8,
            "gross_profit": 42775,
            "gross_margin": 9.02,
            "gross_margin_4q_avg": 1.16,
            "net_income": -27595,
            "net_income_4q": null,
            "revenue": 474454,
            "revenue_4q": null,
            "common_shares": 1509219,
            "book_valuer_per_share": 17.84,
            "book_valuer_per_share_4q_avg": 18.53,
            "equity": 3428815,
            "current_ratio": 282.19,
            "debt_ratio": 44.27,
            "inventory_turnover_ratio": 0.87,
            "account_receivable_turnover_ratio": 1.54,
            "reinvestment_rate": null,
            "research_to_sale_ratio": null,
            "price_fair": 22.4,
            "eps_avg_yearly": 0.64,
            "eps_latest_yearly": 0.64,
            "eps_growth_yearly": 1733.33
        },
        "20224": {
            "year_quarter": 20224,
            "year": 2022,
            "quarter": 4,
            "eps": -0.39,
            "eps_growth_year": null,
            "eps_4q": -1.62,
            "eps_4q_growth_year": null,
            "roe": -1.53,
            "roe_4q": -7.41,
            "gross_profit": 26384,
            "gross_margin": 6.59,
            "gross_margin_4q_avg": 2.04,
            "net_income": -52087,
            "net_income_4q": null,
            "revenue": 400503,
            "revenue_4q": null,
            "common_shares": 1509219,
            "book_valuer_per_share": 17.46,
            "book_valuer_per_share_4q_avg": 18.07,
            "equity": 3378791,
            "current_ratio": 197.37,
            "debt_ratio": 47.53,
            "inventory_turnover_ratio": 0.8,
            "account_receivable_turnover_ratio": 1.38,
            "reinvestment_rate": null,
            "research_to_sale_ratio": null,
            "price_fair": 22.4,
            "eps_avg_yearly": 0.64,
            "eps_latest_yearly": 0.64,
            "eps_growth_yearly": 1733.33
        },
        "20231": {
            "year_quarter": 20231,
            "year": 2023,
            "quarter": 1,
            "eps": 0.09,
            "eps_growth_year": null,
            "eps_4q": -1.13,
            "eps_4q_growth_year": null,
            "roe": 0.53,
            "roe_4q": -4.75,
            "gross_profit": 96556,
            "gross_margin": 23.7,
            "gross_margin_4q_avg": 8.64,
            "net_income": 18078,
            "net_income_4q": null,
            "revenue": 407407,
            "revenue_4q": null,
            "common_shares": 1509219,
            "book_valuer_per_share": 17.55,
            "book_valuer_per_share_4q_avg": 17.76,
            "equity": 3397320,
            "current_ratio": 166.65,
            "debt_ratio": 48.34,
            "inventory_turnover_ratio": 0.63,
            "account_receivable_turnover_ratio": 1.48,
            "reinvestment_rate": null,
            "research_to_sale_ratio": 0.21,
            "price_fair": 22.4,
            "eps_avg_yearly": 0.64,
            "eps_latest_yearly": 0.64,
            "eps_growth_yearly": 1733.33
        },
        "20232": {
            "year_quarter": 20232,
            "year": 2023,
            "quarter": 2,
            "eps": 0.01,
            "eps_growth_year": null,
            "eps_4q": -0.49,
            "eps_4q_growth_year": null,
            "roe": 0.17,
            "roe_4q": -1.63,
            "gross_profit": 65649,
            "gross_margin": 15.88,
            "gross_margin_4q_avg": 13.8,
            "net_income": 5796,
            "net_income_4q": null,
            "revenue": 413442,
            "revenue_4q": null,
            "common_shares": 1509219,
            "book_valuer_per_share": 17.59,
            "book_valuer_per_share_4q_avg": 17.61,
            "equity": 3407614,
            "current_ratio": 163.63,
            "debt_ratio": 52.34,
            "inventory_turnover_ratio": 0.57,
            "account_receivable_turnover_ratio": 1.45,
            "reinvestment_rate": null,
            "research_to_sale_ratio": 0.18,
            "price_fair": 11.9,
            "eps_avg_yearly": 0.34,
            "eps_latest_yearly": 0.04,
            "eps_growth_yearly": 688.89
        }
    },
    "months": {
        "2010-01": {
            "month": "2010-01",
            "price": "21.11",
            "revenue": 135926
        },
        "2010-02": {
            "month": "2010-02",
            "price": "19.64",
            "revenue": 130700
        },
        "2010-03": {
            "month": "2010-03",
            "price": "23.03",
            "revenue": 132662
        },
        "2010-04": {
            "month": "2010-04",
            "price": "32.07",
            "revenue": 132839
        },
        "2010-05": {
            "month": "2010-05",
            "price": "39.59",
            "revenue": 178494
        },
        "2010-06": {
            "month": "2010-06",
            "price": "36.78",
            "revenue": 153286
        },
        "2010-07": {
            "month": "2010-07",
            "price": "37.01",
            "revenue": 170892
        },
        "2010-08": {
            "month": "2010-08",
            "price": "39.14",
            "revenue": 173864
        },
        "2010-09": {
            "month": "2010-09",
            "price": "38.75",
            "revenue": 163529
        },
        "2010-10": {
            "month": "2010-10",
            "price": "41.53",
            "revenue": 136557
        },
        "2010-11": {
            "month": "2010-11",
            "price": "39.34",
            "revenue": 132114
        },
        "2010-12": {
            "month": "2010-12",
            "price": "47.65",
            "revenue": 90245
        },
        "2011-01": {
            "month": "2011-01",
            "price": "45.51",
            "revenue": 98740
        },
        "2011-02": {
            "month": "2011-02",
            "price": "43.76",
            "revenue": 85834
        },
        "2011-03": {
            "month": "2011-03",
            "price": "42.68",
            "revenue": 145181
        },
        "2011-04": {
            "month": "2011-04",
            "price": "36.67",
            "revenue": 153758
        },
        "2011-05": {
            "month": "2011-05",
            "price": "38.39",
            "revenue": 156542
        },
        "2011-06": {
            "month": "2011-06",
            "price": "40.08",
            "revenue": 190330
        },
        "2011-07": {
            "month": "2011-07",
            "price": "38.67",
            "revenue": 202863
        },
        "2011-08": {
            "month": "2011-08",
            "price": "36.88",
            "revenue": 242349
        },
        "2011-09": {
            "month": "2011-09",
            "price": "37.78",
            "revenue": 250737
        },
        "2011-10": {
            "month": "2011-10",
            "price": "36.52",
            "revenue": 227821
        },
        "2011-11": {
            "month": "2011-11",
            "price": "39.14",
            "revenue": 209204
        },
        "2011-12": {
            "month": "2011-12",
            "price": "36.77",
            "revenue": 215455
        },
        "2012-01": {
            "month": "2012-01",
            "price": "40.63",
            "revenue": 124824
        },
        "2012-02": {
            "month": "2012-02",
            "price": "47.41",
            "revenue": 115601
        },
        "2012-03": {
            "month": "2012-03",
            "price": "46.32",
            "revenue": 121471
        },
        "2012-04": {
            "month": "2012-04",
            "price": "36.95",
            "revenue": 145885
        },
        "2012-05": {
            "month": "2012-05",
            "price": "34.66",
            "revenue": 172952
        },
        "2012-06": {
            "month": "2012-06",
            "price": "33.31",
            "revenue": 206991
        },
        "2012-07": {
            "month": "2012-07",
            "price": "36.80",
            "revenue": 202929
        },
        "2012-08": {
            "month": "2012-08",
            "price": "38.55",
            "revenue": 208212
        },
        "2012-09": {
            "month": "2012-09",
            "price": "39.14",
            "revenue": 191942
        },
        "2012-10": {
            "month": "2012-10",
            "price": "34.02",
            "revenue": 185168
        },
        "2012-11": {
            "month": "2012-11",
            "price": "32.18",
            "revenue": 157343
        },
        "2012-12": {
            "month": "2012-12",
            "price": "35.01",
            "revenue": 98972
        },
        "2013-01": {
            "month": "2013-01",
            "price": "41.24",
            "revenue": 125436
        },
        "2013-02": {
            "month": "2013-02",
            "price": "39.62",
            "revenue": 69401
        },
        "2013-03": {
            "month": "2013-03",
            "price": "36.43",
            "revenue": 74510
        },
        "2013-04": {
            "month": "2013-04",
            "price": "37.37",
            "revenue": 108659
        },
        "2013-05": {
            "month": "2013-05",
            "price": "37.50",
            "revenue": 159080
        },
        "2013-06": {
            "month": "2013-06",
            "price": "35.34",
            "revenue": 178151
        },
        "2013-07": {
            "month": "2013-07",
            "price": "36.49",
            "revenue": 174081
        },
        "2013-08": {
            "month": "2013-08",
            "price": "39.75",
            "revenue": 151580
        },
        "2013-09": {
            "month": "2013-09",
            "price": "39.31",
            "revenue": 126983
        },
        "2013-10": {
            "month": "2013-10",
            "price": "36.91",
            "revenue": 127232
        },
        "2013-11": {
            "month": "2013-11",
            "price": "35.03",
            "revenue": 180897
        },
        "2013-12": {
            "month": "2013-12",
            "price": "36.91",
            "revenue": 280939
        },
        "2014-01": {
            "month": "2014-01",
            "price": "39.84",
            "revenue": 147943
        },
        "2014-02": {
            "month": "2014-02",
            "price": "38.96",
            "revenue": 149153
        },
        "2014-03": {
            "month": "2014-03",
            "price": "45.93",
            "revenue": 278124
        },
        "2014-04": {
            "month": "2014-04",
            "price": "48.98",
            "revenue": 208463
        },
        "2014-05": {
            "month": "2014-05",
            "price": "53.20",
            "revenue": 337524
        },
        "2014-06": {
            "month": "2014-06",
            "price": "61.56",
            "revenue": 156249
        },
        "2014-07": {
            "month": "2014-07",
            "price": "58.62",
            "revenue": 140039
        },
        "2014-08": {
            "month": "2014-08",
            "price": "44.89",
            "revenue": 127689
        },
        "2014-09": {
            "month": "2014-09",
            "price": "43.35",
            "revenue": 119435
        },
        "2014-10": {
            "month": "2014-10",
            "price": "43.42",
            "revenue": 121896
        },
        "2014-11": {
            "month": "2014-11",
            "price": "42.26",
            "revenue": 127937
        },
        "2014-12": {
            "month": "2014-12",
            "price": "43.46",
            "revenue": 133683
        },
        "2015-01": {
            "month": "2015-01",
            "price": "43.93",
            "revenue": 130060
        },
        "2015-02": {
            "month": "2015-02",
            "price": "42.64",
            "revenue": 110574
        },
        "2015-03": {
            "month": "2015-03",
            "price": "40.82",
            "revenue": 163084
        },
        "2015-04": {
            "month": "2015-04",
            "price": "34.86",
            "revenue": 124659
        },
        "2015-05": {
            "month": "2015-05",
            "price": "34.40",
            "revenue": 115967
        },
        "2015-06": {
            "month": "2015-06",
            "price": "29.17",
            "revenue": 118418
        },
        "2015-07": {
            "month": "2015-07",
            "price": "27.78",
            "revenue": 135025
        },
        "2015-08": {
            "month": "2015-08",
            "price": "19.16",
            "revenue": 128701
        },
        "2015-09": {
            "month": "2015-09",
            "price": "20.06",
            "revenue": 111625
        },
        "2015-10": {
            "month": "2015-10",
            "price": "24.24",
            "revenue": 133237
        },
        "2015-11": {
            "month": "2015-11",
            "price": "22.01",
            "revenue": 146209
        },
        "2015-12": {
            "month": "2015-12",
            "price": "19.02",
            "revenue": 176516
        },
        "2016-01": {
            "month": "2016-01",
            "price": "18.66",
            "revenue": 104716
        },
        "2016-02": {
            "month": "2016-02",
            "price": "20.05",
            "revenue": 86348
        },
        "2016-03": {
            "month": "2016-03",
            "price": "19.82",
            "revenue": 129817
        },
        "2016-04": {
            "month": "2016-04",
            "price": "17.39",
            "revenue": 142250
        },
        "2016-05": {
            "month": "2016-05",
            "price": "16.00",
            "revenue": 137142
        },
        "2016-06": {
            "month": "2016-06",
            "price": "17.93",
            "revenue": 157199
        },
        "2016-07": {
            "month": "2016-07",
            "price": "17.72",
            "revenue": 147044
        },
        "2016-08": {
            "month": "2016-08",
            "price": "18.09",
            "revenue": 172745
        },
        "2016-09": {
            "month": "2016-09",
            "price": "18.33",
            "revenue": 182907
        },
        "2016-10": {
            "month": "2016-10",
            "price": "18.64",
            "revenue": 192628
        },
        "2016-11": {
            "month": "2016-11",
            "price": "17.02",
            "revenue": 187328
        },
        "2016-12": {
            "month": "2016-12",
            "price": "19.82",
            "revenue": 186393
        },
        "2017-01": {
            "month": "2017-01",
            "price": "20.34",
            "revenue": 160981
        },
        "2017-02": {
            "month": "2017-02",
            "price": "21.34",
            "revenue": 127642
        },
        "2017-03": {
            "month": "2017-03",
            "price": "24.16",
            "revenue": 185196
        },
        "2017-04": {
            "month": "2017-04",
            "price": "23.49",
            "revenue": 170086
        },
        "2017-05": {
            "month": "2017-05",
            "price": "24.84",
            "revenue": 148512
        },
        "2017-06": {
            "month": "2017-06",
            "price": "24.52",
            "revenue": 198798
        },
        "2017-07": {
            "month": "2017-07",
            "price": "24.11",
            "revenue": 201086
        },
        "2017-08": {
            "month": "2017-08",
            "price": "24.27",
            "revenue": 167771
        },
        "2017-09": {
            "month": "2017-09",
            "price": "23.05",
            "revenue": 141048
        },
        "2017-10": {
            "month": "2017-10",
            "price": "21.38",
            "revenue": 165080
        },
        "2017-11": {
            "month": "2017-11",
            "price": "20.50",
            "revenue": 167003
        },
        "2017-12": {
            "month": "2017-12",
            "price": "19.27",
            "revenue": 175119
        },
        "2018-01": {
            "month": "2018-01",
            "price": "20.78",
            "revenue": 150469
        },
        "2018-02": {
            "month": "2018-02",
            "price": "18.83",
            "revenue": 109205
        },
        "2018-03": {
            "month": "2018-03",
            "price": "18.72",
            "revenue": 219021
        },
        "2018-04": {
            "month": "2018-04",
            "price": "18.69",
            "revenue": 189346
        },
        "2018-05": {
            "month": "2018-05",
            "price": "18.15",
            "revenue": 156055
        },
        "2018-06": {
            "month": "2018-06",
            "price": "20.26",
            "revenue": 134041
        },
        "2018-07": {
            "month": "2018-07",
            "price": "19.42",
            "revenue": 181279
        },
        "2018-08": {
            "month": "2018-08",
            "price": "18.29",
            "revenue": 175514
        },
        "2018-09": {
            "month": "2018-09",
            "price": "17.48",
            "revenue": 149681
        },
        "2018-10": {
            "month": "2018-10",
            "price": "16.49",
            "revenue": 135293
        },
        "2018-11": {
            "month": "2018-11",
            "price": "16.37",
            "revenue": 199831
        },
        "2018-12": {
            "month": "2018-12",
            "price": "18.16",
            "revenue": 132057
        },
        "2019-01": {
            "month": "2019-01",
            "price": "17.91",
            "revenue": 138387
        },
        "2019-02": {
            "month": "2019-02",
            "price": "18.70",
            "revenue": 90833
        },
        "2019-03": {
            "month": "2019-03",
            "price": "18.78",
            "revenue": 124582
        },
        "2019-04": {
            "month": "2019-04",
            "price": "18.96",
            "revenue": 112849
        },
        "2019-05": {
            "month": "2019-05",
            "price": "16.66",
            "revenue": 109903
        },
        "2019-06": {
            "month": "2019-06",
            "price": "16.33",
            "revenue": 122667
        },
        "2019-07": {
            "month": "2019-07",
            "price": "16.72",
            "revenue": 109229
        },
        "2019-08": {
            "month": "2019-08",
            "price": "15.30",
            "revenue": 98820
        },
        "2019-09": {
            "month": "2019-09",
            "price": "15.83",
            "revenue": 150873
        },
        "2019-10": {
            "month": "2019-10",
            "price": "15.84",
            "revenue": 154016
        },
        "2019-11": {
            "month": "2019-11",
            "price": "15.97",
            "revenue": 108159
        },
        "2019-12": {
            "month": "2019-12",
            "price": "16.32",
            "revenue": 189984
        },
        "2020-01": {
            "month": "2020-01",
            "price": "17.15",
            "revenue": 87154
        },
        "2020-02": {
            "month": "2020-02",
            "price": "15.38",
            "revenue": 118407
        },
        "2020-03": {
            "month": "2020-03",
            "price": "12.48",
            "revenue": 123336
        },
        "2020-04": {
            "month": "2020-04",
            "price": "12.82",
            "revenue": 136201
        },
        "2020-05": {
            "month": "2020-05",
            "price": "17.91",
            "revenue": 149978
        },
        "2020-06": {
            "month": "2020-06",
            "price": "17.70",
            "revenue": 130392
        },
        "2020-07": {
            "month": "2020-07",
            "price": "18.55",
            "revenue": 94552
        },
        "2020-08": {
            "month": "2020-08",
            "price": "17.43",
            "revenue": 110910
        },
        "2020-09": {
            "month": "2020-09",
            "price": "17.29",
            "revenue": 90216
        },
        "2020-10": {
            "month": "2020-10",
            "price": "16.26",
            "revenue": 117887
        },
        "2020-11": {
            "month": "2020-11",
            "price": "17.21",
            "revenue": 140856
        },
        "2020-12": {
            "month": "2020-12",
            "price": "22.40",
            "revenue": 138538
        },
        "2021-01": {
            "month": "2021-01",
            "price": "23.86",
            "revenue": 124961
        },
        "2021-02": {
            "month": "2021-02",
            "price": "21.61",
            "revenue": 97996
        },
        "2021-03": {
            "month": "2021-03",
            "price": "21.10",
            "revenue": 118240
        },
        "2021-04": {
            "month": "2021-04",
            "price": "21.59",
            "revenue": 113634
        },
        "2021-05": {
            "month": "2021-05",
            "price": "16.87",
            "revenue": 143876
        },
        "2021-06": {
            "month": "2021-06",
            "price": "17.90",
            "revenue": 115983
        },
        "2021-07": {
            "month": "2021-07",
            "price": "17.45",
            "revenue": 163768
        },
        "2021-08": {
            "month": "2021-08",
            "price": "16.41",
            "revenue": 140215
        },
        "2021-09": {
            "month": "2021-09",
            "price": "16.59",
            "revenue": 101450
        },
        "2021-10": {
            "month": "2021-10",
            "price": "16.69",
            "revenue": 138760
        },
        "2021-11": {
            "month": "2021-11",
            "price": "19.07",
            "revenue": 194473
        },
        "2021-12": {
            "month": "2021-12",
            "price": "19.62",
            "revenue": 274613
        },
        "2022-01": {
            "month": "2022-01",
            "price": "18.99",
            "revenue": 164695
        },
        "2022-02": {
            "month": "2022-02",
            "price": "18.65",
            "revenue": 145082
        },
        "2022-03": {
            "month": "2022-03",
            "price": "17.44",
            "revenue": 150903
        },
        "2022-04": {
            "month": "2022-04",
            "price": "16.40",
            "revenue": 128679
        },
        "2022-05": {
            "month": "2022-05",
            "price": "15.74",
            "revenue": 115145
        },
        "2022-06": {
            "month": "2022-06",
            "price": "15.58",
            "revenue": 120074
        },
        "2022-07": {
            "month": "2022-07",
            "price": "14.18",
            "revenue": 133888
        },
        "2022-08": {
            "month": "2022-08",
            "price": "15.88",
            "revenue": 156657
        },
        "2022-09": {
            "month": "2022-09",
            "price": "15.25",
            "revenue": 169209
        },
        "2022-10": {
            "month": "2022-10",
            "price": "14.16",
            "revenue": 127930
        },
        "2022-11": {
            "month": "2022-11",
            "price": "14.28",
            "revenue": 159158
        },
        "2022-12": {
            "month": "2022-12",
            "price": "14.66",
            "revenue": 128115
        },
        "2023-01": {
            "month": "2023-01",
            "price": "14.16",
            "revenue": 128853
        },
        "2023-02": {
            "month": "2023-02",
            "price": "14.49",
            "revenue": 125383
        },
        "2023-03": {
            "month": "2023-03",
            "price": "14.63",
            "revenue": 153171
        },
        "2023-04": {
            "month": "2023-04",
            "price": "15.17",
            "revenue": 170871
        },
        "2023-05": {
            "month": "2023-05",
            "price": "17.12",
            "revenue": 110785
        },
        "2023-06": {
            "month": "2023-06",
            "price": "18.38",
            "revenue": 131695
        },
        "2023-07": {
            "month": "2023-07",
            "price": "18.12",
            "revenue": 174635
        },
        "2023-08": {
            "month": "2023-08",
            "price": "17.02",
            "revenue": 183419
        },
        "2023-09": {
            "month": "2023-09",
            "price": "18.53",
            "revenue": 174953
        }
    }
}
