{
    "summary": {
        "stock_name": "矽創",
        "stock_id": "8016",
        "category": "半導體",
        "main_business": "各種積體電路之設計,製造,測試及銷售<br>各種積體電路模組之設計,製造,測試及銷售<br>各種積體電路應用軟體之研究,開發及銷售",
        "website_url": "http://www.sitronix.com.tw",
        "ceo": "毛穎文",
        "pe_ratio": 18,
        "report_year_from": 2001,
        "report_year_to": 2023,
        "age": 23,
        "eps_negative_percentage": 0,
        "eps_growth_avg": {
            "last_all": 5.79,
            "last_2y": -0.09,
            "last_4y": 11.63,
            "last_8y": 8.83,
            "last_12y": 11.2,
            "last_16y": 5.18,
            "last_20y": null,
            "at_2006_last_3y": null,
            "at_2007_last_3y": 3.61,
            "at_2008_last_3y": -16.27,
            "at_2009_last_3y": -19.05,
            "at_2010_last_3y": -14.38,
            "at_2011_last_3y": -21.38,
            "at_2012_last_3y": -5.68,
            "at_2013_last_3y": 1.67,
            "at_2014_last_3y": 16.54,
            "at_2015_last_3y": 31.18,
            "at_2016_last_3y": 31.97,
            "at_2017_last_3y": 22.69,
            "at_2018_last_3y": 5.33,
            "at_2019_last_3y": 12.48,
            "at_2020_last_3y": 9.56,
            "at_2021_last_3y": 38.68,
            "at_2022_last_3y": 29.64,
            "at_2023_last_3y": 3.05,
            "at_2024_last_3y": 3.05,
            "at_2006_last_all": 9.22,
            "at_2007_last_all": 3.61,
            "at_2008_last_all": -5.48,
            "at_2009_last_all": -6.02,
            "at_2010_last_all": -4.26,
            "at_2011_last_all": -8.88,
            "at_2012_last_all": -5.57,
            "at_2013_last_all": -2.94,
            "at_2014_last_all": 3.3,
            "at_2015_last_all": 4.47,
            "at_2016_last_all": 5.98,
            "at_2017_last_all": 4.38,
            "at_2018_last_all": 3.84,
            "at_2019_last_all": 6.47,
            "at_2020_last_all": 6.83,
            "at_2021_last_all": 12,
            "at_2022_last_all": 9.27,
            "at_2023_last_all": 5.79,
            "at_2024_last_all": 5.79
        },
        "latest_eps": 15.03,
        "latest_price": 274,
        "latest_roe": 16.07,
        "latest_gross_margin": 36.92,
        "latest_equity": 13747715,
        "latest_revenue": 4201548,
        "latest_gross_profit": 1551061,
        "latest_net_income": 712614,
        "latest_debt_ratio": 25.48,
        "latest_current_ratio": 320.44,
        "latest_account_receivable_turnover_ratio": 2.81,
        "latest_inventory_turnover_ratio": 0.91,
        "latest_reinvestment_rate": 9.54,
        "latest_research_to_sale_ratio": 14.39
    },
    "eps_dividends": {
        "2001": {
            "cash": 0,
            "stock": 0,
            "eps": 0
        },
        "2002": {
            "cash": 0,
            "stock": 0,
            "eps": 0
        },
        "2003": {
            "cash": 0,
            "stock": 3,
            "eps": 6.98
        },
        "2004": {
            "cash": 2,
            "stock": 3,
            "eps": 9.61
        },
        "2005": {
            "cash": 2.47,
            "stock": 2.97,
            "eps": 9.84
        },
        "2006": {
            "cash": 3.47,
            "stock": 1.98,
            "eps": 8.62
        },
        "2007": {
            "cash": 3.99,
            "stock": 1,
            "eps": 7.48
        },
        "2008": {
            "cash": 4.49,
            "stock": 0.5,
            "eps": 4.35
        },
        "2009": {
            "cash": 1,
            "stock": 0.2,
            "eps": 3.97
        },
        "2010": {
            "cash": 2,
            "stock": 0.2,
            "eps": 4.22
        },
        "2011": {
            "cash": 4.3,
            "stock": 0,
            "eps": 2.48
        },
        "2012": {
            "cash": 0,
            "stock": 0,
            "eps": 3
        },
        "2013": {
            "cash": 2.5,
            "stock": 0,
            "eps": 3.62
        },
        "2014": {
            "cash": 3,
            "stock": 0,
            "eps": 6
        },
        "2015": {
            "cash": 4.5,
            "stock": 0,
            "eps": 7.04
        },
        "2016": {
            "cash": 5,
            "stock": 0,
            "eps": 8.74
        },
        "2017": {
            "cash": 6,
            "stock": 0,
            "eps": 7.3
        },
        "2018": {
            "cash": 5.5,
            "stock": 0,
            "eps": 7.03
        },
        "2019": {
            "cash": 5,
            "stock": 0,
            "eps": 10.26
        },
        "2020": {
            "cash": 6.5,
            "stock": 0,
            "eps": 11.54
        },
        "2021": {
            "cash": 7.5,
            "stock": 0,
            "eps": 50.06
        },
        "2022": {
            "cash": 32,
            "stock": 0,
            "eps": 30.11
        },
        "2023": {
            "cash": 22,
            "stock": 0,
            "eps": 11.92
        }
    },
    "dividends": {
        "2003-04-28": {
            "cash": 0,
            "stock": 3
        },
        "2004-02-27": {
            "cash": 2,
            "stock": 3
        },
        "2005-02-25": {
            "cash": 2.47,
            "stock": 2.97
        },
        "2006-03-31": {
            "cash": 3.47,
            "stock": 1.98
        },
        "2007-04-25": {
            "cash": 3.99,
            "stock": 1
        },
        "2008-05-09": {
            "cash": 4.49,
            "stock": 0.5
        },
        "2009-04-22": {
            "cash": 1,
            "stock": 0.2
        },
        "2010-04-27": {
            "cash": 2,
            "stock": 0.2
        },
        "2011-01-01": {
            "cash": 2,
            "stock": 0
        },
        "2011-04-06": {
            "cash": 2.3,
            "stock": 0
        },
        "2013-04-24": {
            "cash": 2.5,
            "stock": 0
        },
        "2014-06-11": {
            "cash": 3,
            "stock": 0
        },
        "2015-07-30": {
            "cash": 4.5,
            "stock": 0
        },
        "2016-07-29": {
            "cash": 5,
            "stock": 0
        },
        "2017-07-31": {
            "cash": 6,
            "stock": 0
        },
        "2018-08-03": {
            "cash": 5.5,
            "stock": 0
        },
        "2019-08-02": {
            "cash": 5,
            "stock": 0
        },
        "2020-08-20": {
            "cash": 6.5,
            "stock": 0
        },
        "2021-08-06": {
            "cash": 7.5,
            "stock": 0
        },
        "2022-08-05": {
            "cash": 32,
            "stock": 0
        },
        "2023-08-07": {
            "cash": 22,
            "stock": 0
        }
    },
    "prices": {
        "200101": "無",
        "200102": "無",
        "200103": "無",
        "200104": "無",
        "200105": "無",
        "200106": "無",
        "200107": "無",
        "200108": "無",
        "200109": "無",
        "200110": "無",
        "200111": "無",
        "200112": "無",
        "200201": "無",
        "200202": "無",
        "200203": "無",
        "200204": "無",
        "200205": "無",
        "200206": "無",
        "200207": "無",
        "200208": "無",
        "200209": "無",
        "200210": "無",
        "200211": "無",
        "200212": "無",
        "200301": "無",
        "200302": "無",
        "200303": "無",
        "200304": "無",
        "200305": "無",
        "200306": "無",
        "200307": "無",
        "200308": "無",
        "200309": "86.00",
        "200310": "86.30",
        "200311": "104.15",
        "200312": "113.90",
        "200401": "125.57",
        "200402": "153.42",
        "200403": "153.63",
        "200404": "145.00",
        "200405": "134.26",
        "200406": "120.48",
        "200407": "78.41",
        "200408": "75.05",
        "200409": "92.52",
        "200410": "91.62",
        "200411": "86.41",
        "200412": "88.00",
        "200501": "83.74",
        "200502": "101.58",
        "200503": "119.48",
        "200504": "119.48",
        "200505": "112.07",
        "200506": "95.14",
        "200507": "93.84",
        "200508": "89.12",
        "200509": "83.64",
        "200510": "86.33",
        "200511": "87.05",
        "200512": "98.96",
        "200601": "115.61",
        "200602": "112.18",
        "200603": "123.87",
        "200604": "132.26",
        "200605": "134.57",
        "200606": "103.69",
        "200607": "107.72",
        "200608": "96.99",
        "200609": "97.55",
        "200610": "92.59",
        "200611": "91.23",
        "200612": "87.48",
        "200701": "99.63",
        "200702": "108.71",
        "200703": "110.20",
        "200704": "106.01",
        "200705": "108.23",
        "200706": "132.80",
        "200707": "138.52",
        "200708": "115.87",
        "200709": "105.38",
        "200710": "118.64",
        "200711": "119.00",
        "200712": "115.81",
        "200801": "83.71",
        "200802": "75.29",
        "200803": "84.63",
        "200804": "96.12",
        "200805": "105.94",
        "200806": "81.59",
        "200807": "74.13",
        "200808": "80.40",
        "200809": "70.00",
        "200810": "45.24",
        "200811": "32.00",
        "200812": "28.96",
        "200901": "30.85",
        "200902": "33.61",
        "200903": "41.76",
        "200904": "46.97",
        "200905": "53.18",
        "200906": "51.03",
        "200907": "55.63",
        "200908": "57.28",
        "200909": "62.29",
        "200910": "59.32",
        "200911": "58.35",
        "200912": "64.07",
        "201001": "62.17",
        "201002": "55.31",
        "201003": "58.55",
        "201004": "57.89",
        "201005": "52.30",
        "201006": "49.07",
        "201007": "53.22",
        "201008": "52.11",
        "201009": "54.16",
        "201010": "53.44",
        "201011": "51.59",
        "201012": "62.92",
        "201101": "67.70",
        "201102": "56.74",
        "201103": "48.44",
        "201104": "47.93",
        "201105": "48.60",
        "201106": "43.70",
        "201107": "37.00",
        "201108": "32.92",
        "201109": "35.60",
        "201110": "37.85",
        "201111": "35.21",
        "201112": "32.46",
        "201201": "33.57",
        "201202": "41.32",
        "201203": "42.93",
        "201204": "37.63",
        "201205": "38.07",
        "201206": "36.20",
        "201207": "34.90",
        "201208": "38.58",
        "201209": "42.99",
        "201210": "40.31",
        "201211": "36.95",
        "201212": "38.10",
        "201301": "40.69",
        "201302": "42.79",
        "201303": "43.12",
        "201304": "42.68",
        "201305": "41.50",
        "201306": "38.97",
        "201307": "35.98",
        "201308": "37.37",
        "201309": "38.91",
        "201310": "41.02",
        "201311": "46.34",
        "201312": "45.19",
        "201401": "52.59",
        "201402": "53.44",
        "201403": "53.72",
        "201404": "54.58",
        "201405": "59.00",
        "201406": "62.12",
        "201407": "64.05",
        "201408": "63.40",
        "201409": "68.57",
        "201410": "70.72",
        "201411": "71.35",
        "201412": "78.45",
        "201501": "93.06",
        "201502": "103.33",
        "201503": "111.16",
        "201504": "104.46",
        "201505": "100.42",
        "201506": "102.03",
        "201507": "90.14",
        "201508": "78.98",
        "201509": "91.64",
        "201510": "94.80",
        "201511": "92.29",
        "201512": "91.24",
        "201601": "89.54",
        "201602": "95.68",
        "201603": "91.79",
        "201604": "92.55",
        "201605": "94.27",
        "201606": "102.27",
        "201607": "105.28",
        "201608": "102.27",
        "201609": "104.13",
        "201610": "109.28",
        "201611": "110.41",
        "201612": "104.31",
        "201701": "95.50",
        "201702": "98.18",
        "201703": "99.50",
        "201704": "92.52",
        "201705": "89.50",
        "201706": "91.75",
        "201707": "92.99",
        "201708": "93.06",
        "201709": "89.22",
        "201710": "86.55",
        "201711": "84.17",
        "201712": "81.56",
        "201801": "87.35",
        "201802": "83.62",
        "201803": "86.83",
        "201804": "88.90",
        "201805": "88.36",
        "201806": "111.38",
        "201807": "106.01",
        "201808": "96.28",
        "201809": "85.72",
        "201810": "78.32",
        "201811": "93.90",
        "201812": "107.80",
        "201901": "107.28",
        "201902": "117.54",
        "201903": "132.08",
        "201904": "137.78",
        "201905": "126.52",
        "201906": "132.66",
        "201907": "139.59",
        "201908": "149.62",
        "201909": "168.24",
        "201910": "179.98",
        "201911": "172.14",
        "201912": "169.55",
        "202001": "165.00",
        "202002": "156.37",
        "202003": "130.14",
        "202004": "132.75",
        "202005": "146.75",
        "202006": "154.48",
        "202007": "155.00",
        "202008": "142.12",
        "202009": "138.98",
        "202010": "129.50",
        "202011": "134.21",
        "202012": "149.20",
        "202101": "168.92",
        "202102": "173.38",
        "202103": "219.57",
        "202104": "265.37",
        "202105": "257.55",
        "202106": "286.60",
        "202107": "325.89",
        "202108": "345.30",
        "202109": "263.62",
        "202110": "237.75",
        "202111": "275.61",
        "202112": "311.36",
        "202201": "295.19",
        "202202": "292.70",
        "202203": "297.70",
        "202204": "271.34",
        "202205": "247.33",
        "202206": "231.71",
        "202207": "168.07",
        "202208": "176.22",
        "202209": "171.40",
        "202210": "170.05",
        "202211": "186.23",
        "202212": "180.07",
        "202301": "188.92",
        "202302": "219.22",
        "202303": "232.37",
        "202304": "237.47",
        "202305": "222.86",
        "202306": "234.98",
        "202307": "229.12",
        "202308": "237.98",
        "202309": "282.52",
        "202310": "278.12",
        "202311": "290.16",
        "202312": "284.86"
    },
    "quarters": {
        "20011": {
            "year_quarter": 20011,
            "year": 2001,
            "quarter": 1,
            "eps": null,
            "eps_growth_year": null,
            "eps_4q": null,
            "eps_4q_growth_year": null,
            "roe": null,
            "roe_4q": 0,
            "gross_profit": null,
            "gross_margin": null,
            "gross_margin_4q_avg": 0,
            "net_income": null,
            "net_income_4q": null,
            "revenue": null,
            "revenue_4q": null,
            "common_shares": null,
            "book_valuer_per_share": null,
            "book_valuer_per_share_4q_avg": 0,
            "equity": null,
            "current_ratio": null,
            "debt_ratio": null,
            "inventory_turnover_ratio": null,
            "account_receivable_turnover_ratio": null,
            "reinvestment_rate": null,
            "research_to_sale_ratio": null,
            "price_fair": 0,
            "eps_avg_yearly": 0,
            "eps_latest_yearly": 0,
            "eps_growth_yearly": 0
        },
        "20012": {
            "year_quarter": 20012,
            "year": 2001,
            "quarter": 2,
            "eps": null,
            "eps_growth_year": null,
            "eps_4q": null,
            "eps_4q_growth_year": null,
            "roe": null,
            "roe_4q": 0,
            "gross_profit": null,
            "gross_margin": null,
            "gross_margin_4q_avg": 0,
            "net_income": null,
            "net_income_4q": null,
            "revenue": null,
            "revenue_4q": null,
            "common_shares": null,
            "book_valuer_per_share": null,
            "book_valuer_per_share_4q_avg": 0,
            "equity": null,
            "current_ratio": null,
            "debt_ratio": null,
            "inventory_turnover_ratio": null,
            "account_receivable_turnover_ratio": null,
            "reinvestment_rate": null,
            "research_to_sale_ratio": null,
            "price_fair": 0,
            "eps_avg_yearly": 0,
            "eps_latest_yearly": 0,
            "eps_growth_yearly": 0
        },
        "20013": {
            "year_quarter": 20013,
            "year": 2001,
            "quarter": 3,
            "eps": null,
            "eps_growth_year": null,
            "eps_4q": null,
            "eps_4q_growth_year": null,
            "roe": null,
            "roe_4q": 0,
            "gross_profit": null,
            "gross_margin": null,
            "gross_margin_4q_avg": 0,
            "net_income": null,
            "net_income_4q": null,
            "revenue": null,
            "revenue_4q": null,
            "common_shares": null,
            "book_valuer_per_share": null,
            "book_valuer_per_share_4q_avg": 0,
            "equity": null,
            "current_ratio": null,
            "debt_ratio": null,
            "inventory_turnover_ratio": null,
            "account_receivable_turnover_ratio": null,
            "reinvestment_rate": null,
            "research_to_sale_ratio": null,
            "price_fair": 0,
            "eps_avg_yearly": 0,
            "eps_latest_yearly": 0,
            "eps_growth_yearly": 0
        },
        "20014": {
            "year_quarter": 20014,
            "year": 2001,
            "quarter": 4,
            "eps": null,
            "eps_growth_year": null,
            "eps_4q": null,
            "eps_4q_growth_year": null,
            "roe": null,
            "roe_4q": 0,
            "gross_profit": null,
            "gross_margin": null,
            "gross_margin_4q_avg": 0,
            "net_income": null,
            "net_income_4q": null,
            "revenue": null,
            "revenue_4q": null,
            "common_shares": 215000,
            "book_valuer_per_share": 8.92,
            "book_valuer_per_share_4q_avg": 2.23,
            "equity": 191783,
            "current_ratio": 192.18,
            "debt_ratio": 40.56,
            "inventory_turnover_ratio": null,
            "account_receivable_turnover_ratio": null,
            "reinvestment_rate": null,
            "research_to_sale_ratio": null,
            "price_fair": 0,
            "eps_avg_yearly": 0,
            "eps_latest_yearly": 0,
            "eps_growth_yearly": 0
        },
        "20021": {
            "year_quarter": 20021,
            "year": 2002,
            "quarter": 1,
            "eps": null,
            "eps_growth_year": null,
            "eps_4q": null,
            "eps_4q_growth_year": null,
            "roe": null,
            "roe_4q": 0,
            "gross_profit": null,
            "gross_margin": null,
            "gross_margin_4q_avg": 0,
            "net_income": null,
            "net_income_4q": null,
            "revenue": null,
            "revenue_4q": null,
            "common_shares": null,
            "book_valuer_per_share": null,
            "book_valuer_per_share_4q_avg": 2.23,
            "equity": null,
            "current_ratio": null,
            "debt_ratio": null,
            "inventory_turnover_ratio": null,
            "account_receivable_turnover_ratio": null,
            "reinvestment_rate": null,
            "research_to_sale_ratio": null,
            "price_fair": 0,
            "eps_avg_yearly": 0,
            "eps_latest_yearly": 0,
            "eps_growth_yearly": 0
        },
        "20022": {
            "year_quarter": 20022,
            "year": 2002,
            "quarter": 2,
            "eps": null,
            "eps_growth_year": null,
            "eps_4q": null,
            "eps_4q_growth_year": null,
            "roe": null,
            "roe_4q": 0,
            "gross_profit": null,
            "gross_margin": null,
            "gross_margin_4q_avg": 0,
            "net_income": null,
            "net_income_4q": null,
            "revenue": null,
            "revenue_4q": null,
            "common_shares": null,
            "book_valuer_per_share": null,
            "book_valuer_per_share_4q_avg": 2.23,
            "equity": null,
            "current_ratio": null,
            "debt_ratio": null,
            "inventory_turnover_ratio": null,
            "account_receivable_turnover_ratio": null,
            "reinvestment_rate": null,
            "research_to_sale_ratio": null,
            "price_fair": 0,
            "eps_avg_yearly": 0,
            "eps_latest_yearly": 0,
            "eps_growth_yearly": 0
        },
        "20023": {
            "year_quarter": 20023,
            "year": 2002,
            "quarter": 3,
            "eps": null,
            "eps_growth_year": null,
            "eps_4q": null,
            "eps_4q_growth_year": null,
            "roe": null,
            "roe_4q": 0,
            "gross_profit": null,
            "gross_margin": null,
            "gross_margin_4q_avg": 0,
            "net_income": null,
            "net_income_4q": null,
            "revenue": null,
            "revenue_4q": null,
            "common_shares": null,
            "book_valuer_per_share": null,
            "book_valuer_per_share_4q_avg": 2.23,
            "equity": null,
            "current_ratio": null,
            "debt_ratio": null,
            "inventory_turnover_ratio": null,
            "account_receivable_turnover_ratio": null,
            "reinvestment_rate": null,
            "research_to_sale_ratio": null,
            "price_fair": 0,
            "eps_avg_yearly": 0,
            "eps_latest_yearly": 0,
            "eps_growth_yearly": 0
        },
        "20024": {
            "year_quarter": 20024,
            "year": 2002,
            "quarter": 4,
            "eps": null,
            "eps_growth_year": null,
            "eps_4q": null,
            "eps_4q_growth_year": null,
            "roe": null,
            "roe_4q": 0,
            "gross_profit": null,
            "gross_margin": null,
            "gross_margin_4q_avg": 0,
            "net_income": null,
            "net_income_4q": null,
            "revenue": null,
            "revenue_4q": null,
            "common_shares": 250000,
            "book_valuer_per_share": 16.96,
            "book_valuer_per_share_4q_avg": 4.24,
            "equity": 424072,
            "current_ratio": 373.2,
            "debt_ratio": 25.87,
            "inventory_turnover_ratio": null,
            "account_receivable_turnover_ratio": null,
            "reinvestment_rate": null,
            "research_to_sale_ratio": null,
            "price_fair": 0,
            "eps_avg_yearly": 0,
            "eps_latest_yearly": 0,
            "eps_growth_yearly": 0
        },
        "20031": {
            "year_quarter": 20031,
            "year": 2003,
            "quarter": 1,
            "eps": 1.91,
            "eps_growth_year": null,
            "eps_4q": null,
            "eps_4q_growth_year": null,
            "roe": 10.67,
            "roe_4q": 10.67,
            "gross_profit": 92776,
            "gross_margin": 39.47,
            "gross_margin_4q_avg": 9.87,
            "net_income": 47783,
            "net_income_4q": null,
            "revenue": 235071,
            "revenue_4q": null,
            "common_shares": 250000,
            "book_valuer_per_share": 18.87,
            "book_valuer_per_share_4q_avg": 8.96,
            "equity": 471856,
            "current_ratio": 456.24,
            "debt_ratio": 21.68,
            "inventory_turnover_ratio": 1.47,
            "account_receivable_turnover_ratio": null,
            "reinvestment_rate": null,
            "research_to_sale_ratio": null,
            "price_fair": 0,
            "eps_avg_yearly": 0,
            "eps_latest_yearly": 0,
            "eps_growth_yearly": 0
        },
        "20032": {
            "year_quarter": 20032,
            "year": 2003,
            "quarter": 2,
            "eps": 1.74,
            "eps_growth_year": null,
            "eps_4q": null,
            "eps_4q_growth_year": null,
            "roe": 11.61,
            "roe_4q": 22.28,
            "gross_profit": 116220,
            "gross_margin": 41.44,
            "gross_margin_4q_avg": 20.23,
            "net_income": 58021,
            "net_income_4q": null,
            "revenue": 280420,
            "revenue_4q": null,
            "common_shares": 334325,
            "book_valuer_per_share": 15.79,
            "book_valuer_per_share_4q_avg": 12.91,
            "equity": 528012,
            "current_ratio": 403.22,
            "debt_ratio": 23.46,
            "inventory_turnover_ratio": 1.56,
            "account_receivable_turnover_ratio": null,
            "reinvestment_rate": null,
            "research_to_sale_ratio": null,
            "price_fair": 20.88,
            "eps_avg_yearly": 6.96,
            "eps_latest_yearly": 6.96,
            "eps_growth_yearly": -35.6
        },
        "20033": {
            "year_quarter": 20033,
            "year": 2003,
            "quarter": 3,
            "eps": 1.53,
            "eps_growth_year": null,
            "eps_4q": null,
            "eps_4q_growth_year": null,
            "roe": 12.66,
            "roe_4q": 34.94,
            "gross_profit": 125265,
            "gross_margin": 38.15,
            "gross_margin_4q_avg": 29.77,
            "net_income": 71359,
            "net_income_4q": null,
            "revenue": 328344,
            "revenue_4q": null,
            "common_shares": 334325,
            "book_valuer_per_share": 17.93,
            "book_valuer_per_share_4q_avg": 17.39,
            "equity": 599371,
            "current_ratio": 396.83,
            "debt_ratio": 23.43,
            "inventory_turnover_ratio": 1.75,
            "account_receivable_turnover_ratio": null,
            "reinvestment_rate": null,
            "research_to_sale_ratio": null,
            "price_fair": 19.62,
            "eps_avg_yearly": 6.54,
            "eps_latest_yearly": 6.12,
            "eps_growth_yearly": -41.94
        },
        "20034": {
            "year_quarter": 20034,
            "year": 2003,
            "quarter": 4,
            "eps": 1.8,
            "eps_growth_year": null,
            "eps_4q": 7.08,
            "eps_4q_growth_year": null,
            "roe": 9.58,
            "roe_4q": 44.52,
            "gross_profit": 125464,
            "gross_margin": 35.44,
            "gross_margin_4q_avg": 38.63,
            "net_income": 60340,
            "net_income_4q": null,
            "revenue": 354064,
            "revenue_4q": null,
            "common_shares": 334325,
            "book_valuer_per_share": 19.73,
            "book_valuer_per_share_4q_avg": 18.08,
            "equity": 659676,
            "current_ratio": 385.36,
            "debt_ratio": 23.73,
            "inventory_turnover_ratio": 2.07,
            "account_receivable_turnover_ratio": null,
            "reinvestment_rate": null,
            "research_to_sale_ratio": null,
            "price_fair": 20.28,
            "eps_avg_yearly": 6.76,
            "eps_latest_yearly": 7.2,
            "eps_growth_yearly": -4.43
        },
        "20041": {
            "year_quarter": 20041,
            "year": 2004,
            "quarter": 1,
            "eps": 2.09,
            "eps_growth_year": 9.42,
            "eps_4q": 7.77,
            "eps_4q_growth_year": null,
            "roe": 10.05,
            "roe_4q": 43.900000000000006,
            "gross_profit": 139160,
            "gross_margin": 34.01,
            "gross_margin_4q_avg": 37.26,
            "net_income": 69801,
            "net_income_4q": null,
            "revenue": 409140,
            "revenue_4q": null,
            "common_shares": 334325,
            "book_valuer_per_share": 21.82,
            "book_valuer_per_share_4q_avg": 18.82,
            "equity": 729349,
            "current_ratio": 287.53,
            "debt_ratio": 29.95,
            "inventory_turnover_ratio": 1.48,
            "account_receivable_turnover_ratio": null,
            "reinvestment_rate": null,
            "research_to_sale_ratio": null,
            "price_fair": 163.17,
            "eps_avg_yearly": 7.16,
            "eps_latest_yearly": 8.36,
            "eps_growth_yearly": 12.79
        },
        "20042": {
            "year_quarter": 20042,
            "year": 2004,
            "quarter": 2,
            "eps": 3.09,
            "eps_growth_year": 77.59,
            "eps_4q": 7.41,
            "eps_4q_growth_year": null,
            "roe": 18.85,
            "roe_4q": 51.14,
            "gross_profit": 219788,
            "gross_margin": 34.01,
            "gross_margin_4q_avg": 35.4,
            "net_income": 144205,
            "net_income_4q": null,
            "revenue": 646339,
            "revenue_4q": null,
            "common_shares": 334325,
            "book_valuer_per_share": 23.94,
            "book_valuer_per_share_4q_avg": 20.86,
            "equity": 800279,
            "current_ratio": 273.28,
            "debt_ratio": 57.52,
            "inventory_turnover_ratio": 1.42,
            "account_receivable_turnover_ratio": null,
            "reinvestment_rate": null,
            "research_to_sale_ratio": null,
            "price_fair": 287,
            "eps_avg_yearly": 8.2,
            "eps_latest_yearly": 12.36,
            "eps_growth_yearly": 48.51
        },
        "20043": {
            "year_quarter": 20043,
            "year": 2004,
            "quarter": 3,
            "eps": 3.06,
            "eps_growth_year": 100,
            "eps_4q": 8.94,
            "eps_4q_growth_year": null,
            "roe": 16.38,
            "roe_4q": 54.86,
            "gross_profit": 212849,
            "gross_margin": 36.06,
            "gross_margin_4q_avg": 34.88,
            "net_income": 142811,
            "net_income_4q": null,
            "revenue": 590223,
            "revenue_4q": null,
            "common_shares": 466680,
            "book_valuer_per_share": 20.21,
            "book_valuer_per_share_4q_avg": 21.43,
            "equity": 943090,
            "current_ratio": 441.89,
            "debt_ratio": 47.11,
            "inventory_turnover_ratio": 0.88,
            "account_receivable_turnover_ratio": null,
            "reinvestment_rate": null,
            "research_to_sale_ratio": null,
            "price_fair": 310.57,
            "eps_avg_yearly": 8.87,
            "eps_latest_yearly": 12.24,
            "eps_growth_yearly": 39.78
        },
        "20044": {
            "year_quarter": 20044,
            "year": 2004,
            "quarter": 4,
            "eps": 1.37,
            "eps_growth_year": -23.89,
            "eps_4q": 8.99,
            "eps_4q_growth_year": 26.92,
            "roe": 6.56,
            "roe_4q": 51.84,
            "gross_profit": 180257,
            "gross_margin": 27.96,
            "gross_margin_4q_avg": 33.01,
            "net_income": 64131,
            "net_income_4q": null,
            "revenue": 644747,
            "revenue_4q": null,
            "common_shares": 473035,
            "book_valuer_per_share": 21.42,
            "book_valuer_per_share_4q_avg": 21.85,
            "equity": 1013413,
            "current_ratio": 642.78,
            "debt_ratio": 41.9,
            "inventory_turnover_ratio": 1.11,
            "account_receivable_turnover_ratio": null,
            "reinvestment_rate": null,
            "research_to_sale_ratio": null,
            "price_fair": 105.15,
            "eps_avg_yearly": 8.39,
            "eps_latest_yearly": 5.48,
            "eps_growth_yearly": 2.53
        },
        "20051": {
            "year_quarter": 20051,
            "year": 2005,
            "quarter": 1,
            "eps": 1.67,
            "eps_growth_year": -20.1,
            "eps_4q": 9.06,
            "eps_4q_growth_year": 16.59,
            "roe": 7.53,
            "roe_4q": 49.32,
            "gross_profit": 181142,
            "gross_margin": 27.18,
            "gross_margin_4q_avg": 31.3,
            "net_income": 79352,
            "net_income_4q": null,
            "revenue": 666407,
            "revenue_4q": null,
            "common_shares": 474880,
            "book_valuer_per_share": 23.05,
            "book_valuer_per_share_4q_avg": 22.16,
            "equity": 1094651,
            "current_ratio": 488.5,
            "debt_ratio": 43.12,
            "inventory_turnover_ratio": 1.67,
            "account_receivable_turnover_ratio": null,
            "reinvestment_rate": null,
            "research_to_sale_ratio": null,
            "price_fair": 189.39,
            "eps_avg_yearly": 8.18,
            "eps_latest_yearly": 6.68,
            "eps_growth_yearly": 13.17
        },
        "20052": {
            "year_quarter": 20052,
            "year": 2005,
            "quarter": 2,
            "eps": 2.32,
            "eps_growth_year": -24.92,
            "eps_4q": 6.77,
            "eps_4q_growth_year": -8.55,
            "roe": 12.41,
            "roe_4q": 42.879999999999995,
            "gross_profit": 280045,
            "gross_margin": 31.11,
            "gross_margin_4q_avg": 30.58,
            "net_income": 149118,
            "net_income_4q": null,
            "revenue": 900110,
            "revenue_4q": null,
            "common_shares": 667855,
            "book_valuer_per_share": 19.59,
            "book_valuer_per_share_4q_avg": 21.07,
            "equity": 1308356,
            "current_ratio": 295.91,
            "debt_ratio": 41.02,
            "inventory_turnover_ratio": 2.15,
            "account_receivable_turnover_ratio": null,
            "reinvestment_rate": null,
            "research_to_sale_ratio": null,
            "price_fair": 290.42,
            "eps_avg_yearly": 8.3,
            "eps_latest_yearly": 9.28,
            "eps_growth_yearly": 29
        },
        "20053": {
            "year_quarter": 20053,
            "year": 2005,
            "quarter": 3,
            "eps": 3.07,
            "eps_growth_year": 0.33,
            "eps_4q": 7.54,
            "eps_4q_growth_year": -15.61,
            "roe": 13.88,
            "roe_4q": 40.38,
            "gross_profit": 324073,
            "gross_margin": 31.31,
            "gross_margin_4q_avg": 29.39,
            "net_income": 200834,
            "net_income_4q": null,
            "revenue": 1035078,
            "revenue_4q": null,
            "common_shares": 685135,
            "book_valuer_per_share": 23.14,
            "book_valuer_per_share_4q_avg": 21.8,
            "equity": 1585613,
            "current_ratio": 300.34,
            "debt_ratio": 36.87,
            "inventory_turnover_ratio": 2.2,
            "account_receivable_turnover_ratio": null,
            "reinvestment_rate": null,
            "research_to_sale_ratio": null,
            "price_fair": 304.36,
            "eps_avg_yearly": 8.7,
            "eps_latest_yearly": 12.28,
            "eps_growth_yearly": 39.03
        },
        "20054": {
            "year_quarter": 20054,
            "year": 2005,
            "quarter": 4,
            "eps": 2.78,
            "eps_growth_year": 102.92,
            "eps_4q": 9.27,
            "eps_4q_growth_year": 3.05,
            "roe": 10.67,
            "roe_4q": 44.49,
            "gross_profit": 323720,
            "gross_margin": 31.72,
            "gross_margin_4q_avg": 30.33,
            "net_income": 183987,
            "net_income_4q": null,
            "revenue": 1020556,
            "revenue_4q": null,
            "common_shares": 695206,
            "book_valuer_per_share": 26.39,
            "book_valuer_per_share_4q_avg": 23.04,
            "equity": 1861566,
            "current_ratio": 321.4,
            "debt_ratio": 33,
            "inventory_turnover_ratio": 1.89,
            "account_receivable_turnover_ratio": null,
            "reinvestment_rate": null,
            "research_to_sale_ratio": null,
            "price_fair": 312.07,
            "eps_avg_yearly": 8.92,
            "eps_latest_yearly": 11.12,
            "eps_growth_yearly": 32.05
        },
        "20061": {
            "year_quarter": 20061,
            "year": 2006,
            "quarter": 1,
            "eps": 2.69,
            "eps_growth_year": 61.08,
            "eps_4q": 10.26,
            "eps_4q_growth_year": 13.19,
            "roe": 9.52,
            "roe_4q": 46.480000000000004,
            "gross_profit": 305110,
            "gross_margin": 31.06,
            "gross_margin_4q_avg": 31.3,
            "net_income": 189851,
            "net_income_4q": null,
            "revenue": 982219,
            "revenue_4q": null,
            "common_shares": 710078,
            "book_valuer_per_share": 29.94,
            "book_valuer_per_share_4q_avg": 24.77,
            "equity": 2126061,
            "current_ratio": 351.46,
            "debt_ratio": 27.45,
            "inventory_turnover_ratio": 1.52,
            "account_receivable_turnover_ratio": null,
            "reinvestment_rate": null,
            "research_to_sale_ratio": null,
            "price_fair": 317.45,
            "eps_avg_yearly": 9.07,
            "eps_latest_yearly": 10.76,
            "eps_growth_yearly": 28.3
        },
        "20062": {
            "year_quarter": 20062,
            "year": 2006,
            "quarter": 2,
            "eps": 2.02,
            "eps_growth_year": -12.93,
            "eps_4q": 8.55,
            "eps_4q_growth_year": 26.2,
            "roe": 8.57,
            "roe_4q": 42.64,
            "gross_profit": 346878,
            "gross_margin": 29.52,
            "gross_margin_4q_avg": 30.9,
            "net_income": 177803,
            "net_income_4q": null,
            "revenue": 1175201,
            "revenue_4q": null,
            "common_shares": 712318,
            "book_valuer_per_share": 28.41,
            "book_valuer_per_share_4q_avg": 26.97,
            "equity": 2023653,
            "current_ratio": 233.49,
            "debt_ratio": 38.03,
            "inventory_turnover_ratio": 1.74,
            "account_receivable_turnover_ratio": null,
            "reinvestment_rate": null,
            "research_to_sale_ratio": null,
            "price_fair": 255.96,
            "eps_avg_yearly": 8.99,
            "eps_latest_yearly": 8.08,
            "eps_growth_yearly": 18.46
        },
        "20063": {
            "year_quarter": 20063,
            "year": 2006,
            "quarter": 3,
            "eps": 1.87,
            "eps_growth_year": -39.09,
            "eps_4q": 8.14,
            "eps_4q_growth_year": 7.87,
            "roe": 7.76,
            "roe_4q": 36.519999999999996,
            "gross_profit": 334752,
            "gross_margin": 28.3,
            "gross_margin_4q_avg": 30.15,
            "net_income": 164629,
            "net_income_4q": null,
            "revenue": 1182730,
            "revenue_4q": null,
            "common_shares": 893882,
            "book_valuer_per_share": 24.83,
            "book_valuer_per_share_4q_avg": 27.39,
            "equity": 2219273,
            "current_ratio": 292.55,
            "debt_ratio": 28.88,
            "inventory_turnover_ratio": 1.8,
            "account_receivable_turnover_ratio": null,
            "reinvestment_rate": null,
            "research_to_sale_ratio": null,
            "price_fair": 222.31,
            "eps_avg_yearly": 8.89,
            "eps_latest_yearly": 7.48,
            "eps_growth_yearly": 15.02
        },
        "20064": {
            "year_quarter": 20064,
            "year": 2006,
            "quarter": 4,
            "eps": 2.04,
            "eps_growth_year": -26.62,
            "eps_4q": 8.03,
            "eps_4q_growth_year": -13.32,
            "roe": 7.72,
            "roe_4q": 33.57,
            "gross_profit": 313606,
            "gross_margin": 27.28,
            "gross_margin_4q_avg": 29.04,
            "net_income": 181212,
            "net_income_4q": null,
            "revenue": 1149774,
            "revenue_4q": null,
            "common_shares": 904508,
            "book_valuer_per_share": 27.06,
            "book_valuer_per_share_4q_avg": 27.56,
            "equity": 2473112,
            "current_ratio": 302.74,
            "debt_ratio": 27.3,
            "inventory_turnover_ratio": 1.81,
            "account_receivable_turnover_ratio": null,
            "reinvestment_rate": 6.07,
            "research_to_sale_ratio": null,
            "price_fair": 233.68,
            "eps_avg_yearly": 8.84,
            "eps_latest_yearly": 8.16,
            "eps_growth_yearly": 16.44
        },
        "20071": {
            "year_quarter": 20071,
            "year": 2007,
            "quarter": 1,
            "eps": 1.65,
            "eps_growth_year": -38.66,
            "eps_4q": 7.44,
            "eps_4q_growth_year": -27.48,
            "roe": 5.87,
            "roe_4q": 29.92,
            "gross_profit": 285200,
            "gross_margin": 28.56,
            "gross_margin_4q_avg": 28.42,
            "net_income": 149293,
            "net_income_4q": null,
            "revenue": 998555,
            "revenue_4q": null,
            "common_shares": 907728,
            "book_valuer_per_share": 28.76,
            "book_valuer_per_share_4q_avg": 27.27,
            "equity": 2610576,
            "current_ratio": 379.9,
            "debt_ratio": 21.34,
            "inventory_turnover_ratio": 1.54,
            "account_receivable_turnover_ratio": null,
            "reinvestment_rate": 7.42,
            "research_to_sale_ratio": null,
            "price_fair": 179.47,
            "eps_avg_yearly": 8.7,
            "eps_latest_yearly": 6.6,
            "eps_growth_yearly": 10.64
        },
        "20072": {
            "year_quarter": 20072,
            "year": 2007,
            "quarter": 2,
            "eps": 1.45,
            "eps_growth_year": -28.22,
            "eps_4q": 6.23,
            "eps_4q_growth_year": -27.1,
            "roe": 6.05,
            "roe_4q": 27.4,
            "gross_profit": 322441,
            "gross_margin": 25.19,
            "gross_margin_4q_avg": 27.33,
            "net_income": 150146,
            "net_income_4q": null,
            "revenue": 1279985,
            "revenue_4q": null,
            "common_shares": 908338,
            "book_valuer_per_share": 25.88,
            "book_valuer_per_share_4q_avg": 26.63,
            "equity": 2350453,
            "current_ratio": 219.62,
            "debt_ratio": 37.4,
            "inventory_turnover_ratio": 1.85,
            "account_receivable_turnover_ratio": null,
            "reinvestment_rate": 7.29,
            "research_to_sale_ratio": null,
            "price_fair": 171.03,
            "eps_avg_yearly": 8.63,
            "eps_latest_yearly": 5.8,
            "eps_growth_yearly": 9.83
        },
        "20073": {
            "year_quarter": 20073,
            "year": 2007,
            "quarter": 3,
            "eps": 2.28,
            "eps_growth_year": 21.93,
            "eps_4q": 6.92,
            "eps_4q_growth_year": -14.89,
            "roe": 9.54,
            "roe_4q": 29.18,
            "gross_profit": 436127,
            "gross_margin": 26.94,
            "gross_margin_4q_avg": 26.99,
            "net_income": 235958,
            "net_income_4q": null,
            "revenue": 1618585,
            "revenue_4q": null,
            "common_shares": 1040766,
            "book_valuer_per_share": 24.93,
            "book_valuer_per_share_4q_avg": 26.66,
            "equity": 2594966,
            "current_ratio": 255.56,
            "debt_ratio": 31.59,
            "inventory_turnover_ratio": 1.94,
            "account_receivable_turnover_ratio": null,
            "reinvestment_rate": 6.72,
            "research_to_sale_ratio": null,
            "price_fair": 308.44,
            "eps_avg_yearly": 8.81,
            "eps_latest_yearly": 9.12,
            "eps_growth_yearly": 27.16
        },
        "20074": {
            "year_quarter": 20074,
            "year": 2007,
            "quarter": 4,
            "eps": 2.1,
            "eps_growth_year": 2.94,
            "eps_4q": 7.25,
            "eps_4q_growth_year": -9.73,
            "roe": 7.7,
            "roe_4q": 29.16,
            "gross_profit": 407369,
            "gross_margin": 23.2,
            "gross_margin_4q_avg": 25.97,
            "net_income": 218303,
            "net_income_4q": null,
            "revenue": 1756155,
            "revenue_4q": null,
            "common_shares": 1076414,
            "book_valuer_per_share": 28.58,
            "book_valuer_per_share_4q_avg": 27.04,
            "equity": 3077313,
            "current_ratio": 264.62,
            "debt_ratio": 31.45,
            "inventory_turnover_ratio": 2.11,
            "account_receivable_turnover_ratio": null,
            "reinvestment_rate": 6.76,
            "research_to_sale_ratio": null,
            "price_fair": 273.49,
            "eps_avg_yearly": 8.89,
            "eps_latest_yearly": 8.4,
            "eps_growth_yearly": 20.77
        },
        "20081": {
            "year_quarter": 20081,
            "year": 2008,
            "quarter": 1,
            "eps": 1.36,
            "eps_growth_year": -17.58,
            "eps_4q": 7.14,
            "eps_4q_growth_year": -3.95,
            "roe": 4.74,
            "roe_4q": 28.03,
            "gross_profit": 393449,
            "gross_margin": 23.61,
            "gross_margin_4q_avg": 24.74,
            "net_income": 142148,
            "net_income_4q": null,
            "revenue": 1666566,
            "revenue_4q": null,
            "common_shares": 1078834,
            "book_valuer_per_share": 27.04,
            "book_valuer_per_share_4q_avg": 26.61,
            "equity": 2917026,
            "current_ratio": 217.51,
            "debt_ratio": 38.17,
            "inventory_turnover_ratio": 1.64,
            "account_receivable_turnover_ratio": null,
            "reinvestment_rate": 7.99,
            "research_to_sale_ratio": null,
            "price_fair": 156.12,
            "eps_avg_yearly": 8.71,
            "eps_latest_yearly": 5.44,
            "eps_growth_yearly": 7.93
        },
        "20082": {
            "year_quarter": 20082,
            "year": 2008,
            "quarter": 2,
            "eps": 1.13,
            "eps_growth_year": -22.07,
            "eps_4q": 6.74,
            "eps_4q_growth_year": 8.24,
            "roe": 4.52,
            "roe_4q": 26.5,
            "gross_profit": 344300,
            "gross_margin": 21.28,
            "gross_margin_4q_avg": 23.76,
            "net_income": 120035,
            "net_income_4q": null,
            "revenue": 1618230,
            "revenue_4q": null,
            "common_shares": 1030284,
            "book_valuer_per_share": 23.28,
            "book_valuer_per_share_4q_avg": 25.96,
            "equity": 2398687,
            "current_ratio": 180.48,
            "debt_ratio": 45.41,
            "inventory_turnover_ratio": 1.47,
            "account_receivable_turnover_ratio": null,
            "reinvestment_rate": 2.52,
            "research_to_sale_ratio": null,
            "price_fair": 24.65,
            "eps_avg_yearly": 8.22,
            "eps_latest_yearly": 4.52,
            "eps_growth_yearly": -8.25
        },
        "20083": {
            "year_quarter": 20083,
            "year": 2008,
            "quarter": 3,
            "eps": 1.82,
            "eps_growth_year": -20.18,
            "eps_4q": 6.08,
            "eps_4q_growth_year": -12.15,
            "roe": 8.2,
            "roe_4q": 25.16,
            "gross_profit": 433644,
            "gross_margin": 23.54,
            "gross_margin_4q_avg": 22.91,
            "net_income": 205138,
            "net_income_4q": null,
            "revenue": 1842156,
            "revenue_4q": null,
            "common_shares": 1112438,
            "book_valuer_per_share": 23.42,
            "book_valuer_per_share_4q_avg": 25.58,
            "equity": 2605314,
            "current_ratio": 231.22,
            "debt_ratio": 34.81,
            "inventory_turnover_ratio": 1.89,
            "account_receivable_turnover_ratio": null,
            "reinvestment_rate": 2.65,
            "research_to_sale_ratio": null,
            "price_fair": 136.39,
            "eps_avg_yearly": 7.91,
            "eps_latest_yearly": 7.28,
            "eps_growth_yearly": 7.25
        },
        "20084": {
            "year_quarter": 20084,
            "year": 2008,
            "quarter": 4,
            "eps": 0.04,
            "eps_growth_year": -98.1,
            "eps_4q": 4,
            "eps_4q_growth_year": -44.81,
            "roe": 0.18,
            "roe_4q": 17.64,
            "gross_profit": 295153,
            "gross_margin": 23.07,
            "gross_margin_4q_avg": 22.88,
            "net_income": 4719,
            "net_income_4q": null,
            "revenue": 1279234,
            "revenue_4q": null,
            "common_shares": 1113365,
            "book_valuer_per_share": 23.34,
            "book_valuer_per_share_4q_avg": 24.27,
            "equity": 2598712,
            "current_ratio": 298.73,
            "debt_ratio": 27.21,
            "inventory_turnover_ratio": 1.59,
            "account_receivable_turnover_ratio": 1.91,
            "reinvestment_rate": 2.48,
            "research_to_sale_ratio": null,
            "price_fair": 22.72,
            "eps_avg_yearly": 7.57,
            "eps_latest_yearly": 0.16,
            "eps_growth_yearly": -3.39
        },
        "20091": {
            "year_quarter": 20091,
            "year": 2009,
            "quarter": 1,
            "eps": 0.48,
            "eps_growth_year": -64.71,
            "eps_4q": 3.46,
            "eps_4q_growth_year": -51.6,
            "roe": 2.02,
            "roe_4q": 14.919999999999998,
            "gross_profit": 191121,
            "gross_margin": 20.47,
            "gross_margin_4q_avg": 22.09,
            "net_income": 53171,
            "net_income_4q": null,
            "revenue": 933850,
            "revenue_4q": null,
            "common_shares": 1113415,
            "book_valuer_per_share": 23.9,
            "book_valuer_per_share_4q_avg": 23.49,
            "equity": 2660843,
            "current_ratio": 363.8,
            "debt_ratio": 22.17,
            "inventory_turnover_ratio": 1.57,
            "account_receivable_turnover_ratio": 0.78,
            "reinvestment_rate": 2.25,
            "research_to_sale_ratio": null,
            "price_fair": 254.63,
            "eps_avg_yearly": 7.28,
            "eps_latest_yearly": 1.92,
            "eps_growth_yearly": 266.14
        },
        "20092": {
            "year_quarter": 20092,
            "year": 2009,
            "quarter": 2,
            "eps": 1.05,
            "eps_growth_year": -7.08,
            "eps_4q": 3.42,
            "eps_4q_growth_year": -49.36,
            "roe": 4.31,
            "roe_4q": 14.709999999999999,
            "gross_profit": 331783,
            "gross_margin": 25.43,
            "gross_margin_4q_avg": 23.13,
            "net_income": 116744,
            "net_income_4q": null,
            "revenue": 1304632,
            "revenue_4q": null,
            "common_shares": 1113553,
            "book_valuer_per_share": 24.71,
            "book_valuer_per_share_4q_avg": 23.84,
            "equity": 2751154,
            "current_ratio": 242.46,
            "debt_ratio": 34.9,
            "inventory_turnover_ratio": 1.87,
            "account_receivable_turnover_ratio": 1.2,
            "reinvestment_rate": 2.2,
            "research_to_sale_ratio": null,
            "price_fair": 243.51,
            "eps_avg_yearly": 6.96,
            "eps_latest_yearly": 4.2,
            "eps_growth_yearly": 286.09
        },
        "20093": {
            "year_quarter": 20093,
            "year": 2009,
            "quarter": 3,
            "eps": 1.35,
            "eps_growth_year": -25.82,
            "eps_4q": 2.88,
            "eps_4q_growth_year": -52.62,
            "roe": 5.42,
            "roe_4q": 11.93,
            "gross_profit": 376152,
            "gross_margin": 25.63,
            "gross_margin_4q_avg": 23.65,
            "net_income": 153855,
            "net_income_4q": null,
            "revenue": 1467899,
            "revenue_4q": null,
            "common_shares": 1153351,
            "book_valuer_per_share": 25.33,
            "book_valuer_per_share_4q_avg": 24.32,
            "equity": 2921383,
            "current_ratio": 318.24,
            "debt_ratio": 26.58,
            "inventory_turnover_ratio": 1.65,
            "account_receivable_turnover_ratio": 1.33,
            "reinvestment_rate": 2.13,
            "research_to_sale_ratio": null,
            "price_fair": 228.46,
            "eps_avg_yearly": 6.53,
            "eps_latest_yearly": 5.4,
            "eps_growth_yearly": 285.15
        },
        "20094": {
            "year_quarter": 20094,
            "year": 2009,
            "quarter": 4,
            "eps": 1.09,
            "eps_growth_year": 2625,
            "eps_4q": 3.88,
            "eps_4q_growth_year": -2.95,
            "roe": 4.18,
            "roe_4q": 15.93,
            "gross_profit": 371285,
            "gross_margin": 28.94,
            "gross_margin_4q_avg": 25.12,
            "net_income": 124730,
            "net_income_4q": null,
            "revenue": 1283166,
            "revenue_4q": null,
            "common_shares": 1154951,
            "book_valuer_per_share": 26.41,
            "book_valuer_per_share_4q_avg": 25.09,
            "equity": 3050091,
            "current_ratio": 326.12,
            "debt_ratio": 25.42,
            "inventory_turnover_ratio": 1.39,
            "account_receivable_turnover_ratio": 2.28,
            "reinvestment_rate": 14.6,
            "research_to_sale_ratio": null,
            "price_fair": 213.68,
            "eps_avg_yearly": 6.11,
            "eps_latest_yearly": 4.36,
            "eps_growth_yearly": 282.7
        },
        "20101": {
            "year_quarter": 20101,
            "year": 2010,
            "quarter": 1,
            "eps": 1.16,
            "eps_growth_year": 141.67,
            "eps_4q": 4.58,
            "eps_4q_growth_year": 32.38,
            "roe": 4.28,
            "roe_4q": 18.19,
            "gross_profit": 348618,
            "gross_margin": 26.41,
            "gross_margin_4q_avg": 26.6,
            "net_income": 133434,
            "net_income_4q": null,
            "revenue": 1319941,
            "revenue_4q": null,
            "common_shares": 1155241,
            "book_valuer_per_share": 27.55,
            "book_valuer_per_share_4q_avg": 26,
            "equity": 3183080,
            "current_ratio": 324.43,
            "debt_ratio": 25.57,
            "inventory_turnover_ratio": 1.54,
            "account_receivable_turnover_ratio": 1.13,
            "reinvestment_rate": 15.66,
            "research_to_sale_ratio": 12.51,
            "price_fair": 200.29,
            "eps_avg_yearly": 5.72,
            "eps_latest_yearly": 4.64,
            "eps_growth_yearly": 285.11
        },
        "20102": {
            "year_quarter": 20102,
            "year": 2010,
            "quarter": 2,
            "eps": 1.29,
            "eps_growth_year": 22.79,
            "eps_4q": 4.79,
            "eps_4q_growth_year": 40.12,
            "roe": 4.83,
            "roe_4q": 18.71,
            "gross_profit": 398335,
            "gross_margin": 27.52,
            "gross_margin_4q_avg": 27.13,
            "net_income": 151925,
            "net_income_4q": null,
            "revenue": 1447644,
            "revenue_4q": null,
            "common_shares": 1155241,
            "book_valuer_per_share": 26.85,
            "book_valuer_per_share_4q_avg": 26.54,
            "equity": 3101446,
            "current_ratio": 221.18,
            "debt_ratio": 35.5,
            "inventory_turnover_ratio": 1.72,
            "account_receivable_turnover_ratio": 1.19,
            "reinvestment_rate": 23.77,
            "research_to_sale_ratio": 13.25,
            "price_fair": 193.9,
            "eps_avg_yearly": 5.54,
            "eps_latest_yearly": 5.16,
            "eps_growth_yearly": 294.14
        },
        "20103": {
            "year_quarter": 20103,
            "year": 2010,
            "quarter": 3,
            "eps": 1.01,
            "eps_growth_year": -25.14,
            "eps_4q": 4.49,
            "eps_4q_growth_year": 55.74,
            "roe": 3.76,
            "roe_4q": 17.05,
            "gross_profit": 358624,
            "gross_margin": 26.49,
            "gross_margin_4q_avg": 27.34,
            "net_income": 119154,
            "net_income_4q": null,
            "revenue": 1353653,
            "revenue_4q": null,
            "common_shares": 1178986,
            "book_valuer_per_share": 27.4,
            "book_valuer_per_share_4q_avg": 27.05,
            "equity": 3230382,
            "current_ratio": 217.41,
            "debt_ratio": 36.54,
            "inventory_turnover_ratio": 1.42,
            "account_receivable_turnover_ratio": 1.11,
            "reinvestment_rate": 24.46,
            "research_to_sale_ratio": 13.71,
            "price_fair": 186.38,
            "eps_avg_yearly": 5.33,
            "eps_latest_yearly": 4.04,
            "eps_growth_yearly": 290.57
        },
        "20104": {
            "year_quarter": 20104,
            "year": 2010,
            "quarter": 4,
            "eps": 0.76,
            "eps_growth_year": -30.46,
            "eps_4q": 4.18,
            "eps_4q_growth_year": 7.74,
            "roe": 2.56,
            "roe_4q": 15.43,
            "gross_profit": 303532,
            "gross_margin": 24.95,
            "gross_margin_4q_avg": 26.34,
            "net_income": 84627,
            "net_income_4q": null,
            "revenue": 1216664,
            "revenue_4q": null,
            "common_shares": 1180767,
            "book_valuer_per_share": 28.16,
            "book_valuer_per_share_4q_avg": 27.49,
            "equity": 3369965,
            "current_ratio": 263.28,
            "debt_ratio": 30.1,
            "inventory_turnover_ratio": 1.14,
            "account_receivable_turnover_ratio": 1.09,
            "reinvestment_rate": 29.15,
            "research_to_sale_ratio": 15.09,
            "price_fair": 175.18,
            "eps_avg_yearly": 5.01,
            "eps_latest_yearly": 3.04,
            "eps_growth_yearly": 282.11
        },
        "20111": {
            "year_quarter": 20111,
            "year": 2011,
            "quarter": 1,
            "eps": 0.3,
            "eps_growth_year": -74.14,
            "eps_4q": 3.35,
            "eps_4q_growth_year": -26.87,
            "roe": 0.83,
            "roe_4q": 11.98,
            "gross_profit": 238156,
            "gross_margin": 23.16,
            "gross_margin_4q_avg": 25.53,
            "net_income": 28122,
            "net_income_4q": null,
            "revenue": 1028447,
            "revenue_4q": null,
            "common_shares": 1181476,
            "book_valuer_per_share": 28.49,
            "book_valuer_per_share_4q_avg": 27.73,
            "equity": 3404065,
            "current_ratio": 280.11,
            "debt_ratio": 26.12,
            "inventory_turnover_ratio": 1.08,
            "account_receivable_turnover_ratio": 1.02,
            "reinvestment_rate": 38.44,
            "research_to_sale_ratio": 15.72,
            "price_fair": 163.36,
            "eps_avg_yearly": 4.67,
            "eps_latest_yearly": 1.2,
            "eps_growth_yearly": 271.76
        },
        "20112": {
            "year_quarter": 20112,
            "year": 2011,
            "quarter": 2,
            "eps": 0.77,
            "eps_growth_year": -39.92,
            "eps_4q": 2.84,
            "eps_4q_growth_year": -40.74,
            "roe": 2.48,
            "roe_4q": 9.629999999999999,
            "gross_profit": 330637,
            "gross_margin": 27.01,
            "gross_margin_4q_avg": 25.4,
            "net_income": 82272,
            "net_income_4q": null,
            "revenue": 1224222,
            "revenue_4q": null,
            "common_shares": 1181476,
            "book_valuer_per_share": 26.98,
            "book_valuer_per_share_4q_avg": 27.76,
            "equity": 3240514,
            "current_ratio": 310.58,
            "debt_ratio": 22.9,
            "inventory_turnover_ratio": 1.45,
            "account_receivable_turnover_ratio": 1.2,
            "reinvestment_rate": 38.19,
            "research_to_sale_ratio": 15.29,
            "price_fair": 157.41,
            "eps_avg_yearly": 4.5,
            "eps_latest_yearly": 3.08,
            "eps_growth_yearly": 313.96
        },
        "20113": {
            "year_quarter": 20113,
            "year": 2011,
            "quarter": 3,
            "eps": 0.85,
            "eps_growth_year": -15.83,
            "eps_4q": 2.68,
            "eps_4q_growth_year": -40.34,
            "roe": 2.87,
            "roe_4q": 8.74,
            "gross_profit": 324170,
            "gross_margin": 27.36,
            "gross_margin_4q_avg": 25.62,
            "net_income": 94025,
            "net_income_4q": null,
            "revenue": 1184652,
            "revenue_4q": null,
            "common_shares": 1181476,
            "book_valuer_per_share": 27.71,
            "book_valuer_per_share_4q_avg": 27.84,
            "equity": 3320823,
            "current_ratio": 296.98,
            "debt_ratio": 24.32,
            "inventory_turnover_ratio": 1.58,
            "account_receivable_turnover_ratio": 1.04,
            "reinvestment_rate": 41.42,
            "research_to_sale_ratio": 16.3,
            "price_fair": 144.9,
            "eps_avg_yearly": 4.14,
            "eps_latest_yearly": 3.4,
            "eps_growth_yearly": 302.24
        },
        "20114": {
            "year_quarter": 20114,
            "year": 2011,
            "quarter": 4,
            "eps": 0.56,
            "eps_growth_year": -26.15,
            "eps_4q": 2.48,
            "eps_4q_growth_year": -40.72,
            "roe": 1.71,
            "roe_4q": 7.890000000000001,
            "gross_profit": 288572,
            "gross_margin": 25.48,
            "gross_margin_4q_avg": 25.75,
            "net_income": 57737,
            "net_income_4q": null,
            "revenue": 1132556,
            "revenue_4q": null,
            "common_shares": 1181476,
            "book_valuer_per_share": 28.3,
            "book_valuer_per_share_4q_avg": 27.87,
            "equity": 3428666,
            "current_ratio": 302.1,
            "debt_ratio": 24.87,
            "inventory_turnover_ratio": 1.54,
            "account_receivable_turnover_ratio": 1.07,
            "reinvestment_rate": 38.71,
            "research_to_sale_ratio": 15.58,
            "price_fair": 131.43,
            "eps_avg_yearly": 3.76,
            "eps_latest_yearly": 2.24,
            "eps_growth_yearly": 295.69
        },
        "20121": {
            "year_quarter": 20121,
            "year": 2012,
            "quarter": 1,
            "eps": 0.61,
            "eps_growth_year": 103.33,
            "eps_4q": 2.8,
            "eps_4q_growth_year": -16.38,
            "roe": 1.87,
            "roe_4q": 8.93,
            "gross_profit": 300297,
            "gross_margin": 28.7,
            "gross_margin_4q_avg": 27.14,
            "net_income": 64645,
            "net_income_4q": null,
            "revenue": 1046328,
            "revenue_4q": null,
            "common_shares": 1181476,
            "book_valuer_per_share": 29,
            "book_valuer_per_share_4q_avg": 28,
            "equity": 3503478,
            "current_ratio": 292.69,
            "debt_ratio": 24.74,
            "inventory_turnover_ratio": 1.12,
            "account_receivable_turnover_ratio": 1.23,
            "reinvestment_rate": 51.87,
            "research_to_sale_ratio": 17.54,
            "price_fair": 124.86,
            "eps_avg_yearly": 3.57,
            "eps_latest_yearly": 2.44,
            "eps_growth_yearly": 306.73
        },
        "20122": {
            "year_quarter": 20122,
            "year": 2012,
            "quarter": 2,
            "eps": 0.87,
            "eps_growth_year": 12.11,
            "eps_4q": 2.89,
            "eps_4q_growth_year": 2,
            "roe": 2.77,
            "roe_4q": 9.22,
            "gross_profit": 342966,
            "gross_margin": 26.22,
            "gross_margin_4q_avg": 26.94,
            "net_income": 95723,
            "net_income_4q": null,
            "revenue": 1308057,
            "revenue_4q": null,
            "common_shares": 1181476,
            "book_valuer_per_share": 28.2,
            "book_valuer_per_share_4q_avg": 28.3,
            "equity": 3402567,
            "current_ratio": 254.55,
            "debt_ratio": 28.17,
            "inventory_turnover_ratio": 1.24,
            "account_receivable_turnover_ratio": 1.49,
            "reinvestment_rate": 57.37,
            "research_to_sale_ratio": 15.27,
            "price_fair": 122.59,
            "eps_avg_yearly": 3.5,
            "eps_latest_yearly": 3.48,
            "eps_growth_yearly": 321.61
        },
        "20123": {
            "year_quarter": 20123,
            "year": 2012,
            "quarter": 3,
            "eps": 0.78,
            "eps_growth_year": -7.74,
            "eps_4q": 2.83,
            "eps_4q_growth_year": 5.55,
            "roe": 2.48,
            "roe_4q": 8.83,
            "gross_profit": 342977,
            "gross_margin": 23.66,
            "gross_margin_4q_avg": 26.02,
            "net_income": 85506,
            "net_income_4q": null,
            "revenue": 1449694,
            "revenue_4q": null,
            "common_shares": 1181476,
            "book_valuer_per_share": 29,
            "book_valuer_per_share_4q_avg": 28.63,
            "equity": 3490545,
            "current_ratio": 288.98,
            "debt_ratio": 24.76,
            "inventory_turnover_ratio": 1.52,
            "account_receivable_turnover_ratio": 1.52,
            "reinvestment_rate": 60.02,
            "research_to_sale_ratio": 14.14,
            "price_fair": 113.49,
            "eps_avg_yearly": 3.24,
            "eps_latest_yearly": 3.12,
            "eps_growth_yearly": 303.76
        },
        "20124": {
            "year_quarter": 20124,
            "year": 2012,
            "quarter": 4,
            "eps": 0.74,
            "eps_growth_year": 32.06,
            "eps_4q": 3.01,
            "eps_4q_growth_year": 21.2,
            "roe": 2.18,
            "roe_4q": 9.3,
            "gross_profit": 330018,
            "gross_margin": 23.99,
            "gross_margin_4q_avg": 25.64,
            "net_income": 77301,
            "net_income_4q": null,
            "revenue": 1375790,
            "revenue_4q": null,
            "common_shares": 1181476,
            "book_valuer_per_share": 29.91,
            "book_valuer_per_share_4q_avg": 29.03,
            "equity": 3587541,
            "current_ratio": 300.64,
            "debt_ratio": 24.23,
            "inventory_turnover_ratio": 1.63,
            "account_receivable_turnover_ratio": 1.55,
            "reinvestment_rate": 69.35,
            "research_to_sale_ratio": 15.22,
            "price_fair": 119.61,
            "eps_avg_yearly": 3.42,
            "eps_latest_yearly": 2.96,
            "eps_growth_yearly": 326.93
        },
        "20131": {
            "year_quarter": 20131,
            "year": 2013,
            "quarter": 1,
            "eps": 0.72,
            "eps_growth_year": 18.03,
            "eps_4q": 3.11,
            "eps_4q_growth_year": 11.2,
            "roe": 2.04,
            "roe_4q": 9.47,
            "gross_profit": 334658,
            "gross_margin": 23.83,
            "gross_margin_4q_avg": 24.43,
            "net_income": 73636,
            "net_income_4q": null,
            "revenue": 1404609,
            "revenue_4q": null,
            "common_shares": 1181476,
            "book_valuer_per_share": 30.01,
            "book_valuer_per_share_4q_avg": 29.28,
            "equity": 3617952,
            "current_ratio": 267.35,
            "debt_ratio": 29.29,
            "inventory_turnover_ratio": 1.28,
            "account_receivable_turnover_ratio": 1.81,
            "reinvestment_rate": 54.03,
            "research_to_sale_ratio": 14.08,
            "price_fair": 121.71,
            "eps_avg_yearly": 3.48,
            "eps_latest_yearly": 2.88,
            "eps_growth_yearly": 51.26
        },
        "20132": {
            "year_quarter": 20132,
            "year": 2013,
            "quarter": 2,
            "eps": 0.77,
            "eps_growth_year": -11.34,
            "eps_4q": 3.01,
            "eps_4q_growth_year": 4.11,
            "roe": 2.31,
            "roe_4q": 9.01,
            "gross_profit": 364254,
            "gross_margin": 25.62,
            "gross_margin_4q_avg": 24.28,
            "net_income": 81523,
            "net_income_4q": null,
            "revenue": 1421849,
            "revenue_4q": null,
            "common_shares": 1181476,
            "book_valuer_per_share": 28.18,
            "book_valuer_per_share_4q_avg": 29.28,
            "equity": 3434625,
            "current_ratio": 234.77,
            "debt_ratio": 33.05,
            "inventory_turnover_ratio": 0.81,
            "account_receivable_turnover_ratio": 1.93,
            "reinvestment_rate": 54.99,
            "research_to_sale_ratio": 14.64,
            "price_fair": 113.48,
            "eps_avg_yearly": 3.41,
            "eps_latest_yearly": 3.08,
            "eps_growth_yearly": 23.3
        },
        "20133": {
            "year_quarter": 20133,
            "year": 2013,
            "quarter": 3,
            "eps": 0.99,
            "eps_growth_year": 26.14,
            "eps_4q": 3.19,
            "eps_4q_growth_year": 12.89,
            "roe": 3.1,
            "roe_4q": 9.63,
            "gross_profit": 405975,
            "gross_margin": 23.83,
            "gross_margin_4q_avg": 24.32,
            "net_income": 107960,
            "net_income_4q": null,
            "revenue": 1703466,
            "revenue_4q": null,
            "common_shares": 1191476,
            "book_valuer_per_share": 28.8,
            "book_valuer_per_share_4q_avg": 29.23,
            "equity": 3527304,
            "current_ratio": 291.19,
            "debt_ratio": 26.95,
            "inventory_turnover_ratio": 0.86,
            "account_receivable_turnover_ratio": 2.33,
            "reinvestment_rate": 52.59,
            "research_to_sale_ratio": 12.36,
            "price_fair": 110.49,
            "eps_avg_yearly": 3.32,
            "eps_latest_yearly": 3.96,
            "eps_growth_yearly": 23.3
        },
        "20134": {
            "year_quarter": 20134,
            "year": 2013,
            "quarter": 4,
            "eps": 1.14,
            "eps_growth_year": 54.06,
            "eps_4q": 3.6,
            "eps_4q_growth_year": 19.65,
            "roe": 3.62,
            "roe_4q": 11.07,
            "gross_profit": 412950,
            "gross_margin": 22.84,
            "gross_margin_4q_avg": 24.03,
            "net_income": 130271,
            "net_income_4q": null,
            "revenue": 1807739,
            "revenue_4q": null,
            "common_shares": 1191476,
            "book_valuer_per_share": 30,
            "book_valuer_per_share_4q_avg": 29.25,
            "equity": 3665000,
            "current_ratio": 312.51,
            "debt_ratio": 25.83,
            "inventory_turnover_ratio": 1.1,
            "account_receivable_turnover_ratio": 2.41,
            "reinvestment_rate": 26.09,
            "research_to_sale_ratio": 11.96,
            "price_fair": 116.55,
            "eps_avg_yearly": 3.33,
            "eps_latest_yearly": 4.56,
            "eps_growth_yearly": 31.91
        },
        "20141": {
            "year_quarter": 20141,
            "year": 2014,
            "quarter": 1,
            "eps": 1.22,
            "eps_growth_year": 69.44,
            "eps_4q": 4.09,
            "eps_4q_growth_year": 31.46,
            "roe": 3.71,
            "roe_4q": 12.74,
            "gross_profit": 437647,
            "gross_margin": 28.6,
            "gross_margin_4q_avg": 25.22,
            "net_income": 139402,
            "net_income_4q": null,
            "revenue": 1530254,
            "revenue_4q": null,
            "common_shares": 1191476,
            "book_valuer_per_share": 31.49,
            "book_valuer_per_share_4q_avg": 29.62,
            "equity": 3847264,
            "current_ratio": 277.59,
            "debt_ratio": 29.05,
            "inventory_turnover_ratio": 0.9,
            "account_receivable_turnover_ratio": 2.1,
            "reinvestment_rate": 23.89,
            "research_to_sale_ratio": 13.47,
            "price_fair": 117.08,
            "eps_avg_yearly": 3.35,
            "eps_latest_yearly": 4.88,
            "eps_growth_yearly": 32.06
        },
        "20142": {
            "year_quarter": 20142,
            "year": 2014,
            "quarter": 2,
            "eps": 1.23,
            "eps_growth_year": 59.74,
            "eps_4q": 4.56,
            "eps_4q_growth_year": 51.26,
            "roe": 3.91,
            "roe_4q": 14.34,
            "gross_profit": 497039,
            "gross_margin": 27.64,
            "gross_margin_4q_avg": 25.73,
            "net_income": 146576,
            "net_income_4q": null,
            "revenue": 1798491,
            "revenue_4q": null,
            "common_shares": 1191176,
            "book_valuer_per_share": 29.7,
            "book_valuer_per_share_4q_avg": 30,
            "equity": 3652090,
            "current_ratio": 252.8,
            "debt_ratio": 31.74,
            "inventory_turnover_ratio": 1.02,
            "account_receivable_turnover_ratio": 2.46,
            "reinvestment_rate": 10.71,
            "research_to_sale_ratio": 12.51,
            "price_fair": 116.55,
            "eps_avg_yearly": 3.33,
            "eps_latest_yearly": 4.92,
            "eps_growth_yearly": 29.46
        },
        "20143": {
            "year_quarter": 20143,
            "year": 2014,
            "quarter": 3,
            "eps": 1.6,
            "eps_growth_year": 61.62,
            "eps_4q": 5.16,
            "eps_4q_growth_year": 61.61,
            "roe": 5.23,
            "roe_4q": 16.470000000000002,
            "gross_profit": 539932,
            "gross_margin": 25.9,
            "gross_margin_4q_avg": 26.25,
            "net_income": 195579,
            "net_income_4q": null,
            "revenue": 2085033,
            "revenue_4q": null,
            "common_shares": 1191376,
            "book_valuer_per_share": 31.1,
            "book_valuer_per_share_4q_avg": 30.57,
            "equity": 3820593,
            "current_ratio": 270.06,
            "debt_ratio": 29.62,
            "inventory_turnover_ratio": 1.44,
            "account_receivable_turnover_ratio": 2.53,
            "reinvestment_rate": 11.86,
            "research_to_sale_ratio": 11.25,
            "price_fair": 121.71,
            "eps_avg_yearly": 3.48,
            "eps_latest_yearly": 6.4,
            "eps_growth_yearly": 42.41
        },
        "20144": {
            "year_quarter": 20144,
            "year": 2014,
            "quarter": 4,
            "eps": 1.95,
            "eps_growth_year": 71.59,
            "eps_4q": 5.97,
            "eps_4q_growth_year": 66.04,
            "roe": 5.99,
            "roe_4q": 18.84,
            "gross_profit": 591124,
            "gross_margin": 27.1,
            "gross_margin_4q_avg": 27.31,
            "net_income": 237017,
            "net_income_4q": null,
            "revenue": 2181372,
            "revenue_4q": null,
            "common_shares": 1191376,
            "book_valuer_per_share": 33.33,
            "book_valuer_per_share_4q_avg": 31.41,
            "equity": 4089758,
            "current_ratio": 216.27,
            "debt_ratio": 35.32,
            "inventory_turnover_ratio": 1.6,
            "account_receivable_turnover_ratio": 2.41,
            "reinvestment_rate": 30.08,
            "research_to_sale_ratio": 11.99,
            "price_fair": 132.13,
            "eps_avg_yearly": 3.78,
            "eps_latest_yearly": 7.8,
            "eps_growth_yearly": 54.06
        },
        "20151": {
            "year_quarter": 20151,
            "year": 2015,
            "quarter": 1,
            "eps": 1.65,
            "eps_growth_year": 35.25,
            "eps_4q": 6.41,
            "eps_4q_growth_year": 56.6,
            "roe": 4.73,
            "roe_4q": 19.86,
            "gross_profit": 609386,
            "gross_margin": 29.04,
            "gross_margin_4q_avg": 27.42,
            "net_income": 197709,
            "net_income_4q": null,
            "revenue": 2098675,
            "revenue_4q": null,
            "common_shares": 1191376,
            "book_valuer_per_share": 34.89,
            "book_valuer_per_share_4q_avg": 32.26,
            "equity": 4278636,
            "current_ratio": 208.07,
            "debt_ratio": 36.97,
            "inventory_turnover_ratio": 1.26,
            "account_receivable_turnover_ratio": 2.2,
            "reinvestment_rate": 18.35,
            "research_to_sale_ratio": 11.7,
            "price_fair": 143.94,
            "eps_avg_yearly": 4.11,
            "eps_latest_yearly": 6.6,
            "eps_growth_yearly": 65.35
        },
        "20152": {
            "year_quarter": 20152,
            "year": 2015,
            "quarter": 2,
            "eps": 1.33,
            "eps_growth_year": 8.13,
            "eps_4q": 6.51,
            "eps_4q_growth_year": 42.85,
            "roe": 3.78,
            "roe_4q": 19.73,
            "gross_profit": 525675,
            "gross_margin": 25.24,
            "gross_margin_4q_avg": 26.82,
            "net_income": 153078,
            "net_income_4q": null,
            "revenue": 2082764,
            "revenue_4q": null,
            "common_shares": 1191376,
            "book_valuer_per_share": 30.98,
            "book_valuer_per_share_4q_avg": 32.58,
            "equity": 3812708,
            "current_ratio": 164.7,
            "debt_ratio": 47.77,
            "inventory_turnover_ratio": 1.01,
            "account_receivable_turnover_ratio": 2.15,
            "reinvestment_rate": 16.88,
            "research_to_sale_ratio": 12.01,
            "price_fair": 133.24,
            "eps_avg_yearly": 4.25,
            "eps_latest_yearly": 5.32,
            "eps_growth_yearly": 21.33
        },
        "20153": {
            "year_quarter": 20153,
            "year": 2015,
            "quarter": 3,
            "eps": 1.97,
            "eps_growth_year": 23.12,
            "eps_4q": 6.88,
            "eps_4q_growth_year": 33.43,
            "roe": 6.1,
            "roe_4q": 20.6,
            "gross_profit": 651189,
            "gross_margin": 26.32,
            "gross_margin_4q_avg": 26.93,
            "net_income": 242063,
            "net_income_4q": null,
            "revenue": 2473988,
            "revenue_4q": null,
            "common_shares": 1191376,
            "book_valuer_per_share": 33.04,
            "book_valuer_per_share_4q_avg": 33.06,
            "equity": 4130102,
            "current_ratio": 208.3,
            "debt_ratio": 36.61,
            "inventory_turnover_ratio": 1.12,
            "account_receivable_turnover_ratio": 2.47,
            "reinvestment_rate": 14.23,
            "research_to_sale_ratio": 10.9,
            "price_fair": 158.64,
            "eps_avg_yearly": 4.53,
            "eps_latest_yearly": 7.88,
            "eps_growth_yearly": 30.77
        },
        "20154": {
            "year_quarter": 20154,
            "year": 2015,
            "quarter": 4,
            "eps": 2.09,
            "eps_growth_year": 6.73,
            "eps_4q": 7.01,
            "eps_4q_growth_year": 17.42,
            "roe": 5.95,
            "roe_4q": 20.560000000000002,
            "gross_profit": 694774,
            "gross_margin": 26.61,
            "gross_margin_4q_avg": 26.8,
            "net_income": 252979,
            "net_income_4q": null,
            "revenue": 2610681,
            "revenue_4q": null,
            "common_shares": 1191376,
            "book_valuer_per_share": 35.01,
            "book_valuer_per_share_4q_avg": 33.48,
            "equity": 4369547,
            "current_ratio": 222.87,
            "debt_ratio": 35.99,
            "inventory_turnover_ratio": 1.39,
            "account_receivable_turnover_ratio": 2.81,
            "reinvestment_rate": 15.68,
            "research_to_sale_ratio": 10.6,
            "price_fair": 172.03,
            "eps_avg_yearly": 4.92,
            "eps_latest_yearly": 8.36,
            "eps_growth_yearly": 40.82
        },
        "20161": {
            "year_quarter": 20161,
            "year": 2016,
            "quarter": 1,
            "eps": 1.97,
            "eps_growth_year": 19.39,
            "eps_4q": 7.33,
            "eps_4q_growth_year": 14.47,
            "roe": 5.38,
            "roe_4q": 21.21,
            "gross_profit": 697352,
            "gross_margin": 30.4,
            "gross_margin_4q_avg": 27.14,
            "net_income": 242994,
            "net_income_4q": null,
            "revenue": 2293837,
            "revenue_4q": null,
            "common_shares": 1191376,
            "book_valuer_per_share": 37.03,
            "book_valuer_per_share_4q_avg": 34.02,
            "equity": 4657389,
            "current_ratio": 262.94,
            "debt_ratio": 31.5,
            "inventory_turnover_ratio": 1.19,
            "account_receivable_turnover_ratio": 2.83,
            "reinvestment_rate": 4.42,
            "research_to_sale_ratio": 11.69,
            "price_fair": 183.93,
            "eps_avg_yearly": 5.26,
            "eps_latest_yearly": 7.88,
            "eps_growth_yearly": 37.15
        },
        "20162": {
            "year_quarter": 20162,
            "year": 2016,
            "quarter": 2,
            "eps": 1.87,
            "eps_growth_year": 40.6,
            "eps_4q": 7.87,
            "eps_4q_growth_year": 20.92,
            "roe": 5.24,
            "roe_4q": 22.67,
            "gross_profit": 657498,
            "gross_margin": 27.42,
            "gross_margin_4q_avg": 27.69,
            "net_income": 235518,
            "net_income_4q": null,
            "revenue": 2397574,
            "revenue_4q": null,
            "common_shares": 1191376,
            "book_valuer_per_share": 34.08,
            "book_valuer_per_share_4q_avg": 34.79,
            "equity": 4328563,
            "current_ratio": 209.96,
            "debt_ratio": 39.33,
            "inventory_turnover_ratio": 1.19,
            "account_receivable_turnover_ratio": 2.96,
            "reinvestment_rate": 1.79,
            "research_to_sale_ratio": 11.45,
            "price_fair": 192.68,
            "eps_avg_yearly": 5.51,
            "eps_latest_yearly": 7.48,
            "eps_growth_yearly": 25.23
        },
        "20163": {
            "year_quarter": 20163,
            "year": 2016,
            "quarter": 3,
            "eps": 2.53,
            "eps_growth_year": 28.43,
            "eps_4q": 8.32,
            "eps_4q_growth_year": 20.95,
            "roe": 7.08,
            "roe_4q": 23.65,
            "gross_profit": 784176,
            "gross_margin": 27.27,
            "gross_margin_4q_avg": 27.93,
            "net_income": 317921,
            "net_income_4q": null,
            "revenue": 2875078,
            "revenue_4q": null,
            "common_shares": 1206376,
            "book_valuer_per_share": 36.05,
            "book_valuer_per_share_4q_avg": 35.54,
            "equity": 4656513,
            "current_ratio": 236.97,
            "debt_ratio": 34.75,
            "inventory_turnover_ratio": 1.4,
            "account_receivable_turnover_ratio": 3.5,
            "reinvestment_rate": 3.85,
            "research_to_sale_ratio": 10.26,
            "price_fair": 207.99,
            "eps_avg_yearly": 5.94,
            "eps_latest_yearly": 10.12,
            "eps_growth_yearly": 36.63
        },
        "20164": {
            "year_quarter": 20164,
            "year": 2016,
            "quarter": 4,
            "eps": 2.37,
            "eps_growth_year": 13.8,
            "eps_4q": 8.64,
            "eps_4q_growth_year": 23.16,
            "roe": 6.26,
            "roe_4q": 23.959999999999997,
            "gross_profit": 742856,
            "gross_margin": 28.32,
            "gross_margin_4q_avg": 28.35,
            "net_income": 302594,
            "net_income_4q": null,
            "revenue": 2623258,
            "revenue_4q": null,
            "common_shares": 1206376,
            "book_valuer_per_share": 38.86,
            "book_valuer_per_share_4q_avg": 36.51,
            "equity": 5016528,
            "current_ratio": 256.98,
            "debt_ratio": 31.86,
            "inventory_turnover_ratio": 1.21,
            "account_receivable_turnover_ratio": 2.96,
            "reinvestment_rate": 2.12,
            "research_to_sale_ratio": 11.49,
            "price_fair": 222.25,
            "eps_avg_yearly": 6.35,
            "eps_latest_yearly": 9.48,
            "eps_growth_yearly": 36.34
        },
        "20171": {
            "year_quarter": 20171,
            "year": 2017,
            "quarter": 1,
            "eps": 1.38,
            "eps_growth_year": -29.95,
            "eps_4q": 8.06,
            "eps_4q_growth_year": 9.93,
            "roe": 3.19,
            "roe_4q": 21.770000000000003,
            "gross_profit": 592252,
            "gross_margin": 29.11,
            "gross_margin_4q_avg": 28.03,
            "net_income": 163645,
            "net_income_4q": null,
            "revenue": 2034300,
            "revenue_4q": null,
            "common_shares": 1206376,
            "book_valuer_per_share": 40.48,
            "book_valuer_per_share_4q_avg": 37.37,
            "equity": 5233178,
            "current_ratio": 262.16,
            "debt_ratio": 31.2,
            "inventory_turnover_ratio": 0.78,
            "account_receivable_turnover_ratio": 2.34,
            "reinvestment_rate": 9.87,
            "research_to_sale_ratio": 13.61,
            "price_fair": 228.03,
            "eps_avg_yearly": 6.52,
            "eps_latest_yearly": 5.52,
            "eps_growth_yearly": 26.57
        },
        "20172": {
            "year_quarter": 20172,
            "year": 2017,
            "quarter": 2,
            "eps": 1.74,
            "eps_growth_year": -6.95,
            "eps_4q": 7.94,
            "eps_4q_growth_year": 0.95,
            "roe": 4.37,
            "roe_4q": 20.9,
            "gross_profit": 620526,
            "gross_margin": 26.77,
            "gross_margin_4q_avg": 27.87,
            "net_income": 217299,
            "net_income_4q": null,
            "revenue": 2318317,
            "revenue_4q": null,
            "common_shares": 1206376,
            "book_valuer_per_share": 36.46,
            "book_valuer_per_share_4q_avg": 37.96,
            "equity": 4708834,
            "current_ratio": 215.16,
            "debt_ratio": 37.25,
            "inventory_turnover_ratio": 0.86,
            "account_receivable_turnover_ratio": 2.6,
            "reinvestment_rate": 7.05,
            "research_to_sale_ratio": 12.22,
            "price_fair": 236.51,
            "eps_avg_yearly": 6.76,
            "eps_latest_yearly": 6.96,
            "eps_growth_yearly": 31.35
        },
        "20173": {
            "year_quarter": 20173,
            "year": 2017,
            "quarter": 3,
            "eps": 2.08,
            "eps_growth_year": -17.79,
            "eps_4q": 7.52,
            "eps_4q_growth_year": -9.66,
            "roe": 5.2,
            "roe_4q": 19.02,
            "gross_profit": 681435,
            "gross_margin": 25.78,
            "gross_margin_4q_avg": 27.5,
            "net_income": 254116,
            "net_income_4q": null,
            "revenue": 2643141,
            "revenue_4q": null,
            "common_shares": 1205176,
            "book_valuer_per_share": 38.9,
            "book_valuer_per_share_4q_avg": 38.68,
            "equity": 5058350,
            "current_ratio": 253.24,
            "debt_ratio": 32.11,
            "inventory_turnover_ratio": 1.07,
            "account_receivable_turnover_ratio": 2.6,
            "reinvestment_rate": 7.85,
            "research_to_sale_ratio": 11.54,
            "price_fair": 246.05,
            "eps_avg_yearly": 7.03,
            "eps_latest_yearly": 8.32,
            "eps_growth_yearly": 29.1
        },
        "20174": {
            "year_quarter": 20174,
            "year": 2017,
            "quarter": 4,
            "eps": 2.1,
            "eps_growth_year": -11.4,
            "eps_4q": 7.25,
            "eps_4q_growth_year": -16.11,
            "roe": 5.09,
            "roe_4q": 17.85,
            "gross_profit": 620120,
            "gross_margin": 25.46,
            "gross_margin_4q_avg": 26.78,
            "net_income": 256174,
            "net_income_4q": null,
            "revenue": 2435304,
            "revenue_4q": null,
            "common_shares": 1205176,
            "book_valuer_per_share": 38.83,
            "book_valuer_per_share_4q_avg": 38.67,
            "equity": 4998244,
            "current_ratio": 265.66,
            "debt_ratio": 28.91,
            "inventory_turnover_ratio": 1.03,
            "account_receivable_turnover_ratio": 2.35,
            "reinvestment_rate": 19.08,
            "research_to_sale_ratio": 12.84,
            "price_fair": 254.45,
            "eps_avg_yearly": 7.27,
            "eps_latest_yearly": 8.4,
            "eps_growth_yearly": 25.55
        },
        "20181": {
            "year_quarter": 20181,
            "year": 2018,
            "quarter": 1,
            "eps": 1.1,
            "eps_growth_year": -20.29,
            "eps_4q": 6.96,
            "eps_4q_growth_year": -13.63,
            "roe": 2.42,
            "roe_4q": 17.080000000000002,
            "gross_profit": 495267,
            "gross_margin": 23.87,
            "gross_margin_4q_avg": 25.47,
            "net_income": 121758,
            "net_income_4q": null,
            "revenue": 2074724,
            "revenue_4q": null,
            "common_shares": 1205026,
            "book_valuer_per_share": 39.55,
            "book_valuer_per_share_4q_avg": 38.44,
            "equity": 5076006,
            "current_ratio": 243.71,
            "debt_ratio": 31.81,
            "inventory_turnover_ratio": 0.95,
            "account_receivable_turnover_ratio": 2,
            "reinvestment_rate": -1.33,
            "research_to_sale_ratio": 12.87,
            "price_fair": 158.48,
            "eps_avg_yearly": 7.24,
            "eps_latest_yearly": 4.4,
            "eps_growth_yearly": 11.89
        },
        "20182": {
            "year_quarter": 20182,
            "year": 2018,
            "quarter": 2,
            "eps": 1.83,
            "eps_growth_year": 5.17,
            "eps_4q": 7.05,
            "eps_4q_growth_year": -11.2,
            "roe": 4.82,
            "roe_4q": 17.53,
            "gross_profit": 644536,
            "gross_margin": 24.03,
            "gross_margin_4q_avg": 24.79,
            "net_income": 235373,
            "net_income_4q": null,
            "revenue": 2682651,
            "revenue_4q": null,
            "common_shares": 1205026,
            "book_valuer_per_share": 36.33,
            "book_valuer_per_share_4q_avg": 38.4,
            "equity": 4697021,
            "current_ratio": 188,
            "debt_ratio": 41.53,
            "inventory_turnover_ratio": 1.37,
            "account_receivable_turnover_ratio": 2.29,
            "reinvestment_rate": -1.17,
            "research_to_sale_ratio": 11.35,
            "price_fair": 258.65,
            "eps_avg_yearly": 7.39,
            "eps_latest_yearly": 7.32,
            "eps_growth_yearly": 28.28
        },
        "20183": {
            "year_quarter": 20183,
            "year": 2018,
            "quarter": 3,
            "eps": 2.37,
            "eps_growth_year": 13.94,
            "eps_4q": 7.37,
            "eps_4q_growth_year": -2.02,
            "roe": 7.5,
            "roe_4q": 19.83,
            "gross_profit": 888681,
            "gross_margin": 32.36,
            "gross_margin_4q_avg": 26.43,
            "net_income": 367880,
            "net_income_4q": null,
            "revenue": 2746000,
            "revenue_4q": null,
            "common_shares": 1202273,
            "book_valuer_per_share": 39.16,
            "book_valuer_per_share_4q_avg": 38.47,
            "equity": 5115108,
            "current_ratio": 215.4,
            "debt_ratio": 36.6,
            "inventory_turnover_ratio": 1.15,
            "account_receivable_turnover_ratio": 2.1,
            "reinvestment_rate": -2.03,
            "research_to_sale_ratio": 12.35,
            "price_fair": 265.39,
            "eps_avg_yearly": 7.58,
            "eps_latest_yearly": 9.48,
            "eps_growth_yearly": 28.13
        },
        "20184": {
            "year_quarter": 20184,
            "year": 2018,
            "quarter": 4,
            "eps": 1.73,
            "eps_growth_year": -17.65,
            "eps_4q": 6.99,
            "eps_4q_growth_year": -3.52,
            "roe": 5.6,
            "roe_4q": 20.340000000000003,
            "gross_profit": 841542,
            "gross_margin": 29.77,
            "gross_margin_4q_avg": 27.51,
            "net_income": 288809,
            "net_income_4q": null,
            "revenue": 2827130,
            "revenue_4q": null,
            "common_shares": 1202226,
            "book_valuer_per_share": 39.2,
            "book_valuer_per_share_4q_avg": 38.56,
            "equity": 5205672,
            "current_ratio": 218.15,
            "debt_ratio": 37.78,
            "inventory_turnover_ratio": 1.01,
            "account_receivable_turnover_ratio": 2.1,
            "reinvestment_rate": -13.41,
            "research_to_sale_ratio": 14.43,
            "price_fair": 195.06,
            "eps_avg_yearly": 7.53,
            "eps_latest_yearly": 6.92,
            "eps_growth_yearly": 15.91
        },
        "20191": {
            "year_quarter": 20191,
            "year": 2019,
            "quarter": 1,
            "eps": 1.7,
            "eps_growth_year": 54.55,
            "eps_4q": 7.59,
            "eps_4q_growth_year": 9.05,
            "roe": 5.61,
            "roe_4q": 23.53,
            "gross_profit": 836742,
            "gross_margin": 32.66,
            "gross_margin_4q_avg": 29.71,
            "net_income": 302993,
            "net_income_4q": null,
            "revenue": 2561593,
            "revenue_4q": null,
            "common_shares": 1202226,
            "book_valuer_per_share": 41.81,
            "book_valuer_per_share_4q_avg": 39.13,
            "equity": 5598744,
            "current_ratio": 264.1,
            "debt_ratio": 31.55,
            "inventory_turnover_ratio": 0.89,
            "account_receivable_turnover_ratio": 1.95,
            "reinvestment_rate": -13.3,
            "research_to_sale_ratio": 14.2,
            "price_fair": 221.11,
            "eps_avg_yearly": 7.54,
            "eps_latest_yearly": 6.8,
            "eps_growth_yearly": 19.33
        },
        "20192": {
            "year_quarter": 20192,
            "year": 2019,
            "quarter": 2,
            "eps": 2.8,
            "eps_growth_year": 53.01,
            "eps_4q": 8.56,
            "eps_4q_growth_year": 21.41,
            "roe": 9.5,
            "roe_4q": 28.21,
            "gross_profit": 1145255,
            "gross_margin": 32.65,
            "gross_margin_4q_avg": 31.86,
            "net_income": 532004,
            "net_income_4q": null,
            "revenue": 3507731,
            "revenue_4q": null,
            "common_shares": 1202226,
            "book_valuer_per_share": 40.28,
            "book_valuer_per_share_4q_avg": 40.11,
            "equity": 5603821,
            "current_ratio": 201.86,
            "debt_ratio": 41.47,
            "inventory_turnover_ratio": 1.3,
            "account_receivable_turnover_ratio": 2.5,
            "reinvestment_rate": -10.98,
            "research_to_sale_ratio": 10.72,
            "price_fair": 276.76,
            "eps_avg_yearly": 7.91,
            "eps_latest_yearly": 11.2,
            "eps_growth_yearly": 40.35
        },
        "20193": {
            "year_quarter": 20193,
            "year": 2019,
            "quarter": 3,
            "eps": 3.22,
            "eps_growth_year": 35.86,
            "eps_4q": 9.43,
            "eps_4q_growth_year": 28.05,
            "roe": 10.4,
            "roe_4q": 31.11,
            "gross_profit": 1280271,
            "gross_margin": 32,
            "gross_margin_4q_avg": 31.77,
            "net_income": 603767,
            "net_income_4q": null,
            "revenue": 4000478,
            "revenue_4q": null,
            "common_shares": 1201369,
            "book_valuer_per_share": 42.26,
            "book_valuer_per_share_4q_avg": 40.89,
            "equity": 6009940,
            "current_ratio": 215.2,
            "debt_ratio": 39.98,
            "inventory_turnover_ratio": 1.53,
            "account_receivable_turnover_ratio": 2.69,
            "reinvestment_rate": -10.03,
            "research_to_sale_ratio": 10.56,
            "price_fair": 287.7,
            "eps_avg_yearly": 8.22,
            "eps_latest_yearly": 12.88,
            "eps_growth_yearly": 32.07
        },
        "20194": {
            "year_quarter": 20194,
            "year": 2019,
            "quarter": 4,
            "eps": 2.54,
            "eps_growth_year": 46.92,
            "eps_4q": 10.24,
            "eps_4q_growth_year": 46.54,
            "roe": 7.92,
            "roe_4q": 33.43,
            "gross_profit": 1123077,
            "gross_margin": 30.09,
            "gross_margin_4q_avg": 31.85,
            "net_income": 499393,
            "net_income_4q": null,
            "revenue": 3732936,
            "revenue_4q": null,
            "common_shares": 1201369,
            "book_valuer_per_share": 45.5,
            "book_valuer_per_share_4q_avg": 42.46,
            "equity": 6605692,
            "current_ratio": 224.3,
            "debt_ratio": 38.61,
            "inventory_turnover_ratio": 1.43,
            "account_receivable_turnover_ratio": 2.64,
            "reinvestment_rate": -8.58,
            "research_to_sale_ratio": 11.4,
            "price_fair": 291.64,
            "eps_avg_yearly": 8.33,
            "eps_latest_yearly": 10.16,
            "eps_growth_yearly": 25.27
        },
        "20201": {
            "year_quarter": 20201,
            "year": 2020,
            "quarter": 1,
            "eps": 2.43,
            "eps_growth_year": 42.94,
            "eps_4q": 10.98,
            "eps_4q_growth_year": 44.54,
            "roe": 7.78,
            "roe_4q": 35.6,
            "gross_profit": 1011677,
            "gross_margin": 32.23,
            "gross_margin_4q_avg": 31.74,
            "net_income": 478149,
            "net_income_4q": null,
            "revenue": 3138847,
            "revenue_4q": null,
            "common_shares": 1201369,
            "book_valuer_per_share": 39.71,
            "book_valuer_per_share_4q_avg": 41.94,
            "equity": 5685347,
            "current_ratio": 176.09,
            "debt_ratio": 49.76,
            "inventory_turnover_ratio": 0.99,
            "account_receivable_turnover_ratio": 2.37,
            "reinvestment_rate": -6.96,
            "research_to_sale_ratio": 12.26,
            "price_fair": 295.66,
            "eps_avg_yearly": 8.45,
            "eps_latest_yearly": 9.72,
            "eps_growth_yearly": 25.62
        },
        "20202": {
            "year_quarter": 20202,
            "year": 2020,
            "quarter": 2,
            "eps": 2.43,
            "eps_growth_year": -13.21,
            "eps_4q": 10.62,
            "eps_4q_growth_year": 23.97,
            "roe": 6.36,
            "roe_4q": 32.46,
            "gross_profit": 925366,
            "gross_margin": 34.99,
            "gross_margin_4q_avg": 32.33,
            "net_income": 443423,
            "net_income_4q": null,
            "revenue": 2644857,
            "revenue_4q": null,
            "common_shares": 1201369,
            "book_valuer_per_share": 49.81,
            "book_valuer_per_share_4q_avg": 44.32,
            "equity": 8266764,
            "current_ratio": 238.07,
            "debt_ratio": 37.91,
            "inventory_turnover_ratio": 0.7,
            "account_receivable_turnover_ratio": 2.25,
            "reinvestment_rate": -7.24,
            "research_to_sale_ratio": 13.86,
            "price_fair": 300.56,
            "eps_avg_yearly": 8.59,
            "eps_latest_yearly": 9.72,
            "eps_growth_yearly": 26.89
        },
        "20203": {
            "year_quarter": 20203,
            "year": 2020,
            "quarter": 3,
            "eps": 2.63,
            "eps_growth_year": -18.32,
            "eps_4q": 10.03,
            "eps_4q_growth_year": 6.3,
            "roe": 6.44,
            "roe_4q": 28.5,
            "gross_profit": 1253220,
            "gross_margin": 32.23,
            "gross_margin_4q_avg": 32.39,
            "net_income": 549591,
            "net_income_4q": null,
            "revenue": 3887941,
            "revenue_4q": null,
            "common_shares": 1201369,
            "book_valuer_per_share": 52.22,
            "book_valuer_per_share_4q_avg": 46.81,
            "equity": 8804497,
            "current_ratio": 297.39,
            "debt_ratio": 30.62,
            "inventory_turnover_ratio": 1.22,
            "account_receivable_turnover_ratio": 3.32,
            "reinvestment_rate": -8.27,
            "research_to_sale_ratio": 10.72,
            "price_fair": 259.44,
            "eps_avg_yearly": 8.61,
            "eps_latest_yearly": 10.52,
            "eps_growth_yearly": 20.12
        },
        "20204": {
            "year_quarter": 20204,
            "year": 2020,
            "quarter": 4,
            "eps": 4.05,
            "eps_growth_year": 59.17,
            "eps_4q": 11.54,
            "eps_4q_growth_year": 12.66,
            "roe": 7.66,
            "roe_4q": 28.240000000000002,
            "gross_profit": 1595562,
            "gross_margin": 38.61,
            "gross_margin_4q_avg": 34.52,
            "net_income": 692950,
            "net_income_4q": null,
            "revenue": 4132917,
            "revenue_4q": null,
            "common_shares": 1201369,
            "book_valuer_per_share": 55.34,
            "book_valuer_per_share_4q_avg": 49.27,
            "equity": 9279077,
            "current_ratio": 275.16,
            "debt_ratio": 32.84,
            "inventory_turnover_ratio": 1.51,
            "account_receivable_turnover_ratio": 3.16,
            "reinvestment_rate": -8.08,
            "research_to_sale_ratio": 12.32,
            "price_fair": 316.14,
            "eps_avg_yearly": 9.03,
            "eps_latest_yearly": 16.2,
            "eps_growth_yearly": 35.2
        },
        "20211": {
            "year_quarter": 20211,
            "year": 2021,
            "quarter": 1,
            "eps": 6.55,
            "eps_growth_year": 169.55,
            "eps_4q": 15.67,
            "eps_4q_growth_year": 42.74,
            "roe": 10.76,
            "roe_4q": 31.220000000000002,
            "gross_profit": 1906725,
            "gross_margin": 47.17,
            "gross_margin_4q_avg": 38.25,
            "net_income": 976292,
            "net_income_4q": null,
            "revenue": 4042640,
            "revenue_4q": null,
            "common_shares": 1201369,
            "book_valuer_per_share": 54.58,
            "book_valuer_per_share_4q_avg": 52.99,
            "equity": 8864568,
            "current_ratio": 202.33,
            "debt_ratio": 41.7,
            "inventory_turnover_ratio": 1.29,
            "account_receivable_turnover_ratio": 2.98,
            "reinvestment_rate": -0.78,
            "research_to_sale_ratio": 13.1,
            "price_fair": 361.38,
            "eps_avg_yearly": 10.33,
            "eps_latest_yearly": 26.2,
            "eps_growth_yearly": 61.08
        },
        "20212": {
            "year_quarter": 20212,
            "year": 2021,
            "quarter": 2,
            "eps": 13,
            "eps_growth_year": 434.98,
            "eps_4q": 26.25,
            "eps_4q_growth_year": 147.27,
            "roe": 18.71,
            "roe_4q": 43.56999999999999,
            "gross_profit": 3146831,
            "gross_margin": 56.86,
            "gross_margin_4q_avg": 43.72,
            "net_income": 1834261,
            "net_income_4q": null,
            "revenue": 5534516,
            "revenue_4q": null,
            "common_shares": 1201369,
            "book_valuer_per_share": 67.9,
            "book_valuer_per_share_4q_avg": 57.51,
            "equity": 10743942,
            "current_ratio": 214.11,
            "debt_ratio": 40.34,
            "inventory_turnover_ratio": 1.27,
            "account_receivable_turnover_ratio": 3.7,
            "reinvestment_rate": 0.55,
            "research_to_sale_ratio": 13.24,
            "price_fair": 459.9,
            "eps_avg_yearly": 13.14,
            "eps_latest_yearly": 52,
            "eps_growth_yearly": 79.17
        },
        "20213": {
            "year_quarter": 20213,
            "year": 2021,
            "quarter": 3,
            "eps": 15.69,
            "eps_growth_year": 496.58,
            "eps_4q": 39.35,
            "eps_4q_growth_year": 292.43,
            "roe": 18.94,
            "roe_4q": 56.07000000000001,
            "gross_profit": 3799273,
            "gross_margin": 57.69,
            "gross_margin_4q_avg": 50.08,
            "net_income": 2247022,
            "net_income_4q": null,
            "revenue": 6585814,
            "revenue_4q": null,
            "common_shares": 1201369,
            "book_valuer_per_share": 82.89,
            "book_valuer_per_share_4q_avg": 65.18,
            "equity": 12980850,
            "current_ratio": 246.55,
            "debt_ratio": 34.93,
            "inventory_turnover_ratio": 1.4,
            "account_receivable_turnover_ratio": 3.7,
            "reinvestment_rate": 2.4,
            "research_to_sale_ratio": 13.22,
            "price_fair": 578.99,
            "eps_avg_yearly": 16.54,
            "eps_latest_yearly": 62.76,
            "eps_growth_yearly": 79.46
        },
        "20214": {
            "year_quarter": 20214,
            "year": 2021,
            "quarter": 4,
            "eps": 14.82,
            "eps_growth_year": 265.95,
            "eps_4q": 50.13,
            "eps_4q_growth_year": 334.38,
            "roe": 14.31,
            "roe_4q": 62.72,
            "gross_profit": 3498307,
            "gross_margin": 57.42,
            "gross_margin_4q_avg": 54.79,
            "net_income": 2015443,
            "net_income_4q": null,
            "revenue": 6092700,
            "revenue_4q": null,
            "common_shares": 1201369,
            "book_valuer_per_share": 98.12,
            "book_valuer_per_share_4q_avg": 75.87,
            "equity": 15197067,
            "current_ratio": 259.18,
            "debt_ratio": 32.97,
            "inventory_turnover_ratio": 1.17,
            "account_receivable_turnover_ratio": 3.16,
            "reinvestment_rate": 0.59,
            "research_to_sale_ratio": 13.04,
            "price_fair": 690.29,
            "eps_avg_yearly": 19.72,
            "eps_latest_yearly": 59.28,
            "eps_growth_yearly": 77.84
        },
        "20221": {
            "year_quarter": 20221,
            "year": 2022,
            "quarter": 1,
            "eps": 11.82,
            "eps_growth_year": 80.46,
            "eps_4q": 55.41,
            "eps_4q_growth_year": 253.68,
            "roe": 12.17,
            "roe_4q": 64.13,
            "gross_profit": 3011343,
            "gross_margin": 53.84,
            "gross_margin_4q_avg": 56.45,
            "net_income": 1668053,
            "net_income_4q": null,
            "revenue": 5593610,
            "revenue_4q": null,
            "common_shares": 1201369,
            "book_valuer_per_share": 77.78,
            "book_valuer_per_share_4q_avg": 81.67,
            "equity": 12214940,
            "current_ratio": 160.55,
            "debt_ratio": 52.79,
            "inventory_turnover_ratio": 0.88,
            "account_receivable_turnover_ratio": 2.77,
            "reinvestment_rate": 9.45,
            "research_to_sale_ratio": 13.35,
            "price_fair": 784.09,
            "eps_avg_yearly": 22.4,
            "eps_latest_yearly": 47.28,
            "eps_growth_yearly": 84.68
        },
        "20222": {
            "year_quarter": 20222,
            "year": 2022,
            "quarter": 2,
            "eps": 9.12,
            "eps_growth_year": -29.85,
            "eps_4q": 51.54,
            "eps_4q_growth_year": 96.3,
            "roe": 9.96,
            "roe_4q": 55.38000000000001,
            "gross_profit": 2399367,
            "gross_margin": 52.88,
            "gross_margin_4q_avg": 55.46,
            "net_income": 1274841,
            "net_income_4q": null,
            "revenue": 4537216,
            "revenue_4q": null,
            "common_shares": 1201369,
            "book_valuer_per_share": 86.1,
            "book_valuer_per_share_4q_avg": 86.22,
            "equity": 13383261,
            "current_ratio": 179,
            "debt_ratio": 46.15,
            "inventory_turnover_ratio": 0.5,
            "account_receivable_turnover_ratio": 2.44,
            "reinvestment_rate": 11.92,
            "research_to_sale_ratio": 15.2,
            "price_fair": 847.88,
            "eps_avg_yearly": 24.23,
            "eps_latest_yearly": 36.48,
            "eps_growth_yearly": 62.38
        },
        "20223": {
            "year_quarter": 20223,
            "year": 2022,
            "quarter": 3,
            "eps": 6.09,
            "eps_growth_year": -61.19,
            "eps_4q": 41.95,
            "eps_4q_growth_year": 6.62,
            "roe": 6.07,
            "roe_4q": 42.510000000000005,
            "gross_profit": 1698416,
            "gross_margin": 41.78,
            "gross_margin_4q_avg": 51.48,
            "net_income": 840510,
            "net_income_4q": null,
            "revenue": 4065580,
            "revenue_4q": null,
            "common_shares": 1201369,
            "book_valuer_per_share": 92.43,
            "book_valuer_per_share_4q_avg": 88.61,
            "equity": 14326487,
            "current_ratio": 254.43,
            "debt_ratio": 32.24,
            "inventory_turnover_ratio": 0.44,
            "account_receivable_turnover_ratio": 2.55,
            "reinvestment_rate": 11.43,
            "research_to_sale_ratio": 14.56,
            "price_fair": 880.43,
            "eps_avg_yearly": 25.16,
            "eps_latest_yearly": 24.36,
            "eps_growth_yearly": 46.7
        },
        "20224": {
            "year_quarter": 20224,
            "year": 2022,
            "quarter": 4,
            "eps": 3.08,
            "eps_growth_year": -79.19,
            "eps_4q": 30.2,
            "eps_4q_growth_year": -39.75,
            "roe": 3.08,
            "roe_4q": 31.28,
            "gross_profit": 1144898,
            "gross_margin": 29.88,
            "gross_margin_4q_avg": 44.6,
            "net_income": 447299,
            "net_income_4q": null,
            "revenue": 3831421,
            "revenue_4q": null,
            "common_shares": 1201369,
            "book_valuer_per_share": 95.56,
            "book_valuer_per_share_4q_avg": 87.97,
            "equity": 14765872,
            "current_ratio": 318.19,
            "debt_ratio": 26.01,
            "inventory_turnover_ratio": 0.54,
            "account_receivable_turnover_ratio": 2.75,
            "reinvestment_rate": 10.95,
            "research_to_sale_ratio": 12.38,
            "price_fair": 892.24,
            "eps_avg_yearly": 25.49,
            "eps_latest_yearly": 12.32,
            "eps_growth_yearly": 41.09
        },
        "20231": {
            "year_quarter": 20231,
            "year": 2023,
            "quarter": 1,
            "eps": 2.48,
            "eps_growth_year": -79.02,
            "eps_4q": 20.82,
            "eps_4q_growth_year": -62.42,
            "roe": 2.79,
            "roe_4q": 21.900000000000002,
            "gross_profit": 1084600,
            "gross_margin": 30.12,
            "gross_margin_4q_avg": 38.67,
            "net_income": 375812,
            "net_income_4q": null,
            "revenue": 3600616,
            "revenue_4q": null,
            "common_shares": 1201369,
            "book_valuer_per_share": 76.74,
            "book_valuer_per_share_4q_avg": 87.71,
            "equity": 12203655,
            "current_ratio": 205.97,
            "debt_ratio": 39.15,
            "inventory_turnover_ratio": 0.67,
            "account_receivable_turnover_ratio": 2.96,
            "reinvestment_rate": 10.3,
            "research_to_sale_ratio": 13.71,
            "price_fair": 899.06,
            "eps_avg_yearly": 25.69,
            "eps_latest_yearly": 9.92,
            "eps_growth_yearly": 36.65
        },
        "20232": {
            "year_quarter": 20232,
            "year": 2023,
            "quarter": 2,
            "eps": 4.93,
            "eps_growth_year": -45.94,
            "eps_4q": 16.62,
            "eps_4q_growth_year": -67.75,
            "roe": 5.74,
            "roe_4q": 17.68,
            "gross_profit": 1549278,
            "gross_margin": 35.13,
            "gross_margin_4q_avg": 34.23,
            "net_income": 719392,
            "net_income_4q": null,
            "revenue": 4409563,
            "revenue_4q": null,
            "common_shares": 1201369,
            "book_valuer_per_share": 82.31,
            "book_valuer_per_share_4q_avg": 86.76,
            "equity": 12875928,
            "current_ratio": 215.85,
            "debt_ratio": 37.72,
            "inventory_turnover_ratio": 0.94,
            "account_receivable_turnover_ratio": 3.24,
            "reinvestment_rate": 9.9,
            "research_to_sale_ratio": 13.06,
            "price_fair": 917.7,
            "eps_avg_yearly": 26.22,
            "eps_latest_yearly": 19.72,
            "eps_growth_yearly": 45.17
        },
        "20233": {
            "year_quarter": 20233,
            "year": 2023,
            "quarter": 3,
            "eps": 4.51,
            "eps_growth_year": -25.94,
            "eps_4q": 15.03,
            "eps_4q_growth_year": -64.17,
            "roe": 5.35,
            "roe_4q": 16.96,
            "gross_profit": 1551061,
            "gross_margin": 36.92,
            "gross_margin_4q_avg": 33.01,
            "net_income": 712614,
            "net_income_4q": null,
            "revenue": 4201548,
            "revenue_4q": null,
            "common_shares": 1201369,
            "book_valuer_per_share": 86.81,
            "book_valuer_per_share_4q_avg": 85.36,
            "equity": 13747715,
            "current_ratio": 320.44,
            "debt_ratio": 25.48,
            "inventory_turnover_ratio": 0.91,
            "account_receivable_turnover_ratio": 2.81,
            "reinvestment_rate": 9.54,
            "research_to_sale_ratio": 14.39,
            "price_fair": 928.99,
            "eps_avg_yearly": 26.54,
            "eps_latest_yearly": 18.04,
            "eps_growth_yearly": 39.29
        }
    },
    "months": {
        "2003-09": {
            "month": "2003-09",
            "price": "86.00",
            "revenue": 124142
        },
        "2003-10": {
            "month": "2003-10",
            "price": "86.30",
            "revenue": 121636
        },
        "2003-11": {
            "month": "2003-11",
            "price": "104.15",
            "revenue": 110025
        },
        "2003-12": {
            "month": "2003-12",
            "price": "113.90",
            "revenue": 122403
        },
        "2004-01": {
            "month": "2004-01",
            "price": "125.57",
            "revenue": 114940
        },
        "2004-02": {
            "month": "2004-02",
            "price": "153.42",
            "revenue": 133642
        },
        "2004-03": {
            "month": "2004-03",
            "price": "153.63",
            "revenue": 160558
        },
        "2004-04": {
            "month": "2004-04",
            "price": "145.00",
            "revenue": 219439
        },
        "2004-05": {
            "month": "2004-05",
            "price": "134.26",
            "revenue": 207091
        },
        "2004-06": {
            "month": "2004-06",
            "price": "120.48",
            "revenue": 219809
        },
        "2004-07": {
            "month": "2004-07",
            "price": "78.41",
            "revenue": 192444
        },
        "2004-08": {
            "month": "2004-08",
            "price": "75.05",
            "revenue": 191422
        },
        "2004-09": {
            "month": "2004-09",
            "price": "92.52",
            "revenue": 206357
        },
        "2004-10": {
            "month": "2004-10",
            "price": "91.62",
            "revenue": 209969
        },
        "2004-11": {
            "month": "2004-11",
            "price": "86.41",
            "revenue": 220413
        },
        "2004-12": {
            "month": "2004-12",
            "price": "88.00",
            "revenue": 214365
        },
        "2005-01": {
            "month": "2005-01",
            "price": "83.74",
            "revenue": 230548
        },
        "2005-02": {
            "month": "2005-02",
            "price": "101.58",
            "revenue": 190017
        },
        "2005-03": {
            "month": "2005-03",
            "price": "119.48",
            "revenue": 245841
        },
        "2005-04": {
            "month": "2005-04",
            "price": "119.48",
            "revenue": 283612
        },
        "2005-05": {
            "month": "2005-05",
            "price": "112.07",
            "revenue": 303035
        },
        "2005-06": {
            "month": "2005-06",
            "price": "95.14",
            "revenue": 313464
        },
        "2005-07": {
            "month": "2005-07",
            "price": "93.84",
            "revenue": 330158
        },
        "2005-08": {
            "month": "2005-08",
            "price": "89.12",
            "revenue": 342707
        },
        "2005-09": {
            "month": "2005-09",
            "price": "83.64",
            "revenue": 362213
        },
        "2005-10": {
            "month": "2005-10",
            "price": "86.33",
            "revenue": 350260
        },
        "2005-11": {
            "month": "2005-11",
            "price": "87.05",
            "revenue": 340327
        },
        "2005-12": {
            "month": "2005-12",
            "price": "98.96",
            "revenue": 329969
        },
        "2006-01": {
            "month": "2006-01",
            "price": "115.61",
            "revenue": 300022
        },
        "2006-02": {
            "month": "2006-02",
            "price": "112.18",
            "revenue": 303505
        },
        "2006-03": {
            "month": "2006-03",
            "price": "123.87",
            "revenue": 378692
        },
        "2006-04": {
            "month": "2006-04",
            "price": "132.26",
            "revenue": 388862
        },
        "2006-05": {
            "month": "2006-05",
            "price": "134.57",
            "revenue": 385973
        },
        "2006-06": {
            "month": "2006-06",
            "price": "103.69",
            "revenue": 400366
        },
        "2006-07": {
            "month": "2006-07",
            "price": "107.72",
            "revenue": 350922
        },
        "2006-08": {
            "month": "2006-08",
            "price": "96.99",
            "revenue": 411745
        },
        "2006-09": {
            "month": "2006-09",
            "price": "97.55",
            "revenue": 420063
        },
        "2006-10": {
            "month": "2006-10",
            "price": "92.59",
            "revenue": 407147
        },
        "2006-11": {
            "month": "2006-11",
            "price": "91.23",
            "revenue": 381523
        },
        "2006-12": {
            "month": "2006-12",
            "price": "87.48",
            "revenue": 361103
        },
        "2007-01": {
            "month": "2007-01",
            "price": "99.63",
            "revenue": 362329
        },
        "2007-02": {
            "month": "2007-02",
            "price": "108.71",
            "revenue": 275229
        },
        "2007-03": {
            "month": "2007-03",
            "price": "110.20",
            "revenue": 360997
        },
        "2007-04": {
            "month": "2007-04",
            "price": "106.01",
            "revenue": 381978
        },
        "2007-05": {
            "month": "2007-05",
            "price": "108.23",
            "revenue": 423724
        },
        "2007-06": {
            "month": "2007-06",
            "price": "132.80",
            "revenue": 474283
        },
        "2007-07": {
            "month": "2007-07",
            "price": "138.52",
            "revenue": 504090
        },
        "2007-08": {
            "month": "2007-08",
            "price": "115.87",
            "revenue": 533050
        },
        "2007-09": {
            "month": "2007-09",
            "price": "105.38",
            "revenue": 581445
        },
        "2007-10": {
            "month": "2007-10",
            "price": "118.64",
            "revenue": 612499
        },
        "2007-11": {
            "month": "2007-11",
            "price": "119.00",
            "revenue": 603250
        },
        "2007-12": {
            "month": "2007-12",
            "price": "115.81",
            "revenue": 540406
        },
        "2008-01": {
            "month": "2008-01",
            "price": "83.71",
            "revenue": 602387
        },
        "2008-02": {
            "month": "2008-02",
            "price": "75.29",
            "revenue": 511572
        },
        "2008-03": {
            "month": "2008-03",
            "price": "84.63",
            "revenue": 551741
        },
        "2008-04": {
            "month": "2008-04",
            "price": "96.12",
            "revenue": 558164
        },
        "2008-05": {
            "month": "2008-05",
            "price": "105.94",
            "revenue": 551890
        },
        "2008-06": {
            "month": "2008-06",
            "price": "81.59",
            "revenue": 506914
        },
        "2008-07": {
            "month": "2008-07",
            "price": "74.13",
            "revenue": 588238
        },
        "2008-08": {
            "month": "2008-08",
            "price": "80.40",
            "revenue": 631287
        },
        "2008-09": {
            "month": "2008-09",
            "price": "70.00",
            "revenue": 618614
        },
        "2008-10": {
            "month": "2008-10",
            "price": "45.24",
            "revenue": 605703
        },
        "2008-11": {
            "month": "2008-11",
            "price": "32.00",
            "revenue": 422147
        },
        "2008-12": {
            "month": "2008-12",
            "price": "28.96",
            "revenue": 253255
        },
        "2009-01": {
            "month": "2009-01",
            "price": "30.85",
            "revenue": 190518
        },
        "2009-02": {
            "month": "2009-02",
            "price": "33.61",
            "revenue": 340731
        },
        "2009-03": {
            "month": "2009-03",
            "price": "41.76",
            "revenue": 400679
        },
        "2009-04": {
            "month": "2009-04",
            "price": "46.97",
            "revenue": 395913
        },
        "2009-05": {
            "month": "2009-05",
            "price": "53.18",
            "revenue": 420125
        },
        "2009-06": {
            "month": "2009-06",
            "price": "51.03",
            "revenue": 483664
        },
        "2009-07": {
            "month": "2009-07",
            "price": "55.63",
            "revenue": 505374
        },
        "2009-08": {
            "month": "2009-08",
            "price": "57.28",
            "revenue": 502549
        },
        "2009-09": {
            "month": "2009-09",
            "price": "62.29",
            "revenue": 441528
        },
        "2009-10": {
            "month": "2009-10",
            "price": "59.32",
            "revenue": 412045
        },
        "2009-11": {
            "month": "2009-11",
            "price": "58.35",
            "revenue": 434065
        },
        "2009-12": {
            "month": "2009-12",
            "price": "64.07",
            "revenue": 439484
        },
        "2010-01": {
            "month": "2010-01",
            "price": "62.17",
            "revenue": 450672
        },
        "2010-02": {
            "month": "2010-02",
            "price": "55.31",
            "revenue": 400702
        },
        "2010-03": {
            "month": "2010-03",
            "price": "58.55",
            "revenue": 460190
        },
        "2010-04": {
            "month": "2010-04",
            "price": "57.89",
            "revenue": 472170
        },
        "2010-05": {
            "month": "2010-05",
            "price": "52.30",
            "revenue": 480061
        },
        "2010-06": {
            "month": "2010-06",
            "price": "49.07",
            "revenue": 480973
        },
        "2010-07": {
            "month": "2010-07",
            "price": "53.22",
            "revenue": 470481
        },
        "2010-08": {
            "month": "2010-08",
            "price": "52.11",
            "revenue": 441494
        },
        "2010-09": {
            "month": "2010-09",
            "price": "54.16",
            "revenue": 464495
        },
        "2010-10": {
            "month": "2010-10",
            "price": "53.44",
            "revenue": 431324
        },
        "2010-11": {
            "month": "2010-11",
            "price": "51.59",
            "revenue": 422445
        },
        "2010-12": {
            "month": "2010-12",
            "price": "62.92",
            "revenue": 366954
        },
        "2011-01": {
            "month": "2011-01",
            "price": "67.70",
            "revenue": 330783
        },
        "2011-02": {
            "month": "2011-02",
            "price": "56.74",
            "revenue": 266236
        },
        "2011-03": {
            "month": "2011-03",
            "price": "48.44",
            "revenue": 431428
        },
        "2011-04": {
            "month": "2011-04",
            "price": "47.93",
            "revenue": 415106
        },
        "2011-05": {
            "month": "2011-05",
            "price": "48.60",
            "revenue": 415775
        },
        "2011-06": {
            "month": "2011-06",
            "price": "43.70",
            "revenue": 393342
        },
        "2011-07": {
            "month": "2011-07",
            "price": "37.00",
            "revenue": 392722
        },
        "2011-08": {
            "month": "2011-08",
            "price": "32.92",
            "revenue": 404219
        },
        "2011-09": {
            "month": "2011-09",
            "price": "35.60",
            "revenue": 387710
        },
        "2011-10": {
            "month": "2011-10",
            "price": "37.85",
            "revenue": 382983
        },
        "2011-11": {
            "month": "2011-11",
            "price": "35.21",
            "revenue": 392831
        },
        "2011-12": {
            "month": "2011-12",
            "price": "32.46",
            "revenue": 356753
        },
        "2012-01": {
            "month": "2012-01",
            "price": "33.57",
            "revenue": 267303
        },
        "2012-02": {
            "month": "2012-02",
            "price": "41.32",
            "revenue": 333041
        },
        "2012-03": {
            "month": "2012-03",
            "price": "42.93",
            "revenue": 445985
        },
        "2012-04": {
            "month": "2012-04",
            "price": "37.63",
            "revenue": 417497
        },
        "2012-05": {
            "month": "2012-05",
            "price": "38.07",
            "revenue": 420515
        },
        "2012-06": {
            "month": "2012-06",
            "price": "36.20",
            "revenue": 470044
        },
        "2012-07": {
            "month": "2012-07",
            "price": "34.90",
            "revenue": 468761
        },
        "2012-08": {
            "month": "2012-08",
            "price": "38.58",
            "revenue": 498191
        },
        "2012-09": {
            "month": "2012-09",
            "price": "42.99",
            "revenue": 482742
        },
        "2012-10": {
            "month": "2012-10",
            "price": "40.31",
            "revenue": 448434
        },
        "2012-11": {
            "month": "2012-11",
            "price": "36.95",
            "revenue": 480814
        },
        "2012-12": {
            "month": "2012-12",
            "price": "38.10",
            "revenue": 446716
        },
        "2013-01": {
            "month": "2013-01",
            "price": "40.69",
            "revenue": 481202
        },
        "2013-02": {
            "month": "2013-02",
            "price": "42.79",
            "revenue": 360529
        },
        "2013-03": {
            "month": "2013-03",
            "price": "43.12",
            "revenue": 562878
        },
        "2013-04": {
            "month": "2013-04",
            "price": "42.68",
            "revenue": 514822
        },
        "2013-05": {
            "month": "2013-05",
            "price": "41.50",
            "revenue": 470939
        },
        "2013-06": {
            "month": "2013-06",
            "price": "38.97",
            "revenue": 436088
        },
        "2013-07": {
            "month": "2013-07",
            "price": "35.98",
            "revenue": 533193
        },
        "2013-08": {
            "month": "2013-08",
            "price": "37.37",
            "revenue": 559603
        },
        "2013-09": {
            "month": "2013-09",
            "price": "38.91",
            "revenue": 610670
        },
        "2013-10": {
            "month": "2013-10",
            "price": "41.02",
            "revenue": 611181
        },
        "2013-11": {
            "month": "2013-11",
            "price": "46.34",
            "revenue": 587379
        },
        "2013-12": {
            "month": "2013-12",
            "price": "45.19",
            "revenue": 609179
        },
        "2014-01": {
            "month": "2014-01",
            "price": "52.59",
            "revenue": 553150
        },
        "2014-02": {
            "month": "2014-02",
            "price": "53.44",
            "revenue": 416200
        },
        "2014-03": {
            "month": "2014-03",
            "price": "53.72",
            "revenue": 560904
        },
        "2014-04": {
            "month": "2014-04",
            "price": "54.58",
            "revenue": 612759
        },
        "2014-05": {
            "month": "2014-05",
            "price": "59.00",
            "revenue": 610847
        },
        "2014-06": {
            "month": "2014-06",
            "price": "62.12",
            "revenue": 574885
        },
        "2014-07": {
            "month": "2014-07",
            "price": "64.05",
            "revenue": 632679
        },
        "2014-08": {
            "month": "2014-08",
            "price": "63.40",
            "revenue": 689981
        },
        "2014-09": {
            "month": "2014-09",
            "price": "68.57",
            "revenue": 762373
        },
        "2014-10": {
            "month": "2014-10",
            "price": "70.72",
            "revenue": 739879
        },
        "2014-11": {
            "month": "2014-11",
            "price": "71.35",
            "revenue": 700228
        },
        "2014-12": {
            "month": "2014-12",
            "price": "78.45",
            "revenue": 741265
        },
        "2015-01": {
            "month": "2015-01",
            "price": "93.06",
            "revenue": 790106
        },
        "2015-02": {
            "month": "2015-02",
            "price": "103.33",
            "revenue": 528502
        },
        "2015-03": {
            "month": "2015-03",
            "price": "111.16",
            "revenue": 780067
        },
        "2015-04": {
            "month": "2015-04",
            "price": "104.46",
            "revenue": 737812
        },
        "2015-05": {
            "month": "2015-05",
            "price": "100.42",
            "revenue": 641564
        },
        "2015-06": {
            "month": "2015-06",
            "price": "102.03",
            "revenue": 703388
        },
        "2015-07": {
            "month": "2015-07",
            "price": "90.14",
            "revenue": 770813
        },
        "2015-08": {
            "month": "2015-08",
            "price": "78.98",
            "revenue": 811272
        },
        "2015-09": {
            "month": "2015-09",
            "price": "91.64",
            "revenue": 891903
        },
        "2015-10": {
            "month": "2015-10",
            "price": "94.80",
            "revenue": 851738
        },
        "2015-11": {
            "month": "2015-11",
            "price": "92.29",
            "revenue": 860924
        },
        "2015-12": {
            "month": "2015-12",
            "price": "91.24",
            "revenue": 898019
        },
        "2016-01": {
            "month": "2016-01",
            "price": "89.54",
            "revenue": 882133
        },
        "2016-02": {
            "month": "2016-02",
            "price": "95.68",
            "revenue": 551635
        },
        "2016-03": {
            "month": "2016-03",
            "price": "91.79",
            "revenue": 860069
        },
        "2016-04": {
            "month": "2016-04",
            "price": "92.55",
            "revenue": 830363
        },
        "2016-05": {
            "month": "2016-05",
            "price": "94.27",
            "revenue": 791445
        },
        "2016-06": {
            "month": "2016-06",
            "price": "102.27",
            "revenue": 775766
        },
        "2016-07": {
            "month": "2016-07",
            "price": "105.28",
            "revenue": 810932
        },
        "2016-08": {
            "month": "2016-08",
            "price": "102.27",
            "revenue": 981682
        },
        "2016-09": {
            "month": "2016-09",
            "price": "104.13",
            "revenue": 1082464
        },
        "2016-10": {
            "month": "2016-10",
            "price": "109.28",
            "revenue": 981718
        },
        "2016-11": {
            "month": "2016-11",
            "price": "110.41",
            "revenue": 890832
        },
        "2016-12": {
            "month": "2016-12",
            "price": "104.31",
            "revenue": 750708
        },
        "2017-01": {
            "month": "2017-01",
            "price": "95.50",
            "revenue": 600199
        },
        "2017-02": {
            "month": "2017-02",
            "price": "98.18",
            "revenue": 622643
        },
        "2017-03": {
            "month": "2017-03",
            "price": "99.50",
            "revenue": 811458
        },
        "2017-04": {
            "month": "2017-04",
            "price": "92.52",
            "revenue": 750792
        },
        "2017-05": {
            "month": "2017-05",
            "price": "89.50",
            "revenue": 710736
        },
        "2017-06": {
            "month": "2017-06",
            "price": "91.75",
            "revenue": 856789
        },
        "2017-07": {
            "month": "2017-07",
            "price": "92.99",
            "revenue": 881044
        },
        "2017-08": {
            "month": "2017-08",
            "price": "93.06",
            "revenue": 891613
        },
        "2017-09": {
            "month": "2017-09",
            "price": "89.22",
            "revenue": 870484
        },
        "2017-10": {
            "month": "2017-10",
            "price": "86.55",
            "revenue": 781637
        },
        "2017-11": {
            "month": "2017-11",
            "price": "84.17",
            "revenue": 813378
        },
        "2017-12": {
            "month": "2017-12",
            "price": "81.56",
            "revenue": 840289
        },
        "2018-01": {
            "month": "2018-01",
            "price": "87.35",
            "revenue": 781237
        },
        "2018-02": {
            "month": "2018-02",
            "price": "83.62",
            "revenue": 462190
        },
        "2018-03": {
            "month": "2018-03",
            "price": "86.83",
            "revenue": 831297
        },
        "2018-04": {
            "month": "2018-04",
            "price": "88.90",
            "revenue": 860299
        },
        "2018-05": {
            "month": "2018-05",
            "price": "88.36",
            "revenue": 901245
        },
        "2018-06": {
            "month": "2018-06",
            "price": "111.38",
            "revenue": 921107
        },
        "2018-07": {
            "month": "2018-07",
            "price": "106.01",
            "revenue": 922769
        },
        "2018-08": {
            "month": "2018-08",
            "price": "96.28",
            "revenue": 901386
        },
        "2018-09": {
            "month": "2018-09",
            "price": "85.72",
            "revenue": 921845
        },
        "2018-10": {
            "month": "2018-10",
            "price": "78.32",
            "revenue": 940776
        },
        "2018-11": {
            "month": "2018-11",
            "price": "93.90",
            "revenue": 971631
        },
        "2018-12": {
            "month": "2018-12",
            "price": "107.80",
            "revenue": 914723
        },
        "2019-01": {
            "month": "2019-01",
            "price": "107.28",
            "revenue": 920272
        },
        "2019-02": {
            "month": "2019-02",
            "price": "117.54",
            "revenue": 657782
        },
        "2019-03": {
            "month": "2019-03",
            "price": "132.08",
            "revenue": 983539
        },
        "2019-04": {
            "month": "2019-04",
            "price": "137.78",
            "revenue": 1104244
        },
        "2019-05": {
            "month": "2019-05",
            "price": "126.52",
            "revenue": 1200808
        },
        "2019-06": {
            "month": "2019-06",
            "price": "132.66",
            "revenue": 1202679
        },
        "2019-07": {
            "month": "2019-07",
            "price": "139.59",
            "revenue": 1275772
        },
        "2019-08": {
            "month": "2019-08",
            "price": "149.62",
            "revenue": 1335334
        },
        "2019-09": {
            "month": "2019-09",
            "price": "168.24",
            "revenue": 1389372
        },
        "2019-10": {
            "month": "2019-10",
            "price": "179.98",
            "revenue": 1316438
        },
        "2019-11": {
            "month": "2019-11",
            "price": "172.14",
            "revenue": 1215179
        },
        "2019-12": {
            "month": "2019-12",
            "price": "169.55",
            "revenue": 1201319
        },
        "2020-01": {
            "month": "2020-01",
            "price": "165.00",
            "revenue": 1053042
        },
        "2020-02": {
            "month": "2020-02",
            "price": "156.37",
            "revenue": 897852
        },
        "2020-03": {
            "month": "2020-03",
            "price": "130.14",
            "revenue": 1187953
        },
        "2020-04": {
            "month": "2020-04",
            "price": "132.75",
            "revenue": 955769
        },
        "2020-05": {
            "month": "2020-05",
            "price": "146.75",
            "revenue": 763403
        },
        "2020-06": {
            "month": "2020-06",
            "price": "154.48",
            "revenue": 925685
        },
        "2020-07": {
            "month": "2020-07",
            "price": "155.00",
            "revenue": 1258731
        },
        "2020-08": {
            "month": "2020-08",
            "price": "142.12",
            "revenue": 1334015
        },
        "2020-09": {
            "month": "2020-09",
            "price": "138.98",
            "revenue": 1295195
        },
        "2020-10": {
            "month": "2020-10",
            "price": "129.50",
            "revenue": 1322850
        },
        "2020-11": {
            "month": "2020-11",
            "price": "134.21",
            "revenue": 1338741
        },
        "2020-12": {
            "month": "2020-12",
            "price": "149.20",
            "revenue": 1471326
        },
        "2021-01": {
            "month": "2021-01",
            "price": "168.92",
            "revenue": 1418533
        },
        "2021-02": {
            "month": "2021-02",
            "price": "173.38",
            "revenue": 1069329
        },
        "2021-03": {
            "month": "2021-03",
            "price": "219.57",
            "revenue": 1554779
        },
        "2021-04": {
            "month": "2021-04",
            "price": "265.37",
            "revenue": 1765268
        },
        "2021-05": {
            "month": "2021-05",
            "price": "257.55",
            "revenue": 1902983
        },
        "2021-06": {
            "month": "2021-06",
            "price": "286.60",
            "revenue": 1866265
        },
        "2021-07": {
            "month": "2021-07",
            "price": "325.89",
            "revenue": 2226396
        },
        "2021-08": {
            "month": "2021-08",
            "price": "345.30",
            "revenue": 2206743
        },
        "2021-09": {
            "month": "2021-09",
            "price": "263.62",
            "revenue": 2152675
        },
        "2021-10": {
            "month": "2021-10",
            "price": "237.75",
            "revenue": 2132460
        },
        "2021-11": {
            "month": "2021-11",
            "price": "275.61",
            "revenue": 2008761
        },
        "2021-12": {
            "month": "2021-12",
            "price": "311.36",
            "revenue": 1951479
        },
        "2022-01": {
            "month": "2022-01",
            "price": "295.19",
            "revenue": 1884275
        },
        "2022-02": {
            "month": "2022-02",
            "price": "292.70",
            "revenue": 1835273
        },
        "2022-03": {
            "month": "2022-03",
            "price": "297.70",
            "revenue": 1874061
        },
        "2022-04": {
            "month": "2022-04",
            "price": "271.34",
            "revenue": 1743832
        },
        "2022-05": {
            "month": "2022-05",
            "price": "247.33",
            "revenue": 1597462
        },
        "2022-06": {
            "month": "2022-06",
            "price": "231.71",
            "revenue": 1195922
        },
        "2022-07": {
            "month": "2022-07",
            "price": "168.07",
            "revenue": 1341235
        },
        "2022-08": {
            "month": "2022-08",
            "price": "176.22",
            "revenue": 1358220
        },
        "2022-09": {
            "month": "2022-09",
            "price": "171.40",
            "revenue": 1366125
        },
        "2022-10": {
            "month": "2022-10",
            "price": "170.05",
            "revenue": 1402178
        },
        "2022-11": {
            "month": "2022-11",
            "price": "186.23",
            "revenue": 1271109
        },
        "2022-12": {
            "month": "2022-12",
            "price": "180.07",
            "revenue": 1158134
        },
        "2023-01": {
            "month": "2023-01",
            "price": "188.92",
            "revenue": 1043464
        },
        "2023-02": {
            "month": "2023-02",
            "price": "219.22",
            "revenue": 1057548
        },
        "2023-03": {
            "month": "2023-03",
            "price": "232.37",
            "revenue": 1499604
        },
        "2023-04": {
            "month": "2023-04",
            "price": "237.47",
            "revenue": 1532556
        },
        "2023-05": {
            "month": "2023-05",
            "price": "222.86",
            "revenue": 1537374
        },
        "2023-06": {
            "month": "2023-06",
            "price": "234.98",
            "revenue": 1339633
        },
        "2023-07": {
            "month": "2023-07",
            "price": "229.12",
            "revenue": 1378595
        },
        "2023-08": {
            "month": "2023-08",
            "price": "237.98",
            "revenue": 1390834
        },
        "2023-09": {
            "month": "2023-09",
            "price": "282.52",
            "revenue": 1432119
        },
        "2023-10": {
            "month": "2023-10",
            "price": "278.12",
            "revenue": 1521809
        },
        "2023-11": {
            "month": "2023-11",
            "price": "290.16",
            "revenue": 1517627
        },
        "2023-12": {
            "month": "2023-12",
            "price": "284.86",
            "revenue": 1471728
        }
    }
}
