{
    "summary": {
        "stock_name": "尖點",
        "stock_id": "8021",
        "category": "其他電子",
        "main_business": "電子線路板專用微型鑽針及銑刀之產銷<br>電子線路板製程加工<br>電腦數值控制工具機專用切削刀具及加工週邊設備之產銷",
        "website_url": "http://www.topoint.tw/",
        "ceo": "林若萍",
        "pe_ratio": -114,
        "report_year_from": 2002,
        "report_year_to": 2023,
        "age": 22,
        "eps_negative_percentage": 5,
        "eps_growth_avg": {
            "last_all": 0.08,
            "last_2y": -22.21,
            "last_4y": -7.91,
            "last_8y": -6.79,
            "last_12y": -3.69,
            "last_16y": -6.56,
            "last_20y": null,
            "at_2006_last_3y": null,
            "at_2007_last_3y": null,
            "at_2008_last_3y": 14.79,
            "at_2009_last_3y": -10.67,
            "at_2010_last_3y": -15.87,
            "at_2011_last_3y": -16.8,
            "at_2012_last_3y": -6.39,
            "at_2013_last_3y": 3.11,
            "at_2014_last_3y": 3.29,
            "at_2015_last_3y": 4.18,
            "at_2016_last_3y": -0.51,
            "at_2017_last_3y": -1.91,
            "at_2018_last_3y": -5.39,
            "at_2019_last_3y": -11.23,
            "at_2020_last_3y": 9.15,
            "at_2021_last_3y": 24.89,
            "at_2022_last_3y": 15.11,
            "at_2023_last_3y": -4.72,
            "at_2024_last_3y": -4.72,
            "at_2006_last_all": 56.5,
            "at_2007_last_all": 38.59,
            "at_2008_last_all": 14.79,
            "at_2009_last_all": 4.57,
            "at_2010_last_all": 8.25,
            "at_2011_last_all": 6.94,
            "at_2012_last_all": 4.2,
            "at_2013_last_all": 3.92,
            "at_2014_last_all": 6.27,
            "at_2015_last_all": 5.94,
            "at_2016_last_all": 2.63,
            "at_2017_last_all": 2.13,
            "at_2018_last_all": 2.93,
            "at_2019_last_all": 1.36,
            "at_2020_last_all": 4.26,
            "at_2021_last_all": 7.48,
            "at_2022_last_all": 5.64,
            "at_2023_last_all": 0.08,
            "at_2024_last_all": 0.08
        },
        "latest_eps": -0.25,
        "latest_price": 28.4,
        "latest_roe": -0.75,
        "latest_gross_margin": 24.25,
        "latest_equity": 4906360,
        "latest_revenue": 782449,
        "latest_gross_profit": 189773,
        "latest_net_income": 39672,
        "latest_debt_ratio": 27.16,
        "latest_current_ratio": 416.65,
        "latest_account_receivable_turnover_ratio": 0.82,
        "latest_inventory_turnover_ratio": 0.88,
        "latest_reinvestment_rate": 18.75,
        "latest_research_to_sale_ratio": 4.29
    },
    "eps_dividends": {
        "2001": {
            "cash": 0,
            "stock": 0,
            "eps": 0
        },
        "2002": {
            "cash": 0,
            "stock": 0,
            "eps": 0
        },
        "2003": {
            "cash": 0,
            "stock": 0,
            "eps": 0
        },
        "2004": {
            "cash": 0.35,
            "stock": 0.35,
            "eps": 2.38
        },
        "2005": {
            "cash": 0.25,
            "stock": 1.25,
            "eps": 3.94
        },
        "2006": {
            "cash": 1.28,
            "stock": 1.28,
            "eps": 5.81
        },
        "2007": {
            "cash": 2.46,
            "stock": 1.05,
            "eps": 5.97
        },
        "2008": {
            "cash": 2.79,
            "stock": 1.19,
            "eps": 2.59
        },
        "2009": {
            "cash": 0.09,
            "stock": 0.81,
            "eps": 1.65
        },
        "2010": {
            "cash": 0.3,
            "stock": 0.3,
            "eps": 2.09
        },
        "2011": {
            "cash": 1.5499999999999998,
            "stock": 0.55,
            "eps": 2.07
        },
        "2012": {
            "cash": 0,
            "stock": 0,
            "eps": 1.76
        },
        "2013": {
            "cash": 0.71,
            "stock": 0.08,
            "eps": 1.79
        },
        "2014": {
            "cash": 0.8,
            "stock": 0,
            "eps": 2.28
        },
        "2015": {
            "cash": 1.22,
            "stock": 0,
            "eps": 2.34
        },
        "2016": {
            "cash": 1.35,
            "stock": 0,
            "eps": 1.55
        },
        "2017": {
            "cash": 0.91,
            "stock": 0,
            "eps": 1.49
        },
        "2018": {
            "cash": 0.4,
            "stock": 0,
            "eps": 1.69
        },
        "2019": {
            "cash": 1.2,
            "stock": 0,
            "eps": 1.34
        },
        "2020": {
            "cash": 1.2,
            "stock": 0,
            "eps": 1.98
        },
        "2021": {
            "cash": 1.58,
            "stock": 0,
            "eps": 3.15
        },
        "2022": {
            "cash": 2.3,
            "stock": 0,
            "eps": 2.34
        },
        "2023": {
            "cash": 2,
            "stock": 0,
            "eps": -0.26
        },
        "2024": {
            "cash": 0.8,
            "stock": 0,
            "eps": 0
        }
    },
    "dividends": {
        "2004-06-28": {
            "cash": 0.35,
            "stock": 0.35
        },
        "2005-04-11": {
            "cash": 0.25,
            "stock": 1.25
        },
        "2006-05-17": {
            "cash": 1.28,
            "stock": 1.28
        },
        "2007-03-26": {
            "cash": 2.46,
            "stock": 1.05
        },
        "2008-03-07": {
            "cash": 2.79,
            "stock": 1.19
        },
        "2009-03-17": {
            "cash": 0.09,
            "stock": 0.81
        },
        "2010-03-26": {
            "cash": 0.3,
            "stock": 0.3
        },
        "2011-01-01": {
            "cash": 0.72,
            "stock": 0.27
        },
        "2011-03-25": {
            "cash": 0.83,
            "stock": 0.28
        },
        "2013-03-19": {
            "cash": 0.71,
            "stock": 0.08
        },
        "2014-08-28": {
            "cash": 0.8,
            "stock": 0
        },
        "2015-08-25": {
            "cash": 1.22,
            "stock": 0
        },
        "2016-08-30": {
            "cash": 1.35,
            "stock": 0
        },
        "2017-08-31": {
            "cash": 0.91,
            "stock": 0
        },
        "2018-08-24": {
            "cash": 0.4,
            "stock": 0
        },
        "2019-08-23": {
            "cash": 1.2,
            "stock": 0
        },
        "2020-08-17": {
            "cash": 1.2,
            "stock": 0
        },
        "2021-09-02": {
            "cash": 1.58,
            "stock": 0
        },
        "2022-08-23": {
            "cash": 2.3,
            "stock": 0
        },
        "2023-08-30": {
            "cash": 2,
            "stock": 0
        },
        "2024-02-27": {
            "cash": 0.8,
            "stock": 0
        }
    },
    "prices": {
        "200101": "無",
        "200102": "無",
        "200103": "無",
        "200104": "無",
        "200105": "無",
        "200106": "無",
        "200107": "無",
        "200108": "無",
        "200109": "無",
        "200110": "無",
        "200111": "無",
        "200112": "無",
        "200201": "無",
        "200202": "無",
        "200203": "無",
        "200204": "無",
        "200205": "無",
        "200206": "無",
        "200207": "無",
        "200208": "無",
        "200209": "無",
        "200210": "無",
        "200211": "無",
        "200212": "無",
        "200301": "無",
        "200302": "無",
        "200303": "無",
        "200304": "無",
        "200305": "無",
        "200306": "無",
        "200307": "無",
        "200308": "無",
        "200309": "無",
        "200310": "無",
        "200311": "無",
        "200312": "無",
        "200401": "無",
        "200402": "17.54",
        "200403": "20.05",
        "200404": "20.20",
        "200405": "22.40",
        "200406": "21.11",
        "200407": "22.03",
        "200408": "21.78",
        "200409": "21.50",
        "200410": "19.87",
        "200411": "17.39",
        "200412": "18.61",
        "200501": "17.82",
        "200502": "20.71",
        "200503": "22.35",
        "200504": "22.63",
        "200505": "22.51",
        "200506": "22.55",
        "200507": "27.25",
        "200508": "31.01",
        "200509": "30.29",
        "200510": "35.30",
        "200511": "34.49",
        "200512": "53.61",
        "200601": "57.30",
        "200602": "56.45",
        "200603": "53.45",
        "200604": "60.84",
        "200605": "64.87",
        "200606": "55.24",
        "200607": "55.89",
        "200608": "51.40",
        "200609": "55.78",
        "200610": "54.98",
        "200611": "59.53",
        "200612": "69.84",
        "200701": "67.24",
        "200702": "66.92",
        "200703": "78.08",
        "200704": "76.30",
        "200705": "74.72",
        "200706": "83.18",
        "200707": "105.74",
        "200708": "108.38",
        "200709": "107.41",
        "200710": "96.14",
        "200711": "84.93",
        "200712": "75.21",
        "200801": "49.80",
        "200802": "52.29",
        "200803": "58.75",
        "200804": "57.47",
        "200805": "56.52",
        "200806": "48.31",
        "200807": "38.96",
        "200808": "37.36",
        "200809": "30.13",
        "200810": "19.27",
        "200811": "15.59",
        "200812": "15.12",
        "200901": "15.10",
        "200902": "17.06",
        "200903": "20.42",
        "200904": "23.14",
        "200905": "25.43",
        "200906": "27.93",
        "200907": "32.52",
        "200908": "33.03",
        "200909": "33.55",
        "200910": "35.68",
        "200911": "32.15",
        "200912": "34.01",
        "201001": "32.62",
        "201002": "27.66",
        "201003": "30.31",
        "201004": "30.98",
        "201005": "28.46",
        "201006": "27.01",
        "201007": "28.85",
        "201008": "28.67",
        "201009": "26.66",
        "201010": "26.98",
        "201011": "25.67",
        "201012": "30.91",
        "201101": "33.89",
        "201102": "31.44",
        "201103": "29.44",
        "201104": "27.66",
        "201105": "28.87",
        "201106": "30.15",
        "201107": "29.13",
        "201108": "22.27",
        "201109": "23.05",
        "201110": "21.32",
        "201111": "20.18",
        "201112": "18.48",
        "201201": "18.55",
        "201202": "22.09",
        "201203": "22.03",
        "201204": "18.88",
        "201205": "17.69",
        "201206": "16.47",
        "201207": "16.61",
        "201208": "17.18",
        "201209": "18.48",
        "201210": "17.54",
        "201211": "16.53",
        "201212": "17.04",
        "201301": "17.53",
        "201302": "17.44",
        "201303": "17.78",
        "201304": "17.65",
        "201305": "18.40",
        "201306": "18.35",
        "201307": "18.23",
        "201308": "17.97",
        "201309": "18.46",
        "201310": "21.50",
        "201311": "21.29",
        "201312": "20.65",
        "201401": "21.48",
        "201402": "21.40",
        "201403": "23.04",
        "201404": "23.23",
        "201405": "23.01",
        "201406": "26.80",
        "201407": "30.16",
        "201408": "30.61",
        "201409": "32.59",
        "201410": "29.67",
        "201411": "28.87",
        "201412": "28.00",
        "201501": "28.10",
        "201502": "28.09",
        "201503": "30.73",
        "201504": "31.54",
        "201505": "27.42",
        "201506": "24.68",
        "201507": "23.44",
        "201508": "21.74",
        "201509": "24.12",
        "201510": "26.32",
        "201511": "25.50",
        "201512": "23.47",
        "201601": "21.44",
        "201602": "22.10",
        "201603": "23.61",
        "201604": "22.22",
        "201605": "20.34",
        "201606": "20.69",
        "201607": "21.98",
        "201608": "20.77",
        "201609": "20.30",
        "201610": "20.06",
        "201611": "19.26",
        "201612": "19.68",
        "201701": "20.09",
        "201702": "21.28",
        "201703": "24.84",
        "201704": "27.42",
        "201705": "26.02",
        "201706": "24.01",
        "201707": "24.18",
        "201708": "21.81",
        "201709": "21.54",
        "201710": "21.76",
        "201711": "21.61",
        "201712": "21.07",
        "201801": "21.22",
        "201802": "19.77",
        "201803": "20.67",
        "201804": "20.22",
        "201805": "20.47",
        "201806": "21.37",
        "201807": "20.60",
        "201808": "19.73",
        "201809": "19.02",
        "201810": "18.12",
        "201811": "18.04",
        "201812": "18.41",
        "201901": "18.15",
        "201902": "19.42",
        "201903": "20.36",
        "201904": "20.62",
        "201905": "19.25",
        "201906": "19.25",
        "201907": "19.87",
        "201908": "19.35",
        "201909": "20.18",
        "201910": "20.55",
        "201911": "22.61",
        "201912": "22.87",
        "202001": "22.66",
        "202002": "20.63",
        "202003": "17.89",
        "202004": "18.56",
        "202005": "20.24",
        "202006": "21.24",
        "202007": "23.15",
        "202008": "22.68",
        "202009": "22.43",
        "202010": "22.60",
        "202011": "24.64",
        "202012": "27.19",
        "202101": "28.26",
        "202102": "27.68",
        "202103": "32.54",
        "202104": "41.53",
        "202105": "37.96",
        "202106": "39.78",
        "202107": "44.29",
        "202108": "41.44",
        "202109": "41.41",
        "202110": "38.48",
        "202111": "41.89",
        "202112": "41.77",
        "202201": "40.75",
        "202202": "39.16",
        "202203": "36.97",
        "202204": "34.24",
        "202205": "33.71",
        "202206": "32.65",
        "202207": "29.14",
        "202208": "29.02",
        "202209": "27.16",
        "202210": "25.72",
        "202211": "29.27",
        "202212": "29.77",
        "202301": "29.88",
        "202302": "29.43",
        "202303": "29.60",
        "202304": "29.35",
        "202305": "29.60",
        "202306": "31.12",
        "202307": "32.57",
        "202308": "28.37",
        "202309": "27.72",
        "202310": "26.89",
        "202311": "27.02",
        "202312": "28.08"
    },
    "quarters": {
        "20011": {
            "year_quarter": 20011,
            "year": 2001,
            "quarter": 1,
            "eps": null,
            "eps_growth_year": null,
            "eps_4q": null,
            "eps_4q_growth_year": null,
            "roe": null,
            "roe_4q": 0,
            "gross_profit": null,
            "gross_margin": null,
            "gross_margin_4q_avg": 0,
            "net_income": null,
            "net_income_4q": null,
            "revenue": null,
            "revenue_4q": null,
            "common_shares": null,
            "book_valuer_per_share": null,
            "book_valuer_per_share_4q_avg": 0,
            "equity": null,
            "current_ratio": null,
            "debt_ratio": null,
            "inventory_turnover_ratio": null,
            "account_receivable_turnover_ratio": null,
            "reinvestment_rate": null,
            "research_to_sale_ratio": null,
            "price_fair": 0,
            "eps_avg_yearly": 0,
            "eps_latest_yearly": 0,
            "eps_growth_yearly": 0
        },
        "20012": {
            "year_quarter": 20012,
            "year": 2001,
            "quarter": 2,
            "eps": null,
            "eps_growth_year": null,
            "eps_4q": null,
            "eps_4q_growth_year": null,
            "roe": null,
            "roe_4q": 0,
            "gross_profit": null,
            "gross_margin": null,
            "gross_margin_4q_avg": 0,
            "net_income": null,
            "net_income_4q": null,
            "revenue": null,
            "revenue_4q": null,
            "common_shares": null,
            "book_valuer_per_share": null,
            "book_valuer_per_share_4q_avg": 0,
            "equity": null,
            "current_ratio": null,
            "debt_ratio": null,
            "inventory_turnover_ratio": null,
            "account_receivable_turnover_ratio": null,
            "reinvestment_rate": null,
            "research_to_sale_ratio": null,
            "price_fair": 0,
            "eps_avg_yearly": 0,
            "eps_latest_yearly": 0,
            "eps_growth_yearly": 0
        },
        "20013": {
            "year_quarter": 20013,
            "year": 2001,
            "quarter": 3,
            "eps": null,
            "eps_growth_year": null,
            "eps_4q": null,
            "eps_4q_growth_year": null,
            "roe": null,
            "roe_4q": 0,
            "gross_profit": null,
            "gross_margin": null,
            "gross_margin_4q_avg": 0,
            "net_income": null,
            "net_income_4q": null,
            "revenue": null,
            "revenue_4q": null,
            "common_shares": null,
            "book_valuer_per_share": null,
            "book_valuer_per_share_4q_avg": 0,
            "equity": null,
            "current_ratio": null,
            "debt_ratio": null,
            "inventory_turnover_ratio": null,
            "account_receivable_turnover_ratio": null,
            "reinvestment_rate": null,
            "research_to_sale_ratio": null,
            "price_fair": 0,
            "eps_avg_yearly": 0,
            "eps_latest_yearly": 0,
            "eps_growth_yearly": 0
        },
        "20014": {
            "year_quarter": 20014,
            "year": 2001,
            "quarter": 4,
            "eps": null,
            "eps_growth_year": null,
            "eps_4q": null,
            "eps_4q_growth_year": null,
            "roe": null,
            "roe_4q": 0,
            "gross_profit": null,
            "gross_margin": null,
            "gross_margin_4q_avg": 0,
            "net_income": null,
            "net_income_4q": null,
            "revenue": null,
            "revenue_4q": null,
            "common_shares": 390000,
            "book_valuer_per_share": 14.53,
            "book_valuer_per_share_4q_avg": 3.63,
            "equity": 566689,
            "current_ratio": 184.76,
            "debt_ratio": 44.18,
            "inventory_turnover_ratio": null,
            "account_receivable_turnover_ratio": null,
            "reinvestment_rate": null,
            "research_to_sale_ratio": null,
            "price_fair": 0,
            "eps_avg_yearly": 0,
            "eps_latest_yearly": 0,
            "eps_growth_yearly": 0
        },
        "20021": {
            "year_quarter": 20021,
            "year": 2002,
            "quarter": 1,
            "eps": null,
            "eps_growth_year": null,
            "eps_4q": null,
            "eps_4q_growth_year": null,
            "roe": null,
            "roe_4q": 0,
            "gross_profit": null,
            "gross_margin": null,
            "gross_margin_4q_avg": 0,
            "net_income": null,
            "net_income_4q": null,
            "revenue": null,
            "revenue_4q": null,
            "common_shares": null,
            "book_valuer_per_share": null,
            "book_valuer_per_share_4q_avg": 3.63,
            "equity": null,
            "current_ratio": null,
            "debt_ratio": null,
            "inventory_turnover_ratio": null,
            "account_receivable_turnover_ratio": null,
            "reinvestment_rate": null,
            "research_to_sale_ratio": null,
            "price_fair": 0,
            "eps_avg_yearly": 0,
            "eps_latest_yearly": 0,
            "eps_growth_yearly": 0
        },
        "20022": {
            "year_quarter": 20022,
            "year": 2002,
            "quarter": 2,
            "eps": null,
            "eps_growth_year": null,
            "eps_4q": null,
            "eps_4q_growth_year": null,
            "roe": null,
            "roe_4q": 0,
            "gross_profit": null,
            "gross_margin": null,
            "gross_margin_4q_avg": 0,
            "net_income": null,
            "net_income_4q": null,
            "revenue": null,
            "revenue_4q": null,
            "common_shares": null,
            "book_valuer_per_share": null,
            "book_valuer_per_share_4q_avg": 3.63,
            "equity": null,
            "current_ratio": null,
            "debt_ratio": null,
            "inventory_turnover_ratio": null,
            "account_receivable_turnover_ratio": null,
            "reinvestment_rate": null,
            "research_to_sale_ratio": null,
            "price_fair": 0,
            "eps_avg_yearly": 0,
            "eps_latest_yearly": 0,
            "eps_growth_yearly": 0
        },
        "20023": {
            "year_quarter": 20023,
            "year": 2002,
            "quarter": 3,
            "eps": null,
            "eps_growth_year": null,
            "eps_4q": null,
            "eps_4q_growth_year": null,
            "roe": null,
            "roe_4q": 0,
            "gross_profit": null,
            "gross_margin": null,
            "gross_margin_4q_avg": 0,
            "net_income": null,
            "net_income_4q": null,
            "revenue": null,
            "revenue_4q": null,
            "common_shares": null,
            "book_valuer_per_share": null,
            "book_valuer_per_share_4q_avg": 3.63,
            "equity": null,
            "current_ratio": null,
            "debt_ratio": null,
            "inventory_turnover_ratio": null,
            "account_receivable_turnover_ratio": null,
            "reinvestment_rate": null,
            "research_to_sale_ratio": null,
            "price_fair": 0,
            "eps_avg_yearly": 0,
            "eps_latest_yearly": 0,
            "eps_growth_yearly": 0
        },
        "20024": {
            "year_quarter": 20024,
            "year": 2002,
            "quarter": 4,
            "eps": null,
            "eps_growth_year": null,
            "eps_4q": null,
            "eps_4q_growth_year": null,
            "roe": null,
            "roe_4q": 0,
            "gross_profit": null,
            "gross_margin": null,
            "gross_margin_4q_avg": 0,
            "net_income": null,
            "net_income_4q": null,
            "revenue": null,
            "revenue_4q": null,
            "common_shares": 390000,
            "book_valuer_per_share": 13.7,
            "book_valuer_per_share_4q_avg": 3.43,
            "equity": 534305,
            "current_ratio": 196.74,
            "debt_ratio": 41.19,
            "inventory_turnover_ratio": null,
            "account_receivable_turnover_ratio": null,
            "reinvestment_rate": null,
            "research_to_sale_ratio": null,
            "price_fair": 0,
            "eps_avg_yearly": 0,
            "eps_latest_yearly": 0,
            "eps_growth_yearly": 0
        },
        "20031": {
            "year_quarter": 20031,
            "year": 2003,
            "quarter": 1,
            "eps": null,
            "eps_growth_year": null,
            "eps_4q": null,
            "eps_4q_growth_year": null,
            "roe": null,
            "roe_4q": 0,
            "gross_profit": null,
            "gross_margin": null,
            "gross_margin_4q_avg": 0,
            "net_income": null,
            "net_income_4q": null,
            "revenue": null,
            "revenue_4q": null,
            "common_shares": null,
            "book_valuer_per_share": null,
            "book_valuer_per_share_4q_avg": 3.43,
            "equity": null,
            "current_ratio": null,
            "debt_ratio": null,
            "inventory_turnover_ratio": null,
            "account_receivable_turnover_ratio": null,
            "reinvestment_rate": null,
            "research_to_sale_ratio": null,
            "price_fair": 0,
            "eps_avg_yearly": 0,
            "eps_latest_yearly": 0,
            "eps_growth_yearly": 0
        },
        "20032": {
            "year_quarter": 20032,
            "year": 2003,
            "quarter": 2,
            "eps": null,
            "eps_growth_year": null,
            "eps_4q": null,
            "eps_4q_growth_year": null,
            "roe": null,
            "roe_4q": 0,
            "gross_profit": null,
            "gross_margin": null,
            "gross_margin_4q_avg": 0,
            "net_income": null,
            "net_income_4q": null,
            "revenue": null,
            "revenue_4q": null,
            "common_shares": null,
            "book_valuer_per_share": null,
            "book_valuer_per_share_4q_avg": 3.43,
            "equity": null,
            "current_ratio": null,
            "debt_ratio": null,
            "inventory_turnover_ratio": null,
            "account_receivable_turnover_ratio": null,
            "reinvestment_rate": null,
            "research_to_sale_ratio": null,
            "price_fair": 0,
            "eps_avg_yearly": 0,
            "eps_latest_yearly": 0,
            "eps_growth_yearly": 0
        },
        "20033": {
            "year_quarter": 20033,
            "year": 2003,
            "quarter": 3,
            "eps": null,
            "eps_growth_year": null,
            "eps_4q": null,
            "eps_4q_growth_year": null,
            "roe": null,
            "roe_4q": 0,
            "gross_profit": null,
            "gross_margin": null,
            "gross_margin_4q_avg": 0,
            "net_income": null,
            "net_income_4q": null,
            "revenue": null,
            "revenue_4q": null,
            "common_shares": null,
            "book_valuer_per_share": null,
            "book_valuer_per_share_4q_avg": 3.43,
            "equity": null,
            "current_ratio": null,
            "debt_ratio": null,
            "inventory_turnover_ratio": null,
            "account_receivable_turnover_ratio": null,
            "reinvestment_rate": null,
            "research_to_sale_ratio": null,
            "price_fair": 0,
            "eps_avg_yearly": 0,
            "eps_latest_yearly": 0,
            "eps_growth_yearly": 0
        },
        "20034": {
            "year_quarter": 20034,
            "year": 2003,
            "quarter": 4,
            "eps": null,
            "eps_growth_year": null,
            "eps_4q": null,
            "eps_4q_growth_year": null,
            "roe": null,
            "roe_4q": 0,
            "gross_profit": null,
            "gross_margin": null,
            "gross_margin_4q_avg": 0,
            "net_income": null,
            "net_income_4q": null,
            "revenue": null,
            "revenue_4q": null,
            "common_shares": 410000,
            "book_valuer_per_share": 14.38,
            "book_valuer_per_share_4q_avg": 3.6,
            "equity": 589525,
            "current_ratio": 167.47,
            "debt_ratio": 45.89,
            "inventory_turnover_ratio": null,
            "account_receivable_turnover_ratio": null,
            "reinvestment_rate": null,
            "research_to_sale_ratio": null,
            "price_fair": 0,
            "eps_avg_yearly": 0,
            "eps_latest_yearly": 0,
            "eps_growth_yearly": 0
        },
        "20041": {
            "year_quarter": 20041,
            "year": 2004,
            "quarter": 1,
            "eps": 0.54,
            "eps_growth_year": null,
            "eps_4q": null,
            "eps_4q_growth_year": null,
            "roe": 3.66,
            "roe_4q": 3.66,
            "gross_profit": 48067,
            "gross_margin": 33.09,
            "gross_margin_4q_avg": 8.27,
            "net_income": 21963,
            "net_income_4q": null,
            "revenue": 145245,
            "revenue_4q": null,
            "common_shares": 410000,
            "book_valuer_per_share": 14.92,
            "book_valuer_per_share_4q_avg": 7.33,
            "equity": 611752,
            "current_ratio": 171.94,
            "debt_ratio": 42.6,
            "inventory_turnover_ratio": 0.7,
            "account_receivable_turnover_ratio": null,
            "reinvestment_rate": null,
            "research_to_sale_ratio": null,
            "price_fair": 0,
            "eps_avg_yearly": 0,
            "eps_latest_yearly": 0,
            "eps_growth_yearly": 0
        },
        "20042": {
            "year_quarter": 20042,
            "year": 2004,
            "quarter": 2,
            "eps": 0.78,
            "eps_growth_year": null,
            "eps_4q": null,
            "eps_4q_growth_year": null,
            "roe": 5.14,
            "roe_4q": 8.8,
            "gross_profit": 53246,
            "gross_margin": 32.55,
            "gross_margin_4q_avg": 16.41,
            "net_income": 31853,
            "net_income_4q": null,
            "revenue": 163601,
            "revenue_4q": null,
            "common_shares": 410000,
            "book_valuer_per_share": 15.3,
            "book_valuer_per_share_4q_avg": 11.15,
            "equity": 627290,
            "current_ratio": 161.97,
            "debt_ratio": 43.31,
            "inventory_turnover_ratio": 0.89,
            "account_receivable_turnover_ratio": null,
            "reinvestment_rate": null,
            "research_to_sale_ratio": null,
            "price_fair": 109.2,
            "eps_avg_yearly": 3.12,
            "eps_latest_yearly": 3.12,
            "eps_growth_yearly": 177.78
        },
        "20043": {
            "year_quarter": 20043,
            "year": 2004,
            "quarter": 3,
            "eps": 0.83,
            "eps_growth_year": null,
            "eps_4q": null,
            "eps_4q_growth_year": null,
            "roe": 5.53,
            "roe_4q": 14.33,
            "gross_profit": 49553,
            "gross_margin": 31.5,
            "gross_margin_4q_avg": 24.29,
            "net_income": 35320,
            "net_income_4q": null,
            "revenue": 157287,
            "revenue_4q": null,
            "common_shares": 426930,
            "book_valuer_per_share": 15.24,
            "book_valuer_per_share_4q_avg": 14.96,
            "equity": 650724,
            "current_ratio": 155,
            "debt_ratio": 47.18,
            "inventory_turnover_ratio": 0.88,
            "account_receivable_turnover_ratio": null,
            "reinvestment_rate": null,
            "research_to_sale_ratio": null,
            "price_fair": 112.7,
            "eps_avg_yearly": 3.22,
            "eps_latest_yearly": 3.32,
            "eps_growth_yearly": 101.71
        },
        "20044": {
            "year_quarter": 20044,
            "year": 2004,
            "quarter": 4,
            "eps": 0.23,
            "eps_growth_year": null,
            "eps_4q": 2.3,
            "eps_4q_growth_year": null,
            "roe": 1.41,
            "roe_4q": 15.74,
            "gross_profit": 48489,
            "gross_margin": 29.4,
            "gross_margin_4q_avg": 31.64,
            "net_income": 9884,
            "net_income_4q": null,
            "revenue": 164917,
            "revenue_4q": null,
            "common_shares": 483930,
            "book_valuer_per_share": 15.62,
            "book_valuer_per_share_4q_avg": 15.27,
            "equity": 755956,
            "current_ratio": 178.4,
            "debt_ratio": 42.68,
            "inventory_turnover_ratio": 0.83,
            "account_receivable_turnover_ratio": null,
            "reinvestment_rate": null,
            "research_to_sale_ratio": null,
            "price_fair": 7.36,
            "eps_avg_yearly": 2.45,
            "eps_latest_yearly": 0.92,
            "eps_growth_yearly": -28.58
        },
        "20051": {
            "year_quarter": 20051,
            "year": 2005,
            "quarter": 1,
            "eps": 0.63,
            "eps_growth_year": 16.67,
            "eps_4q": 2.23,
            "eps_4q_growth_year": null,
            "roe": 3.94,
            "roe_4q": 16.02,
            "gross_profit": 44726,
            "gross_margin": 29.38,
            "gross_margin_4q_avg": 30.71,
            "net_income": 30373,
            "net_income_4q": null,
            "revenue": 152209,
            "revenue_4q": null,
            "common_shares": 483930,
            "book_valuer_per_share": 16.23,
            "book_valuer_per_share_4q_avg": 15.6,
            "equity": 785315,
            "current_ratio": 165.27,
            "debt_ratio": 39.37,
            "inventory_turnover_ratio": 0.76,
            "account_receivable_turnover_ratio": null,
            "reinvestment_rate": null,
            "research_to_sale_ratio": null,
            "price_fair": 86.45,
            "eps_avg_yearly": 2.47,
            "eps_latest_yearly": 2.52,
            "eps_growth_yearly": 152.48
        },
        "20052": {
            "year_quarter": 20052,
            "year": 2005,
            "quarter": 2,
            "eps": 0.62,
            "eps_growth_year": -20.51,
            "eps_4q": 1.99,
            "eps_4q_growth_year": null,
            "roe": 4.3,
            "roe_4q": 15.18,
            "gross_profit": 47833,
            "gross_margin": 29.35,
            "gross_margin_4q_avg": 29.91,
            "net_income": 34214,
            "net_income_4q": null,
            "revenue": 162990,
            "revenue_4q": null,
            "common_shares": 483930,
            "book_valuer_per_share": 16.66,
            "book_valuer_per_share_4q_avg": 15.94,
            "equity": 806404,
            "current_ratio": 110.02,
            "debt_ratio": 42.9,
            "inventory_turnover_ratio": 0.84,
            "account_receivable_turnover_ratio": null,
            "reinvestment_rate": null,
            "research_to_sale_ratio": null,
            "price_fair": 86.52,
            "eps_avg_yearly": 2.47,
            "eps_latest_yearly": 2.48,
            "eps_growth_yearly": 120.71
        },
        "20053": {
            "year_quarter": 20053,
            "year": 2005,
            "quarter": 3,
            "eps": 1.18,
            "eps_growth_year": 42.17,
            "eps_4q": 2.53,
            "eps_4q_growth_year": null,
            "roe": 7.65,
            "roe_4q": 17.299999999999997,
            "gross_profit": 80568,
            "gross_margin": 36.15,
            "gross_margin_4q_avg": 31.07,
            "net_income": 65052,
            "net_income_4q": null,
            "revenue": 222868,
            "revenue_4q": null,
            "common_shares": 552581,
            "book_valuer_per_share": 16.19,
            "book_valuer_per_share_4q_avg": 16.18,
            "equity": 894555,
            "current_ratio": 94.58,
            "debt_ratio": 43.54,
            "inventory_turnover_ratio": 0.93,
            "account_receivable_turnover_ratio": null,
            "reinvestment_rate": null,
            "research_to_sale_ratio": null,
            "price_fair": 99.63,
            "eps_avg_yearly": 2.85,
            "eps_latest_yearly": 4.72,
            "eps_growth_yearly": 160.81
        },
        "20054": {
            "year_quarter": 20054,
            "year": 2005,
            "quarter": 4,
            "eps": 1.51,
            "eps_growth_year": 556.52,
            "eps_4q": 3.85,
            "eps_4q_growth_year": 67.11,
            "roe": 8.94,
            "roe_4q": 24.830000000000002,
            "gross_profit": 110136,
            "gross_margin": 37.76,
            "gross_margin_4q_avg": 33.16,
            "net_income": 83635,
            "net_income_4q": null,
            "revenue": 291682,
            "revenue_4q": null,
            "common_shares": 552581,
            "book_valuer_per_share": 17.66,
            "book_valuer_per_share_4q_avg": 16.69,
            "equity": 976061,
            "current_ratio": 139.66,
            "debt_ratio": 51.1,
            "inventory_turnover_ratio": 0.94,
            "account_receivable_turnover_ratio": null,
            "reinvestment_rate": null,
            "research_to_sale_ratio": null,
            "price_fair": 115.6,
            "eps_avg_yearly": 3.3,
            "eps_latest_yearly": 6.04,
            "eps_growth_yearly": 153.82
        },
        "20061": {
            "year_quarter": 20061,
            "year": 2006,
            "quarter": 1,
            "eps": 1.52,
            "eps_growth_year": 141.27,
            "eps_4q": 4.83,
            "eps_4q_growth_year": 116.93,
            "roe": 8.13,
            "roe_4q": 29.02,
            "gross_profit": 110428,
            "gross_margin": 40.35,
            "gross_margin_4q_avg": 35.9,
            "net_income": 83893,
            "net_income_4q": null,
            "revenue": 273653,
            "revenue_4q": null,
            "common_shares": 552581,
            "book_valuer_per_share": 19.7,
            "book_valuer_per_share_4q_avg": 17.55,
            "equity": 1088635,
            "current_ratio": 188.56,
            "debt_ratio": 52.78,
            "inventory_turnover_ratio": 0.73,
            "account_receivable_turnover_ratio": null,
            "reinvestment_rate": null,
            "research_to_sale_ratio": null,
            "price_fair": 127.75,
            "eps_avg_yearly": 3.65,
            "eps_latest_yearly": 6.08,
            "eps_growth_yearly": 134.92
        },
        "20062": {
            "year_quarter": 20062,
            "year": 2006,
            "quarter": 2,
            "eps": 1.63,
            "eps_growth_year": 162.9,
            "eps_4q": 5.71,
            "eps_4q_growth_year": 186.96,
            "roe": 7.1,
            "roe_4q": 31.82,
            "gross_profit": 123042,
            "gross_margin": 39.25,
            "gross_margin_4q_avg": 38.38,
            "net_income": 92935,
            "net_income_4q": null,
            "revenue": 313508,
            "revenue_4q": null,
            "common_shares": 652581,
            "book_valuer_per_share": 23.45,
            "book_valuer_per_share_4q_avg": 19.25,
            "equity": 1530088,
            "current_ratio": 177.08,
            "debt_ratio": 47.42,
            "inventory_turnover_ratio": 0.75,
            "account_receivable_turnover_ratio": null,
            "reinvestment_rate": null,
            "research_to_sale_ratio": null,
            "price_fair": 138.91,
            "eps_avg_yearly": 3.97,
            "eps_latest_yearly": 6.52,
            "eps_growth_yearly": 123.15
        },
        "20063": {
            "year_quarter": 20063,
            "year": 2006,
            "quarter": 3,
            "eps": 1.5,
            "eps_growth_year": 27.12,
            "eps_4q": 5.22,
            "eps_4q_growth_year": 106.39,
            "roe": 6.51,
            "roe_4q": 30.68,
            "gross_profit": 128440,
            "gross_margin": 39.36,
            "gross_margin_4q_avg": 39.18,
            "net_income": 104931,
            "net_income_4q": null,
            "revenue": 326350,
            "revenue_4q": null,
            "common_shares": 754287,
            "book_valuer_per_share": 22.46,
            "book_valuer_per_share_4q_avg": 20.82,
            "equity": 1694489,
            "current_ratio": 182.53,
            "debt_ratio": 42.78,
            "inventory_turnover_ratio": 0.67,
            "account_receivable_turnover_ratio": null,
            "reinvestment_rate": null,
            "research_to_sale_ratio": null,
            "price_fair": 146.02,
            "eps_avg_yearly": 4.17,
            "eps_latest_yearly": 6,
            "eps_growth_yearly": 107.64
        },
        "20064": {
            "year_quarter": 20064,
            "year": 2006,
            "quarter": 4,
            "eps": 1.16,
            "eps_growth_year": -23.18,
            "eps_4q": 5.09,
            "eps_4q_growth_year": 32.11,
            "roe": 4.72,
            "roe_4q": 26.46,
            "gross_profit": 127087,
            "gross_margin": 38.73,
            "gross_margin_4q_avg": 39.42,
            "net_income": 83231,
            "net_income_4q": null,
            "revenue": 328169,
            "revenue_4q": null,
            "common_shares": 761161,
            "book_valuer_per_share": 24.04,
            "book_valuer_per_share_4q_avg": 22.41,
            "equity": 1829867,
            "current_ratio": 155.24,
            "debt_ratio": 45.11,
            "inventory_turnover_ratio": 0.49,
            "account_receivable_turnover_ratio": null,
            "reinvestment_rate": null,
            "research_to_sale_ratio": null,
            "price_fair": 147.51,
            "eps_avg_yearly": 4.21,
            "eps_latest_yearly": 4.64,
            "eps_growth_yearly": 89.61
        },
        "20071": {
            "year_quarter": 20071,
            "year": 2007,
            "quarter": 1,
            "eps": 1.44,
            "eps_growth_year": -5.26,
            "eps_4q": 5.01,
            "eps_4q_growth_year": 3.66,
            "roe": 5.91,
            "roe_4q": 24.240000000000002,
            "gross_profit": 126783,
            "gross_margin": 39.76,
            "gross_margin_4q_avg": 39.28,
            "net_income": 113361,
            "net_income_4q": null,
            "revenue": 318842,
            "revenue_4q": null,
            "common_shares": 773882,
            "book_valuer_per_share": 25.97,
            "book_valuer_per_share_4q_avg": 23.98,
            "equity": 2009440,
            "current_ratio": 155.18,
            "debt_ratio": 36.27,
            "inventory_turnover_ratio": 0.43,
            "account_receivable_turnover_ratio": null,
            "reinvestment_rate": null,
            "research_to_sale_ratio": null,
            "price_fair": 152.02,
            "eps_avg_yearly": 4.34,
            "eps_latest_yearly": 5.76,
            "eps_growth_yearly": 90.19
        },
        "20072": {
            "year_quarter": 20072,
            "year": 2007,
            "quarter": 2,
            "eps": 1.5,
            "eps_growth_year": -7.98,
            "eps_4q": 5.28,
            "eps_4q_growth_year": -7.45,
            "roe": 5.74,
            "roe_4q": 22.880000000000003,
            "gross_profit": 147675,
            "gross_margin": 40.5,
            "gross_margin_4q_avg": 39.59,
            "net_income": 119528,
            "net_income_4q": null,
            "revenue": 364606,
            "revenue_4q": null,
            "common_shares": 786050,
            "book_valuer_per_share": 27.43,
            "book_valuer_per_share_4q_avg": 24.98,
            "equity": 2156267,
            "current_ratio": 109.84,
            "debt_ratio": 42.24,
            "inventory_turnover_ratio": 0.55,
            "account_receivable_turnover_ratio": null,
            "reinvestment_rate": null,
            "research_to_sale_ratio": null,
            "price_fair": 156.48,
            "eps_avg_yearly": 4.47,
            "eps_latest_yearly": 6,
            "eps_growth_yearly": 84.54
        },
        "20073": {
            "year_quarter": 20073,
            "year": 2007,
            "quarter": 3,
            "eps": 1.43,
            "eps_growth_year": -4.67,
            "eps_4q": 4.84,
            "eps_4q_growth_year": -7.41,
            "roe": 5.96,
            "roe_4q": 22.33,
            "gross_profit": 160310,
            "gross_margin": 37.83,
            "gross_margin_4q_avg": 39.21,
            "net_income": 132715,
            "net_income_4q": null,
            "revenue": 423752,
            "revenue_4q": null,
            "common_shares": 954692,
            "book_valuer_per_share": 24.02,
            "book_valuer_per_share_4q_avg": 25.37,
            "equity": 2293489,
            "current_ratio": 137.12,
            "debt_ratio": 42.49,
            "inventory_turnover_ratio": 0.68,
            "account_receivable_turnover_ratio": null,
            "reinvestment_rate": null,
            "research_to_sale_ratio": null,
            "price_fair": 159.6,
            "eps_avg_yearly": 4.56,
            "eps_latest_yearly": 5.72,
            "eps_growth_yearly": 77.16
        },
        "20074": {
            "year_quarter": 20074,
            "year": 2007,
            "quarter": 4,
            "eps": 1.6,
            "eps_growth_year": 37.93,
            "eps_4q": 5.52,
            "eps_4q_growth_year": 8.5,
            "roe": 6.27,
            "roe_4q": 23.88,
            "gross_profit": 166067,
            "gross_margin": 37.92,
            "gross_margin_4q_avg": 39,
            "net_income": 149249,
            "net_income_4q": null,
            "revenue": 437889,
            "revenue_4q": null,
            "common_shares": 954692,
            "book_valuer_per_share": 25.83,
            "book_valuer_per_share_4q_avg": 25.81,
            "equity": 2467011,
            "current_ratio": 146.77,
            "debt_ratio": 46.67,
            "inventory_turnover_ratio": 0.65,
            "account_receivable_turnover_ratio": null,
            "reinvestment_rate": 191.39,
            "research_to_sale_ratio": null,
            "price_fair": 163.89,
            "eps_avg_yearly": 4.68,
            "eps_latest_yearly": 6.4,
            "eps_growth_yearly": 75.19
        },
        "20081": {
            "year_quarter": 20081,
            "year": 2008,
            "quarter": 1,
            "eps": 0.81,
            "eps_growth_year": -43.75,
            "eps_4q": 5.03,
            "eps_4q_growth_year": 0.45,
            "roe": 3.09,
            "roe_4q": 21.060000000000002,
            "gross_profit": 176004,
            "gross_margin": 41.13,
            "gross_margin_4q_avg": 39.35,
            "net_income": 77076,
            "net_income_4q": null,
            "revenue": 427884,
            "revenue_4q": null,
            "common_shares": 954692,
            "book_valuer_per_share": 26.37,
            "book_valuer_per_share_4q_avg": 25.91,
            "equity": 2517865,
            "current_ratio": 115.23,
            "debt_ratio": 49.24,
            "inventory_turnover_ratio": 0.49,
            "account_receivable_turnover_ratio": null,
            "reinvestment_rate": 219.45,
            "research_to_sale_ratio": null,
            "price_fair": 160.74,
            "eps_avg_yearly": 4.59,
            "eps_latest_yearly": 3.24,
            "eps_growth_yearly": 58.15
        },
        "20082": {
            "year_quarter": 20082,
            "year": 2008,
            "quarter": 2,
            "eps": 0.81,
            "eps_growth_year": -46,
            "eps_4q": 4.56,
            "eps_4q_growth_year": -13.69,
            "roe": 3.25,
            "roe_4q": 18.57,
            "gross_profit": 194071,
            "gross_margin": 37.79,
            "gross_margin_4q_avg": 38.67,
            "net_income": 77617,
            "net_income_4q": null,
            "revenue": 513516,
            "revenue_4q": null,
            "common_shares": 954692,
            "book_valuer_per_share": 23.58,
            "book_valuer_per_share_4q_avg": 24.95,
            "equity": 2251674,
            "current_ratio": 111.54,
            "debt_ratio": 56.34,
            "inventory_turnover_ratio": 0.49,
            "account_receivable_turnover_ratio": null,
            "reinvestment_rate": 212.97,
            "research_to_sale_ratio": null,
            "price_fair": 161,
            "eps_avg_yearly": 4.6,
            "eps_latest_yearly": 3.24,
            "eps_growth_yearly": 47.04
        },
        "20083": {
            "year_quarter": 20083,
            "year": 2008,
            "quarter": 3,
            "eps": 0.86,
            "eps_growth_year": -39.86,
            "eps_4q": 3.72,
            "eps_4q_growth_year": -23.18,
            "roe": 3.93,
            "roe_4q": 16.54,
            "gross_profit": 212720,
            "gross_margin": 33.83,
            "gross_margin_4q_avg": 37.67,
            "net_income": 91662,
            "net_income_4q": null,
            "revenue": 628721,
            "revenue_4q": null,
            "common_shares": 1068681,
            "book_valuer_per_share": 22.62,
            "book_valuer_per_share_4q_avg": 24.6,
            "equity": 2417937,
            "current_ratio": 135.27,
            "debt_ratio": 56.92,
            "inventory_turnover_ratio": 0.57,
            "account_receivable_turnover_ratio": null,
            "reinvestment_rate": 221.92,
            "research_to_sale_ratio": null,
            "price_fair": 161.26,
            "eps_avg_yearly": 4.61,
            "eps_latest_yearly": 3.44,
            "eps_growth_yearly": 46.98
        },
        "20084": {
            "year_quarter": 20084,
            "year": 2008,
            "quarter": 4,
            "eps": 0.11,
            "eps_growth_year": -93.12,
            "eps_4q": 2.42,
            "eps_4q_growth_year": -56.2,
            "roe": 0.48,
            "roe_4q": 10.75,
            "gross_profit": 90649,
            "gross_margin": 22.03,
            "gross_margin_4q_avg": 33.7,
            "net_income": 11764,
            "net_income_4q": null,
            "revenue": 411456,
            "revenue_4q": null,
            "common_shares": 1070566,
            "book_valuer_per_share": 23.16,
            "book_valuer_per_share_4q_avg": 23.93,
            "equity": 2479648,
            "current_ratio": 142.43,
            "debt_ratio": 54.97,
            "inventory_turnover_ratio": 0.47,
            "account_receivable_turnover_ratio": 1.77,
            "reinvestment_rate": 207.26,
            "research_to_sale_ratio": null,
            "price_fair": 160.21,
            "eps_avg_yearly": 4.58,
            "eps_latest_yearly": 0.44,
            "eps_growth_yearly": 43.25
        },
        "20091": {
            "year_quarter": 20091,
            "year": 2009,
            "quarter": 1,
            "eps": 0.2,
            "eps_growth_year": -75.31,
            "eps_4q": 1.89,
            "eps_4q_growth_year": -62.36,
            "roe": 0.85,
            "roe_4q": 8.51,
            "gross_profit": 66461,
            "gross_margin": 20.8,
            "gross_margin_4q_avg": 28.61,
            "net_income": 21384,
            "net_income_4q": null,
            "revenue": 319504,
            "revenue_4q": null,
            "common_shares": 1070566,
            "book_valuer_per_share": 23.77,
            "book_valuer_per_share_4q_avg": 23.28,
            "equity": 2545796,
            "current_ratio": 145.48,
            "debt_ratio": 51.96,
            "inventory_turnover_ratio": 0.42,
            "account_receivable_turnover_ratio": 0.79,
            "reinvestment_rate": 214.93,
            "research_to_sale_ratio": null,
            "price_fair": 135.1,
            "eps_avg_yearly": 4.47,
            "eps_latest_yearly": 0.8,
            "eps_growth_yearly": 20.22
        },
        "20092": {
            "year_quarter": 20092,
            "year": 2009,
            "quarter": 2,
            "eps": 0.34,
            "eps_growth_year": -58.02,
            "eps_4q": 1.52,
            "eps_4q_growth_year": -66.73,
            "roe": 1.42,
            "roe_4q": 6.68,
            "gross_profit": 131895,
            "gross_margin": 28.65,
            "gross_margin_4q_avg": 26.33,
            "net_income": 36046,
            "net_income_4q": null,
            "revenue": 460356,
            "revenue_4q": null,
            "common_shares": 1070566,
            "book_valuer_per_share": 23.63,
            "book_valuer_per_share_4q_avg": 23.3,
            "equity": 2529318,
            "current_ratio": 153.34,
            "debt_ratio": 48.88,
            "inventory_turnover_ratio": 0.64,
            "account_receivable_turnover_ratio": 1.08,
            "reinvestment_rate": 201.02,
            "research_to_sale_ratio": null,
            "price_fair": 154,
            "eps_avg_yearly": 4.4,
            "eps_latest_yearly": 1.36,
            "eps_growth_yearly": 38.12
        },
        "20093": {
            "year_quarter": 20093,
            "year": 2009,
            "quarter": 3,
            "eps": 0.77,
            "eps_growth_year": -10.47,
            "eps_4q": 1.35,
            "eps_4q_growth_year": -63.65,
            "roe": 3.42,
            "roe_4q": 6.17,
            "gross_profit": 150333,
            "gross_margin": 31.93,
            "gross_margin_4q_avg": 25.85,
            "net_income": 91841,
            "net_income_4q": null,
            "revenue": 470811,
            "revenue_4q": null,
            "common_shares": 1265841,
            "book_valuer_per_share": 22.39,
            "book_valuer_per_share_4q_avg": 23.24,
            "equity": 2834108,
            "current_ratio": 212.27,
            "debt_ratio": 45.23,
            "inventory_turnover_ratio": 0.71,
            "account_receivable_turnover_ratio": 0.88,
            "reinvestment_rate": 184.17,
            "research_to_sale_ratio": null,
            "price_fair": 150.41,
            "eps_avg_yearly": 4.3,
            "eps_latest_yearly": 3.08,
            "eps_growth_yearly": 47.16
        },
        "20094": {
            "year_quarter": 20094,
            "year": 2009,
            "quarter": 4,
            "eps": 0.34,
            "eps_growth_year": 209.09,
            "eps_4q": 1.49,
            "eps_4q_growth_year": -38.28,
            "roe": 1.42,
            "roe_4q": 7.109999999999999,
            "gross_profit": 151092,
            "gross_margin": 32.55,
            "gross_margin_4q_avg": 28.48,
            "net_income": 40730,
            "net_income_4q": null,
            "revenue": 464157,
            "revenue_4q": null,
            "common_shares": 1266718,
            "book_valuer_per_share": 22.76,
            "book_valuer_per_share_4q_avg": 23.14,
            "equity": 2905721,
            "current_ratio": 192.46,
            "debt_ratio": 41.69,
            "inventory_turnover_ratio": 0.73,
            "account_receivable_turnover_ratio": 1.59,
            "reinvestment_rate": 274.95,
            "research_to_sale_ratio": null,
            "price_fair": 140.18,
            "eps_avg_yearly": 4.01,
            "eps_latest_yearly": 1.36,
            "eps_growth_yearly": 26.2
        },
        "20101": {
            "year_quarter": 20101,
            "year": 2010,
            "quarter": 1,
            "eps": 0.52,
            "eps_growth_year": 160,
            "eps_4q": 1.84,
            "eps_4q_growth_year": -2.63,
            "roe": 2.24,
            "roe_4q": 8.5,
            "gross_profit": 141308,
            "gross_margin": 30.67,
            "gross_margin_4q_avg": 30.95,
            "net_income": 66126,
            "net_income_4q": null,
            "revenue": 460677,
            "revenue_4q": null,
            "common_shares": 1275578,
            "book_valuer_per_share": 23.16,
            "book_valuer_per_share_4q_avg": 22.99,
            "equity": 3002211,
            "current_ratio": 207.13,
            "debt_ratio": 40.36,
            "inventory_turnover_ratio": 0.77,
            "account_receivable_turnover_ratio": 0.77,
            "reinvestment_rate": 287.12,
            "research_to_sale_ratio": 1.41,
            "price_fair": 131.43,
            "eps_avg_yearly": 3.76,
            "eps_latest_yearly": 2.08,
            "eps_growth_yearly": 39.27
        },
        "20102": {
            "year_quarter": 20102,
            "year": 2010,
            "quarter": 2,
            "eps": 0.61,
            "eps_growth_year": 79.95,
            "eps_4q": 2.13,
            "eps_4q_growth_year": 40.3,
            "roe": 2.57,
            "roe_4q": 9.65,
            "gross_profit": 194485,
            "gross_margin": 34.34,
            "gross_margin_4q_avg": 32.37,
            "net_income": 79235,
            "net_income_4q": null,
            "revenue": 566310,
            "revenue_4q": null,
            "common_shares": 1276948,
            "book_valuer_per_share": 23.89,
            "book_valuer_per_share_4q_avg": 23.05,
            "equity": 3174976,
            "current_ratio": 239.72,
            "debt_ratio": 40.85,
            "inventory_turnover_ratio": 0.98,
            "account_receivable_turnover_ratio": 0.81,
            "reinvestment_rate": 309.48,
            "research_to_sale_ratio": 1.67,
            "price_fair": 122.5,
            "eps_avg_yearly": 3.5,
            "eps_latest_yearly": 2.44,
            "eps_growth_yearly": 41.79
        },
        "20103": {
            "year_quarter": 20103,
            "year": 2010,
            "quarter": 3,
            "eps": 0.53,
            "eps_growth_year": -31.64,
            "eps_4q": 1.93,
            "eps_4q_growth_year": 43.08,
            "roe": 2.1,
            "roe_4q": 8.33,
            "gross_profit": 204889,
            "gross_margin": 35.81,
            "gross_margin_4q_avg": 33.34,
            "net_income": 67351,
            "net_income_4q": null,
            "revenue": 572143,
            "revenue_4q": null,
            "common_shares": 1315519,
            "book_valuer_per_share": 23.4,
            "book_valuer_per_share_4q_avg": 23.3,
            "equity": 3253750,
            "current_ratio": 162.51,
            "debt_ratio": 41.13,
            "inventory_turnover_ratio": 1,
            "account_receivable_turnover_ratio": 0.71,
            "reinvestment_rate": 325.38,
            "research_to_sale_ratio": 2.72,
            "price_fair": 114.01,
            "eps_avg_yearly": 3.26,
            "eps_latest_yearly": 2.12,
            "eps_growth_yearly": 40.51
        },
        "20104": {
            "year_quarter": 20104,
            "year": 2010,
            "quarter": 4,
            "eps": 0.43,
            "eps_growth_year": 26.9,
            "eps_4q": 2.06,
            "eps_4q_growth_year": 37.77,
            "roe": 1.67,
            "roe_4q": 8.58,
            "gross_profit": 211770,
            "gross_margin": 38.82,
            "gross_margin_4q_avg": 34.91,
            "net_income": 53732,
            "net_income_4q": null,
            "revenue": 545528,
            "revenue_4q": null,
            "common_shares": 1339216,
            "book_valuer_per_share": 22.98,
            "book_valuer_per_share_4q_avg": 23.36,
            "equity": 3193465,
            "current_ratio": 218.83,
            "debt_ratio": 40.67,
            "inventory_turnover_ratio": 0.91,
            "account_receivable_turnover_ratio": 0.66,
            "reinvestment_rate": 269.86,
            "research_to_sale_ratio": 6.87,
            "price_fair": 107.63,
            "eps_avg_yearly": 3.08,
            "eps_latest_yearly": 1.72,
            "eps_growth_yearly": 41.46
        },
        "20111": {
            "year_quarter": 20111,
            "year": 2011,
            "quarter": 1,
            "eps": 0.73,
            "eps_growth_year": 40.38,
            "eps_4q": 2.22,
            "eps_4q_growth_year": 20.29,
            "roe": 3,
            "roe_4q": 9.34,
            "gross_profit": 211494,
            "gross_margin": 38.68,
            "gross_margin_4q_avg": 36.91,
            "net_income": 99827,
            "net_income_4q": null,
            "revenue": 546801,
            "revenue_4q": null,
            "common_shares": 1340603,
            "book_valuer_per_share": 23.74,
            "book_valuer_per_share_4q_avg": 23.5,
            "equity": 3470376,
            "current_ratio": 254.36,
            "debt_ratio": 37.14,
            "inventory_turnover_ratio": 0.86,
            "account_receivable_turnover_ratio": 0.7,
            "reinvestment_rate": 328.53,
            "research_to_sale_ratio": 2.89,
            "price_fair": 101.41,
            "eps_avg_yearly": 2.9,
            "eps_latest_yearly": 2.92,
            "eps_growth_yearly": 52.86
        },
        "20112": {
            "year_quarter": 20112,
            "year": 2011,
            "quarter": 2,
            "eps": 0.39,
            "eps_growth_year": -36.15,
            "eps_4q": 1.94,
            "eps_4q_growth_year": -8.97,
            "roe": 1.55,
            "roe_4q": 8.32,
            "gross_profit": 172055,
            "gross_margin": 32.35,
            "gross_margin_4q_avg": 36.42,
            "net_income": 53961,
            "net_income_4q": null,
            "revenue": 531812,
            "revenue_4q": null,
            "common_shares": 1393699,
            "book_valuer_per_share": 23.01,
            "book_valuer_per_share_4q_avg": 23.28,
            "equity": 3473374,
            "current_ratio": 223.09,
            "debt_ratio": 37.08,
            "inventory_turnover_ratio": 0.85,
            "account_receivable_turnover_ratio": 0.77,
            "reinvestment_rate": 303.7,
            "research_to_sale_ratio": 2.84,
            "price_fair": 91.7,
            "eps_avg_yearly": 2.62,
            "eps_latest_yearly": 1.56,
            "eps_growth_yearly": 40.18
        },
        "20113": {
            "year_quarter": 20113,
            "year": 2011,
            "quarter": 3,
            "eps": 0.54,
            "eps_growth_year": 1.87,
            "eps_4q": 1.95,
            "eps_4q_growth_year": 1.04,
            "roe": 2.19,
            "roe_4q": 8.41,
            "gross_profit": 203537,
            "gross_margin": 34.54,
            "gross_margin_4q_avg": 36.1,
            "net_income": 80154,
            "net_income_4q": null,
            "revenue": 589320,
            "revenue_4q": null,
            "common_shares": 1525685,
            "book_valuer_per_share": 24.1,
            "book_valuer_per_share_4q_avg": 23.46,
            "equity": 3840394,
            "current_ratio": 223.9,
            "debt_ratio": 35.24,
            "inventory_turnover_ratio": 0.89,
            "account_receivable_turnover_ratio": 0.8,
            "reinvestment_rate": 374.12,
            "research_to_sale_ratio": 3.02,
            "price_fair": 83.91,
            "eps_avg_yearly": 2.4,
            "eps_latest_yearly": 2.16,
            "eps_growth_yearly": 50.96
        },
        "20114": {
            "year_quarter": 20114,
            "year": 2011,
            "quarter": 4,
            "eps": 0.41,
            "eps_growth_year": -4.4,
            "eps_4q": 1.99,
            "eps_4q_growth_year": -3.41,
            "roe": 1.58,
            "roe_4q": 8.32,
            "gross_profit": 189052,
            "gross_margin": 33.64,
            "gross_margin_4q_avg": 34.8,
            "net_income": 61215,
            "net_income_4q": null,
            "revenue": 562067,
            "revenue_4q": null,
            "common_shares": 1525685,
            "book_valuer_per_share": 24.55,
            "book_valuer_per_share_4q_avg": 23.85,
            "equity": 3907574,
            "current_ratio": 244.54,
            "debt_ratio": 32.82,
            "inventory_turnover_ratio": 0.84,
            "account_receivable_turnover_ratio": 0.72,
            "reinvestment_rate": 325.18,
            "research_to_sale_ratio": 4.31,
            "price_fair": 73.5,
            "eps_avg_yearly": 2.1,
            "eps_latest_yearly": 1.64,
            "eps_growth_yearly": 41.97
        },
        "20121": {
            "year_quarter": 20121,
            "year": 2012,
            "quarter": 1,
            "eps": 0.3,
            "eps_growth_year": -58.9,
            "eps_4q": 1.63,
            "eps_4q_growth_year": -26.55,
            "roe": 1.09,
            "roe_4q": 6.409999999999999,
            "gross_profit": 130929,
            "gross_margin": 26.31,
            "gross_margin_4q_avg": 31.71,
            "net_income": 42595,
            "net_income_4q": null,
            "revenue": 497715,
            "revenue_4q": null,
            "common_shares": 1525685,
            "book_valuer_per_share": 24.41,
            "book_valuer_per_share_4q_avg": 24.02,
            "equity": 3878606,
            "current_ratio": 292.8,
            "debt_ratio": 31.72,
            "inventory_turnover_ratio": 0.87,
            "account_receivable_turnover_ratio": 0.68,
            "reinvestment_rate": 299.61,
            "research_to_sale_ratio": 3.59,
            "price_fair": 69.04,
            "eps_avg_yearly": 1.97,
            "eps_latest_yearly": 1.2,
            "eps_growth_yearly": 47.61
        },
        "20122": {
            "year_quarter": 20122,
            "year": 2012,
            "quarter": 2,
            "eps": 0.35,
            "eps_growth_year": -10.65,
            "eps_4q": 1.57,
            "eps_4q_growth_year": -19.12,
            "roe": 1.28,
            "roe_4q": 6.140000000000001,
            "gross_profit": 178965,
            "gross_margin": 31.11,
            "gross_margin_4q_avg": 31.4,
            "net_income": 49787,
            "net_income_4q": null,
            "revenue": 575323,
            "revenue_4q": null,
            "common_shares": 1525685,
            "book_valuer_per_share": 24.19,
            "book_valuer_per_share_4q_avg": 24.31,
            "equity": 3870548,
            "current_ratio": 249.7,
            "debt_ratio": 31.65,
            "inventory_turnover_ratio": 1.03,
            "account_receivable_turnover_ratio": 0.75,
            "reinvestment_rate": 316.07,
            "research_to_sale_ratio": 3.44,
            "price_fair": 65.01,
            "eps_avg_yearly": 1.86,
            "eps_latest_yearly": 1.4,
            "eps_growth_yearly": 51.77
        },
        "20123": {
            "year_quarter": 20123,
            "year": 2012,
            "quarter": 3,
            "eps": 0.53,
            "eps_growth_year": -1.88,
            "eps_4q": 1.57,
            "eps_4q_growth_year": -19.49,
            "roe": 2.15,
            "roe_4q": 6.1,
            "gross_profit": 210815,
            "gross_margin": 33.58,
            "gross_margin_4q_avg": 31.16,
            "net_income": 83362,
            "net_income_4q": null,
            "revenue": 627735,
            "revenue_4q": null,
            "common_shares": 1566578,
            "book_valuer_per_share": 23.69,
            "book_valuer_per_share_4q_avg": 24.21,
            "equity": 3890754,
            "current_ratio": 268.72,
            "debt_ratio": 31.96,
            "inventory_turnover_ratio": 1.07,
            "account_receivable_turnover_ratio": 0.73,
            "reinvestment_rate": 283.37,
            "research_to_sale_ratio": 3.33,
            "price_fair": 62.13,
            "eps_avg_yearly": 1.78,
            "eps_latest_yearly": 2.12,
            "eps_growth_yearly": 63.09
        },
        "20124": {
            "year_quarter": 20124,
            "year": 2012,
            "quarter": 4,
            "eps": 0.58,
            "eps_growth_year": 40.36,
            "eps_4q": 1.75,
            "eps_4q_growth_year": -11.92,
            "roe": 2.5,
            "roe_4q": 7.0200000000000005,
            "gross_profit": 227900,
            "gross_margin": 34.26,
            "gross_margin_4q_avg": 31.32,
            "net_income": 98607,
            "net_income_4q": null,
            "revenue": 665112,
            "revenue_4q": null,
            "common_shares": 1566578,
            "book_valuer_per_share": 24.28,
            "book_valuer_per_share_4q_avg": 24.14,
            "equity": 3991312,
            "current_ratio": 275.38,
            "debt_ratio": 31.53,
            "inventory_turnover_ratio": 1.06,
            "account_receivable_turnover_ratio": 0.75,
            "reinvestment_rate": 273.99,
            "research_to_sale_ratio": 3.22,
            "price_fair": 66.24,
            "eps_avg_yearly": 1.89,
            "eps_latest_yearly": 2.32,
            "eps_growth_yearly": 87.25
        },
        "20131": {
            "year_quarter": 20131,
            "year": 2013,
            "quarter": 1,
            "eps": 0.38,
            "eps_growth_year": 26.67,
            "eps_4q": 1.83,
            "eps_4q_growth_year": 12.31,
            "roe": 1.41,
            "roe_4q": 7.340000000000001,
            "gross_profit": 160819,
            "gross_margin": 28.91,
            "gross_margin_4q_avg": 31.97,
            "net_income": 57253,
            "net_income_4q": null,
            "revenue": 556362,
            "revenue_4q": null,
            "common_shares": 1566578,
            "book_valuer_per_share": 25.14,
            "book_valuer_per_share_4q_avg": 24.33,
            "equity": 4125490,
            "current_ratio": 265.79,
            "debt_ratio": 30.02,
            "inventory_turnover_ratio": 0.93,
            "account_receivable_turnover_ratio": 0.66,
            "reinvestment_rate": -5.32,
            "research_to_sale_ratio": 3.46,
            "price_fair": 67.81,
            "eps_avg_yearly": 1.94,
            "eps_latest_yearly": 1.52,
            "eps_growth_yearly": 58.17
        },
        "20132": {
            "year_quarter": 20132,
            "year": 2013,
            "quarter": 2,
            "eps": 0.48,
            "eps_growth_year": 37.51,
            "eps_4q": 1.95,
            "eps_4q_growth_year": 24.11,
            "roe": 1.88,
            "roe_4q": 7.9399999999999995,
            "gross_profit": 205636,
            "gross_margin": 30.72,
            "gross_margin_4q_avg": 31.87,
            "net_income": 77713,
            "net_income_4q": null,
            "revenue": 669411,
            "revenue_4q": null,
            "common_shares": 1566578,
            "book_valuer_per_share": 25.31,
            "book_valuer_per_share_4q_avg": 24.61,
            "equity": 4156815,
            "current_ratio": 235.02,
            "debt_ratio": 32.66,
            "inventory_turnover_ratio": 1.13,
            "account_receivable_turnover_ratio": 0.8,
            "reinvestment_rate": 11.66,
            "research_to_sale_ratio": 2.97,
            "price_fair": 69.04,
            "eps_avg_yearly": 1.97,
            "eps_latest_yearly": 1.92,
            "eps_growth_yearly": 47.25
        },
        "20133": {
            "year_quarter": 20133,
            "year": 2013,
            "quarter": 3,
            "eps": 0.51,
            "eps_growth_year": -3.07,
            "eps_4q": 1.93,
            "eps_4q_growth_year": 22.73,
            "roe": 1.87,
            "roe_4q": 7.66,
            "gross_profit": 194508,
            "gross_margin": 29.43,
            "gross_margin_4q_avg": 30.83,
            "net_income": 78195,
            "net_income_4q": null,
            "revenue": 660967,
            "revenue_4q": null,
            "common_shares": 1578906,
            "book_valuer_per_share": 25.44,
            "book_valuer_per_share_4q_avg": 25.04,
            "equity": 4206624,
            "current_ratio": 302.82,
            "debt_ratio": 31.79,
            "inventory_turnover_ratio": 1.19,
            "account_receivable_turnover_ratio": 0.79,
            "reinvestment_rate": 11.33,
            "research_to_sale_ratio": 3.09,
            "price_fair": 51.88,
            "eps_avg_yearly": 1.91,
            "eps_latest_yearly": 2.04,
            "eps_growth_yearly": 17.2
        },
        "20134": {
            "year_quarter": 20134,
            "year": 2013,
            "quarter": 4,
            "eps": 0.42,
            "eps_growth_year": -27.27,
            "eps_4q": 1.78,
            "eps_4q_growth_year": 1.52,
            "roe": 1.38,
            "roe_4q": 6.54,
            "gross_profit": 176487,
            "gross_margin": 27.23,
            "gross_margin_4q_avg": 29.07,
            "net_income": 58798,
            "net_income_4q": null,
            "revenue": 648232,
            "revenue_4q": null,
            "common_shares": 1578906,
            "book_valuer_per_share": 26.2,
            "book_valuer_per_share_4q_avg": 25.52,
            "equity": 4316900,
            "current_ratio": 315.54,
            "debt_ratio": 30.46,
            "inventory_turnover_ratio": 1.17,
            "account_receivable_turnover_ratio": 0.78,
            "reinvestment_rate": -129.99,
            "research_to_sale_ratio": 3.15,
            "price_fair": 67.46,
            "eps_avg_yearly": 1.93,
            "eps_latest_yearly": 1.68,
            "eps_growth_yearly": 26.75
        },
        "20141": {
            "year_quarter": 20141,
            "year": 2014,
            "quarter": 1,
            "eps": 0.42,
            "eps_growth_year": 10.53,
            "eps_4q": 1.82,
            "eps_4q_growth_year": -0.45,
            "roe": 1.4,
            "roe_4q": 6.53,
            "gross_profit": 174606,
            "gross_margin": 27.03,
            "gross_margin_4q_avg": 28.6,
            "net_income": 61400,
            "net_income_4q": null,
            "revenue": 645951,
            "revenue_4q": null,
            "common_shares": 1578906,
            "book_valuer_per_share": 26.88,
            "book_valuer_per_share_4q_avg": 25.96,
            "equity": 4423800,
            "current_ratio": 320.78,
            "debt_ratio": 29.64,
            "inventory_turnover_ratio": 1.14,
            "account_receivable_turnover_ratio": 0.74,
            "reinvestment_rate": -139.89,
            "research_to_sale_ratio": 3.07,
            "price_fair": 44.73,
            "eps_avg_yearly": 1.9,
            "eps_latest_yearly": 1.68,
            "eps_growth_yearly": 13.51
        },
        "20142": {
            "year_quarter": 20142,
            "year": 2014,
            "quarter": 2,
            "eps": 0.5,
            "eps_growth_year": 4.17,
            "eps_4q": 1.84,
            "eps_4q_growth_year": -5.25,
            "roe": 1.84,
            "roe_4q": 6.49,
            "gross_profit": 229824,
            "gross_margin": 28.85,
            "gross_margin_4q_avg": 28.14,
            "net_income": 80258,
            "net_income_4q": null,
            "revenue": 796611,
            "revenue_4q": null,
            "common_shares": 1579381,
            "book_valuer_per_share": 26.16,
            "book_valuer_per_share_4q_avg": 26.17,
            "equity": 4317575,
            "current_ratio": 227.85,
            "debt_ratio": 34.07,
            "inventory_turnover_ratio": 1.4,
            "account_receivable_turnover_ratio": 0.83,
            "reinvestment_rate": -172.82,
            "research_to_sale_ratio": 2.63,
            "price_fair": 44.9,
            "eps_avg_yearly": 1.88,
            "eps_latest_yearly": 2,
            "eps_growth_yearly": 13.95
        },
        "20143": {
            "year_quarter": 20143,
            "year": 2014,
            "quarter": 3,
            "eps": 0.69,
            "eps_growth_year": 35.29,
            "eps_4q": 2.02,
            "eps_4q_growth_year": 4.58,
            "roe": 2.62,
            "roe_4q": 7.239999999999999,
            "gross_profit": 279444,
            "gross_margin": 30.65,
            "gross_margin_4q_avg": 28.44,
            "net_income": 115329,
            "net_income_4q": null,
            "revenue": 911866,
            "revenue_4q": null,
            "common_shares": 1581666,
            "book_valuer_per_share": 27.21,
            "book_valuer_per_share_4q_avg": 26.61,
            "equity": 4499719,
            "current_ratio": 230.74,
            "debt_ratio": 32.94,
            "inventory_turnover_ratio": 1.53,
            "account_receivable_turnover_ratio": 0.81,
            "reinvestment_rate": -154.99,
            "research_to_sale_ratio": 2.24,
            "price_fair": 67.03,
            "eps_avg_yearly": 1.92,
            "eps_latest_yearly": 2.76,
            "eps_growth_yearly": 26.72
        },
        "20144": {
            "year_quarter": 20144,
            "year": 2014,
            "quarter": 4,
            "eps": 0.67,
            "eps_growth_year": 59.21,
            "eps_4q": 2.27,
            "eps_4q_growth_year": 27.65,
            "roe": 2.5,
            "roe_4q": 8.36,
            "gross_profit": 274488,
            "gross_margin": 31.06,
            "gross_margin_4q_avg": 29.4,
            "net_income": 116010,
            "net_income_4q": null,
            "revenue": 883681,
            "revenue_4q": null,
            "common_shares": 1588006,
            "book_valuer_per_share": 28.88,
            "book_valuer_per_share_4q_avg": 27.28,
            "equity": 4783116,
            "current_ratio": 239.35,
            "debt_ratio": 33.11,
            "inventory_turnover_ratio": 1.36,
            "account_receivable_turnover_ratio": 0.73,
            "reinvestment_rate": -138.52,
            "research_to_sale_ratio": 2.67,
            "price_fair": 69.13,
            "eps_avg_yearly": 1.98,
            "eps_latest_yearly": 2.68,
            "eps_growth_yearly": 30.72
        },
        "20151": {
            "year_quarter": 20151,
            "year": 2015,
            "quarter": 1,
            "eps": 0.47,
            "eps_growth_year": 11.9,
            "eps_4q": 2.31,
            "eps_4q_growth_year": 26.96,
            "roe": 1.54,
            "roe_4q": 8.5,
            "gross_profit": 243416,
            "gross_margin": 30.54,
            "gross_margin_4q_avg": 30.28,
            "net_income": 74048,
            "net_income_4q": null,
            "revenue": 797056,
            "revenue_4q": null,
            "common_shares": 1590466,
            "book_valuer_per_share": 29,
            "book_valuer_per_share_4q_avg": 27.81,
            "equity": 4804674,
            "current_ratio": 264.29,
            "debt_ratio": 31.08,
            "inventory_turnover_ratio": 1.13,
            "account_receivable_turnover_ratio": 0.67,
            "reinvestment_rate": -179.63,
            "research_to_sale_ratio": 3.1,
            "price_fair": 30.2,
            "eps_avg_yearly": 1.91,
            "eps_latest_yearly": 1.88,
            "eps_growth_yearly": 5.81
        },
        "20152": {
            "year_quarter": 20152,
            "year": 2015,
            "quarter": 2,
            "eps": 0.48,
            "eps_growth_year": -4,
            "eps_4q": 2.3,
            "eps_4q_growth_year": 24.7,
            "roe": 1.74,
            "roe_4q": 8.4,
            "gross_profit": 255636,
            "gross_margin": 30.97,
            "gross_margin_4q_avg": 30.81,
            "net_income": 82347,
            "net_income_4q": null,
            "revenue": 825305,
            "revenue_4q": null,
            "common_shares": 1591558,
            "book_valuer_per_share": 28.05,
            "book_valuer_per_share_4q_avg": 28.29,
            "equity": 4668568,
            "current_ratio": 255.6,
            "debt_ratio": 33.07,
            "inventory_turnover_ratio": 1.12,
            "account_receivable_turnover_ratio": 0.71,
            "reinvestment_rate": -183.06,
            "research_to_sale_ratio": 2.67,
            "price_fair": 54.09,
            "eps_avg_yearly": 1.93,
            "eps_latest_yearly": 1.92,
            "eps_growth_yearly": 17.99
        },
        "20153": {
            "year_quarter": 20153,
            "year": 2015,
            "quarter": 3,
            "eps": 0.68,
            "eps_growth_year": -1.45,
            "eps_4q": 2.3,
            "eps_4q_growth_year": 13.97,
            "roe": 2.46,
            "roe_4q": 8.24,
            "gross_profit": 307086,
            "gross_margin": 31.55,
            "gross_margin_4q_avg": 31.03,
            "net_income": 117483,
            "net_income_4q": null,
            "revenue": 973335,
            "revenue_4q": null,
            "common_shares": 1592041,
            "book_valuer_per_share": 29.26,
            "book_valuer_per_share_4q_avg": 28.8,
            "equity": 4870746,
            "current_ratio": 307.46,
            "debt_ratio": 29.96,
            "inventory_turnover_ratio": 1.31,
            "account_receivable_turnover_ratio": 0.82,
            "reinvestment_rate": -236.6,
            "research_to_sale_ratio": 2.72,
            "price_fair": 56.64,
            "eps_avg_yearly": 1.97,
            "eps_latest_yearly": 2.72,
            "eps_growth_yearly": 18.79
        },
        "20154": {
            "year_quarter": 20154,
            "year": 2015,
            "quarter": 4,
            "eps": 0.71,
            "eps_growth_year": 5.71,
            "eps_4q": 2.34,
            "eps_4q_growth_year": 3.03,
            "roe": 2.38,
            "roe_4q": 8.120000000000001,
            "gross_profit": 304869,
            "gross_margin": 33.49,
            "gross_margin_4q_avg": 31.64,
            "net_income": 116332,
            "net_income_4q": null,
            "revenue": 910201,
            "revenue_4q": null,
            "common_shares": 1592041,
            "book_valuer_per_share": 29.4,
            "book_valuer_per_share_4q_avg": 28.93,
            "equity": 4906925,
            "current_ratio": 320.82,
            "debt_ratio": 28.87,
            "inventory_turnover_ratio": 1.17,
            "account_receivable_turnover_ratio": 0.68,
            "reinvestment_rate": -242.35,
            "research_to_sale_ratio": 3.29,
            "price_fair": 71.49,
            "eps_avg_yearly": 2.04,
            "eps_latest_yearly": 2.84,
            "eps_growth_yearly": 25.91
        },
        "20161": {
            "year_quarter": 20161,
            "year": 2016,
            "quarter": 1,
            "eps": 0.31,
            "eps_growth_year": -34.04,
            "eps_4q": 2.18,
            "eps_4q_growth_year": -5.73,
            "roe": 1.05,
            "roe_4q": 7.63,
            "gross_profit": 204667,
            "gross_margin": 28.39,
            "gross_margin_4q_avg": 31.1,
            "net_income": 51765,
            "net_income_4q": null,
            "revenue": 720915,
            "revenue_4q": null,
            "common_shares": 1594783,
            "book_valuer_per_share": 29.36,
            "book_valuer_per_share_4q_avg": 29.02,
            "equity": 4914648,
            "current_ratio": 347.59,
            "debt_ratio": 26.76,
            "inventory_turnover_ratio": 0.92,
            "account_receivable_turnover_ratio": 0.56,
            "reinvestment_rate": -247.25,
            "research_to_sale_ratio": 3.16,
            "price_fair": 58.35,
            "eps_avg_yearly": 2.05,
            "eps_latest_yearly": 1.24,
            "eps_growth_yearly": 18.53
        },
        "20162": {
            "year_quarter": 20162,
            "year": 2016,
            "quarter": 2,
            "eps": 0.32,
            "eps_growth_year": -33.33,
            "eps_4q": 2.04,
            "eps_4q_growth_year": -11.14,
            "roe": 1.06,
            "roe_4q": 6.95,
            "gross_profit": 213267,
            "gross_margin": 28.35,
            "gross_margin_4q_avg": 30.45,
            "net_income": 50818,
            "net_income_4q": null,
            "revenue": 752256,
            "revenue_4q": null,
            "common_shares": 1594783,
            "book_valuer_per_share": 27.84,
            "book_valuer_per_share_4q_avg": 28.97,
            "equity": 4655478,
            "current_ratio": 282.51,
            "debt_ratio": 29.42,
            "inventory_turnover_ratio": 0.94,
            "account_receivable_turnover_ratio": 0.67,
            "reinvestment_rate": -270.64,
            "research_to_sale_ratio": 2.79,
            "price_fair": 51.29,
            "eps_avg_yearly": 2.04,
            "eps_latest_yearly": 1.28,
            "eps_growth_yearly": 15.17
        },
        "20163": {
            "year_quarter": 20163,
            "year": 2016,
            "quarter": 3,
            "eps": 0.45,
            "eps_growth_year": -33.82,
            "eps_4q": 1.81,
            "eps_4q_growth_year": -21.36,
            "roe": 1.67,
            "roe_4q": 6.16,
            "gross_profit": 239029,
            "gross_margin": 27.28,
            "gross_margin_4q_avg": 29.38,
            "net_income": 77083,
            "net_income_4q": null,
            "revenue": 876268,
            "revenue_4q": null,
            "common_shares": 1594783,
            "book_valuer_per_share": 27.57,
            "book_valuer_per_share_4q_avg": 28.54,
            "equity": 4600587,
            "current_ratio": 326.43,
            "debt_ratio": 26.14,
            "inventory_turnover_ratio": 1.2,
            "account_receivable_turnover_ratio": 0.75,
            "reinvestment_rate": -286.03,
            "research_to_sale_ratio": 2.54,
            "price_fair": 45.34,
            "eps_avg_yearly": 2.02,
            "eps_latest_yearly": 1.8,
            "eps_growth_yearly": 12.47
        },
        "20164": {
            "year_quarter": 20164,
            "year": 2016,
            "quarter": 4,
            "eps": 0.47,
            "eps_growth_year": -34.31,
            "eps_4q": 1.56,
            "eps_4q_growth_year": -33.28,
            "roe": 1.75,
            "roe_4q": 5.53,
            "gross_profit": 268318,
            "gross_margin": 28.74,
            "gross_margin_4q_avg": 28.19,
            "net_income": 80791,
            "net_income_4q": null,
            "revenue": 933493,
            "revenue_4q": null,
            "common_shares": 1594783,
            "book_valuer_per_share": 27.76,
            "book_valuer_per_share_4q_avg": 28.13,
            "equity": 4635755,
            "current_ratio": 332.99,
            "debt_ratio": 26.37,
            "inventory_turnover_ratio": 1.34,
            "account_receivable_turnover_ratio": 0.73,
            "reinvestment_rate": -300.51,
            "research_to_sale_ratio": 3.08,
            "price_fair": 42.24,
            "eps_avg_yearly": 1.99,
            "eps_latest_yearly": 1.88,
            "eps_growth_yearly": 11.22
        },
        "20171": {
            "year_quarter": 20171,
            "year": 2017,
            "quarter": 1,
            "eps": 0.39,
            "eps_growth_year": 25.81,
            "eps_4q": 1.64,
            "eps_4q_growth_year": -24.94,
            "roe": 1.46,
            "roe_4q": 5.9399999999999995,
            "gross_profit": 233290,
            "gross_margin": 29.48,
            "gross_margin_4q_avg": 28.46,
            "net_income": 66773,
            "net_income_4q": null,
            "revenue": 791290,
            "revenue_4q": null,
            "common_shares": 1594783,
            "book_valuer_per_share": 26.92,
            "book_valuer_per_share_4q_avg": 27.52,
            "equity": 4507878,
            "current_ratio": 377.92,
            "debt_ratio": 24.92,
            "inventory_turnover_ratio": 1.14,
            "account_receivable_turnover_ratio": 0.64,
            "reinvestment_rate": -84.17,
            "research_to_sale_ratio": 2.73,
            "price_fair": 50.99,
            "eps_avg_yearly": 1.99,
            "eps_latest_yearly": 1.56,
            "eps_growth_yearly": 15.59
        },
        "20172": {
            "year_quarter": 20172,
            "year": 2017,
            "quarter": 2,
            "eps": 0.32,
            "eps_growth_year": 0,
            "eps_4q": 1.63,
            "eps_4q_growth_year": -19.95,
            "roe": 0.97,
            "roe_4q": 5.85,
            "gross_profit": 187232,
            "gross_margin": 25.11,
            "gross_margin_4q_avg": 27.65,
            "net_income": 43832,
            "net_income_4q": null,
            "revenue": 745758,
            "revenue_4q": null,
            "common_shares": 1594783,
            "book_valuer_per_share": 26.81,
            "book_valuer_per_share_4q_avg": 27.27,
            "equity": 4484049,
            "current_ratio": 317.97,
            "debt_ratio": 27.27,
            "inventory_turnover_ratio": 1.12,
            "account_receivable_turnover_ratio": 0.65,
            "reinvestment_rate": -88.28,
            "research_to_sale_ratio": 2.81,
            "price_fair": 28.36,
            "eps_avg_yearly": 1.95,
            "eps_latest_yearly": 1.28,
            "eps_growth_yearly": 4.52
        },
        "20173": {
            "year_quarter": 20173,
            "year": 2017,
            "quarter": 3,
            "eps": 0.38,
            "eps_growth_year": -15.56,
            "eps_4q": 1.57,
            "eps_4q_growth_year": -13.37,
            "roe": 1.32,
            "roe_4q": 5.5,
            "gross_profit": 223430,
            "gross_margin": 25.21,
            "gross_margin_4q_avg": 27.14,
            "net_income": 59987,
            "net_income_4q": null,
            "revenue": 886276,
            "revenue_4q": null,
            "common_shares": 1594783,
            "book_valuer_per_share": 27.53,
            "book_valuer_per_share_4q_avg": 27.26,
            "equity": 4599041,
            "current_ratio": 361.91,
            "debt_ratio": 27.06,
            "inventory_turnover_ratio": 1.31,
            "account_receivable_turnover_ratio": 0.72,
            "reinvestment_rate": -92.37,
            "research_to_sale_ratio": 2.57,
            "price_fair": 33.89,
            "eps_avg_yearly": 1.92,
            "eps_latest_yearly": 1.52,
            "eps_growth_yearly": 7.65
        },
        "20174": {
            "year_quarter": 20174,
            "year": 2017,
            "quarter": 4,
            "eps": 0.4,
            "eps_growth_year": -14.97,
            "eps_4q": 1.5,
            "eps_4q_growth_year": -3.95,
            "roe": 1.36,
            "roe_4q": 5.11,
            "gross_profit": 244483,
            "gross_margin": 28.43,
            "gross_margin_4q_avg": 27.06,
            "net_income": 62847,
            "net_income_4q": null,
            "revenue": 859839,
            "revenue_4q": null,
            "common_shares": 1594783,
            "book_valuer_per_share": 27.9,
            "book_valuer_per_share_4q_avg": 27.29,
            "equity": 4658499,
            "current_ratio": 383.24,
            "debt_ratio": 25.93,
            "inventory_turnover_ratio": 1.25,
            "account_receivable_turnover_ratio": 0.65,
            "reinvestment_rate": -92.77,
            "research_to_sale_ratio": 3.56,
            "price_fair": 44.77,
            "eps_avg_yearly": 1.92,
            "eps_latest_yearly": 1.6,
            "eps_growth_yearly": 13.38
        },
        "20181": {
            "year_quarter": 20181,
            "year": 2018,
            "quarter": 1,
            "eps": 0.39,
            "eps_growth_year": 0,
            "eps_4q": 1.49,
            "eps_4q_growth_year": -8.96,
            "roe": 1.23,
            "roe_4q": 4.88,
            "gross_profit": 210995,
            "gross_margin": 27.03,
            "gross_margin_4q_avg": 26.45,
            "net_income": 57840,
            "net_income_4q": null,
            "revenue": 780538,
            "revenue_4q": null,
            "common_shares": 1594783,
            "book_valuer_per_share": 28.68,
            "book_valuer_per_share_4q_avg": 27.73,
            "equity": 4780775,
            "current_ratio": 431.57,
            "debt_ratio": 24.23,
            "inventory_turnover_ratio": 1.18,
            "account_receivable_turnover_ratio": 0.6,
            "reinvestment_rate": -90.26,
            "research_to_sale_ratio": 3.34,
            "price_fair": 43.4,
            "eps_avg_yearly": 1.91,
            "eps_latest_yearly": 1.56,
            "eps_growth_yearly": 12.75
        },
        "20182": {
            "year_quarter": 20182,
            "year": 2018,
            "quarter": 2,
            "eps": 0.29,
            "eps_growth_year": -9.38,
            "eps_4q": 1.45,
            "eps_4q_growth_year": -11.08,
            "roe": 1.02,
            "roe_4q": 4.930000000000001,
            "gross_profit": 205808,
            "gross_margin": 26.2,
            "gross_margin_4q_avg": 26.72,
            "net_income": 48733,
            "net_income_4q": null,
            "revenue": 785640,
            "revenue_4q": null,
            "common_shares": 1594783,
            "book_valuer_per_share": 28.4,
            "book_valuer_per_share_4q_avg": 28.13,
            "equity": 4739356,
            "current_ratio": 365.98,
            "debt_ratio": 26.61,
            "inventory_turnover_ratio": 1.17,
            "account_receivable_turnover_ratio": 0.64,
            "reinvestment_rate": -100.33,
            "research_to_sale_ratio": 3.83,
            "price_fair": 21.48,
            "eps_avg_yearly": 1.86,
            "eps_latest_yearly": 1.16,
            "eps_growth_yearly": 1.58
        },
        "20183": {
            "year_quarter": 20183,
            "year": 2018,
            "quarter": 3,
            "eps": 0.52,
            "eps_growth_year": 36.84,
            "eps_4q": 1.74,
            "eps_4q_growth_year": 10.82,
            "roe": 1.64,
            "roe_4q": 5.25,
            "gross_profit": 246212,
            "gross_margin": 28.52,
            "gross_margin_4q_avg": 27.55,
            "net_income": 75732,
            "net_income_4q": null,
            "revenue": 863425,
            "revenue_4q": null,
            "common_shares": 1435305,
            "book_valuer_per_share": 30.02,
            "book_valuer_per_share_4q_avg": 28.75,
            "equity": 4514366,
            "current_ratio": 311.04,
            "debt_ratio": 30.29,
            "inventory_turnover_ratio": 1.21,
            "account_receivable_turnover_ratio": 0.67,
            "reinvestment_rate": -129.31,
            "research_to_sale_ratio": 3.57,
            "price_fair": 39.71,
            "eps_avg_yearly": 1.81,
            "eps_latest_yearly": 2.08,
            "eps_growth_yearly": 11.91
        },
        "20184": {
            "year_quarter": 20184,
            "year": 2018,
            "quarter": 4,
            "eps": 0.49,
            "eps_growth_year": 23.75,
            "eps_4q": 1.78,
            "eps_4q_growth_year": 19.21,
            "roe": 1.58,
            "roe_4q": 5.470000000000001,
            "gross_profit": 246830,
            "gross_margin": 28.94,
            "gross_margin_4q_avg": 27.67,
            "net_income": 72371,
            "net_income_4q": null,
            "revenue": 852841,
            "revenue_4q": null,
            "common_shares": 1435305,
            "book_valuer_per_share": 30.73,
            "book_valuer_per_share_4q_avg": 29.46,
            "equity": 4623627,
            "current_ratio": 365.14,
            "debt_ratio": 27.16,
            "inventory_turnover_ratio": 1.16,
            "account_receivable_turnover_ratio": 0.62,
            "reinvestment_rate": -132.07,
            "research_to_sale_ratio": 3.5,
            "price_fair": 37.45,
            "eps_avg_yearly": 1.77,
            "eps_latest_yearly": 1.96,
            "eps_growth_yearly": 11.19
        },
        "20191": {
            "year_quarter": 20191,
            "year": 2019,
            "quarter": 1,
            "eps": 0.22,
            "eps_growth_year": -43.59,
            "eps_4q": 1.57,
            "eps_4q_growth_year": 5.48,
            "roe": 0.67,
            "roe_4q": 4.91,
            "gross_profit": 153174,
            "gross_margin": 23.38,
            "gross_margin_4q_avg": 26.76,
            "net_income": 31187,
            "net_income_4q": null,
            "revenue": 655201,
            "revenue_4q": null,
            "common_shares": 1435305,
            "book_valuer_per_share": 31.59,
            "book_valuer_per_share_4q_avg": 30.19,
            "equity": 4748334,
            "current_ratio": 411.91,
            "debt_ratio": 25.19,
            "inventory_turnover_ratio": 0.95,
            "account_receivable_turnover_ratio": 0.51,
            "reinvestment_rate": -120.64,
            "research_to_sale_ratio": 3.51,
            "price_fair": 25.36,
            "eps_avg_yearly": 1.71,
            "eps_latest_yearly": 0.88,
            "eps_growth_yearly": 4.88
        },
        "20192": {
            "year_quarter": 20192,
            "year": 2019,
            "quarter": 2,
            "eps": 0.4,
            "eps_growth_year": 37.93,
            "eps_4q": 1.65,
            "eps_4q_growth_year": 13.55,
            "roe": 1.36,
            "roe_4q": 5.25,
            "gross_profit": 202302,
            "gross_margin": 26.35,
            "gross_margin_4q_avg": 26.8,
            "net_income": 63697,
            "net_income_4q": null,
            "revenue": 767861,
            "revenue_4q": null,
            "common_shares": 1421805,
            "book_valuer_per_share": 30.44,
            "book_valuer_per_share_4q_avg": 30.7,
            "equity": 4590680,
            "current_ratio": 379.08,
            "debt_ratio": 26.97,
            "inventory_turnover_ratio": 1.11,
            "account_receivable_turnover_ratio": 0.65,
            "reinvestment_rate": -114.43,
            "research_to_sale_ratio": 3.44,
            "price_fair": 58.64,
            "eps_avg_yearly": 1.69,
            "eps_latest_yearly": 1.6,
            "eps_growth_yearly": 24.8
        },
        "20193": {
            "year_quarter": 20193,
            "year": 2019,
            "quarter": 3,
            "eps": 0.49,
            "eps_growth_year": -5.77,
            "eps_4q": 1.6,
            "eps_4q_growth_year": -7.97,
            "roe": 1.78,
            "roe_4q": 5.390000000000001,
            "gross_profit": 254670,
            "gross_margin": 32.73,
            "gross_margin_4q_avg": 27.85,
            "net_income": 81375,
            "net_income_4q": null,
            "revenue": 777985,
            "revenue_4q": null,
            "common_shares": 1421805,
            "book_valuer_per_share": 30.28,
            "book_valuer_per_share_4q_avg": 30.76,
            "equity": 4560637,
            "current_ratio": 436.89,
            "debt_ratio": 24.55,
            "inventory_turnover_ratio": 1.1,
            "account_receivable_turnover_ratio": 0.65,
            "reinvestment_rate": -121.34,
            "research_to_sale_ratio": 4.08,
            "price_fair": 49.14,
            "eps_avg_yearly": 1.64,
            "eps_latest_yearly": 1.96,
            "eps_growth_yearly": 20.01
        },
        "20194": {
            "year_quarter": 20194,
            "year": 2019,
            "quarter": 4,
            "eps": 0.23,
            "eps_growth_year": -52.92,
            "eps_4q": 1.34,
            "eps_4q_growth_year": -24.98,
            "roe": 0.59,
            "roe_4q": 4.4,
            "gross_profit": 249049,
            "gross_margin": 30.93,
            "gross_margin_4q_avg": 28.35,
            "net_income": 26748,
            "net_income_4q": null,
            "revenue": 805206,
            "revenue_4q": null,
            "common_shares": 1421805,
            "book_valuer_per_share": 30.08,
            "book_valuer_per_share_4q_avg": 30.6,
            "equity": 4525740,
            "current_ratio": 452.97,
            "debt_ratio": 24.52,
            "inventory_turnover_ratio": 1.22,
            "account_receivable_turnover_ratio": 0.68,
            "reinvestment_rate": -133,
            "research_to_sale_ratio": 3.73,
            "price_fair": 23.73,
            "eps_avg_yearly": 1.52,
            "eps_latest_yearly": 0.92,
            "eps_growth_yearly": 5.64
        },
        "20201": {
            "year_quarter": 20201,
            "year": 2020,
            "quarter": 1,
            "eps": 0.15,
            "eps_growth_year": -31.82,
            "eps_4q": 1.27,
            "eps_4q_growth_year": -19.09,
            "roe": 0.5,
            "roe_4q": 4.23,
            "gross_profit": 149783,
            "gross_margin": 25.05,
            "gross_margin_4q_avg": 28.77,
            "net_income": 22621,
            "net_income_4q": null,
            "revenue": 597851,
            "revenue_4q": null,
            "common_shares": 1421805,
            "book_valuer_per_share": 29.91,
            "book_valuer_per_share_4q_avg": 30.18,
            "equity": 4502833,
            "current_ratio": 502.9,
            "debt_ratio": 22.54,
            "inventory_turnover_ratio": 1.03,
            "account_receivable_turnover_ratio": 0.57,
            "reinvestment_rate": -126.36,
            "research_to_sale_ratio": 3.9,
            "price_fair": 31.07,
            "eps_avg_yearly": 1.48,
            "eps_latest_yearly": 0.6,
            "eps_growth_yearly": 11.03
        },
        "20202": {
            "year_quarter": 20202,
            "year": 2020,
            "quarter": 2,
            "eps": 0.44,
            "eps_growth_year": 10,
            "eps_4q": 1.31,
            "eps_4q_growth_year": -20.53,
            "roe": 1.48,
            "roe_4q": 4.35,
            "gross_profit": 223073,
            "gross_margin": 30.35,
            "gross_margin_4q_avg": 29.77,
            "net_income": 65502,
            "net_income_4q": null,
            "revenue": 734950,
            "revenue_4q": null,
            "common_shares": 1421805,
            "book_valuer_per_share": 28.78,
            "book_valuer_per_share_4q_avg": 29.76,
            "equity": 4344071,
            "current_ratio": 373.47,
            "debt_ratio": 27.17,
            "inventory_turnover_ratio": 1.19,
            "account_receivable_turnover_ratio": 0.74,
            "reinvestment_rate": -113,
            "research_to_sale_ratio": 3.49,
            "price_fair": 52.76,
            "eps_avg_yearly": 1.51,
            "eps_latest_yearly": 1.76,
            "eps_growth_yearly": 58.55
        },
        "20203": {
            "year_quarter": 20203,
            "year": 2020,
            "quarter": 3,
            "eps": 0.66,
            "eps_growth_year": 34.69,
            "eps_4q": 1.48,
            "eps_4q_growth_year": -7.27,
            "roe": 2.29,
            "roe_4q": 4.859999999999999,
            "gross_profit": 281771,
            "gross_margin": 35.23,
            "gross_margin_4q_avg": 30.39,
            "net_income": 101731,
            "net_income_4q": null,
            "revenue": 799821,
            "revenue_4q": null,
            "common_shares": 1421805,
            "book_valuer_per_share": 29.98,
            "book_valuer_per_share_4q_avg": 29.69,
            "equity": 4521833,
            "current_ratio": 425.13,
            "debt_ratio": 24.97,
            "inventory_turnover_ratio": 1.19,
            "account_receivable_turnover_ratio": 0.75,
            "reinvestment_rate": -104.4,
            "research_to_sale_ratio": 3.62,
            "price_fair": 54.6,
            "eps_avg_yearly": 1.56,
            "eps_latest_yearly": 2.64,
            "eps_growth_yearly": 60.9
        },
        "20204": {
            "year_quarter": 20204,
            "year": 2020,
            "quarter": 4,
            "eps": 0.73,
            "eps_growth_year": 217.67,
            "eps_4q": 1.98,
            "eps_4q_growth_year": 48.2,
            "roe": 2.46,
            "roe_4q": 6.73,
            "gross_profit": 315526,
            "gross_margin": 37.53,
            "gross_margin_4q_avg": 32.04,
            "net_income": 114403,
            "net_income_4q": null,
            "revenue": 840804,
            "revenue_4q": null,
            "common_shares": 1421805,
            "book_valuer_per_share": 31.26,
            "book_valuer_per_share_4q_avg": 29.98,
            "equity": 4776095,
            "current_ratio": 455.53,
            "debt_ratio": 24.77,
            "inventory_turnover_ratio": 1.13,
            "account_receivable_turnover_ratio": 0.77,
            "reinvestment_rate": -110.05,
            "research_to_sale_ratio": 4.03,
            "price_fair": 56.88,
            "eps_avg_yearly": 1.63,
            "eps_latest_yearly": 2.92,
            "eps_growth_yearly": 62.44
        },
        "20211": {
            "year_quarter": 20211,
            "year": 2021,
            "quarter": 1,
            "eps": 0.65,
            "eps_growth_year": 333.33,
            "eps_4q": 2.48,
            "eps_4q_growth_year": 95.34,
            "roe": 2.06,
            "roe_4q": 8.29,
            "gross_profit": 252652,
            "gross_margin": 32.41,
            "gross_margin_4q_avg": 33.88,
            "net_income": 101474,
            "net_income_4q": null,
            "revenue": 779663,
            "revenue_4q": null,
            "common_shares": 1421805,
            "book_valuer_per_share": 31.79,
            "book_valuer_per_share_4q_avg": 30.45,
            "equity": 5059347,
            "current_ratio": 458.43,
            "debt_ratio": 27.76,
            "inventory_turnover_ratio": 0.96,
            "account_receivable_turnover_ratio": 0.66,
            "reinvestment_rate": -82.07,
            "research_to_sale_ratio": 3.11,
            "price_fair": 59.15,
            "eps_avg_yearly": 1.69,
            "eps_latest_yearly": 2.6,
            "eps_growth_yearly": 63.95
        },
        "20212": {
            "year_quarter": 20212,
            "year": 2021,
            "quarter": 2,
            "eps": 0.84,
            "eps_growth_year": 90.91,
            "eps_4q": 2.88,
            "eps_4q_growth_year": 119.68,
            "roe": 2.51,
            "roe_4q": 9.32,
            "gross_profit": 315327,
            "gross_margin": 33.77,
            "gross_margin_4q_avg": 34.74,
            "net_income": 127986,
            "net_income_4q": null,
            "revenue": 933688,
            "revenue_4q": null,
            "common_shares": 1421805,
            "book_valuer_per_share": 32.41,
            "book_valuer_per_share_4q_avg": 31.36,
            "equity": 5135290,
            "current_ratio": 404.86,
            "debt_ratio": 29.36,
            "inventory_turnover_ratio": 0.99,
            "account_receivable_turnover_ratio": 0.74,
            "reinvestment_rate": -71.48,
            "research_to_sale_ratio": 3.47,
            "price_fair": 63.7,
            "eps_avg_yearly": 1.82,
            "eps_latest_yearly": 3.36,
            "eps_growth_yearly": 75.75
        },
        "20213": {
            "year_quarter": 20213,
            "year": 2021,
            "quarter": 3,
            "eps": 0.93,
            "eps_growth_year": 40.91,
            "eps_4q": 3.15,
            "eps_4q_growth_year": 112.47,
            "roe": 2.87,
            "roe_4q": 9.899999999999999,
            "gross_profit": 342558,
            "gross_margin": 32.55,
            "gross_margin_4q_avg": 34.07,
            "net_income": 146118,
            "net_income_4q": null,
            "revenue": 1052463,
            "revenue_4q": null,
            "common_shares": 1421805,
            "book_valuer_per_share": 31.62,
            "book_valuer_per_share_4q_avg": 31.77,
            "equity": 5049008,
            "current_ratio": 388.48,
            "debt_ratio": 30.26,
            "inventory_turnover_ratio": 1.11,
            "account_receivable_turnover_ratio": 0.79,
            "reinvestment_rate": -55.52,
            "research_to_sale_ratio": 2.73,
            "price_fair": 68.51,
            "eps_avg_yearly": 1.96,
            "eps_latest_yearly": 3.72,
            "eps_growth_yearly": 73.74
        },
        "20214": {
            "year_quarter": 20214,
            "year": 2021,
            "quarter": 4,
            "eps": 0.73,
            "eps_growth_year": -0.94,
            "eps_4q": 3.14,
            "eps_4q_growth_year": 58.35,
            "roe": 2.25,
            "roe_4q": 9.69,
            "gross_profit": 323521,
            "gross_margin": 32.1,
            "gross_margin_4q_avg": 32.71,
            "net_income": 115616,
            "net_income_4q": null,
            "revenue": 1007932,
            "revenue_4q": null,
            "common_shares": 1421805,
            "book_valuer_per_share": 32.68,
            "book_valuer_per_share_4q_avg": 32.13,
            "equity": 5223025,
            "current_ratio": 387.39,
            "debt_ratio": 30.69,
            "inventory_turnover_ratio": 1.02,
            "account_receivable_turnover_ratio": 0.73,
            "reinvestment_rate": -41.29,
            "research_to_sale_ratio": 3.56,
            "price_fair": 71.4,
            "eps_avg_yearly": 2.04,
            "eps_latest_yearly": 2.92,
            "eps_growth_yearly": 67.05
        },
        "20221": {
            "year_quarter": 20221,
            "year": 2022,
            "quarter": 1,
            "eps": 0.72,
            "eps_growth_year": 10.77,
            "eps_4q": 3.21,
            "eps_4q_growth_year": 29.07,
            "roe": 2.17,
            "roe_4q": 9.8,
            "gross_profit": 286431,
            "gross_margin": 31.21,
            "gross_margin_4q_avg": 32.41,
            "net_income": 116787,
            "net_income_4q": null,
            "revenue": 917879,
            "revenue_4q": null,
            "common_shares": 1421805,
            "book_valuer_per_share": 34.56,
            "book_valuer_per_share_4q_avg": 32.82,
            "equity": 5519242,
            "current_ratio": 410.82,
            "debt_ratio": 29.47,
            "inventory_turnover_ratio": 0.87,
            "account_receivable_turnover_ratio": 0.68,
            "reinvestment_rate": -29.49,
            "research_to_sale_ratio": 3.35,
            "price_fair": 74.29,
            "eps_avg_yearly": 2.12,
            "eps_latest_yearly": 2.88,
            "eps_growth_yearly": 67.33
        },
        "20222": {
            "year_quarter": 20222,
            "year": 2022,
            "quarter": 2,
            "eps": 0.87,
            "eps_growth_year": 3.57,
            "eps_4q": 3.24,
            "eps_4q_growth_year": 12.41,
            "roe": 2.36,
            "roe_4q": 9.649999999999999,
            "gross_profit": 283780,
            "gross_margin": 31.8,
            "gross_margin_4q_avg": 31.92,
            "net_income": 126442,
            "net_income_4q": null,
            "revenue": 892309,
            "revenue_4q": null,
            "common_shares": 1421805,
            "book_valuer_per_share": 32.48,
            "book_valuer_per_share_4q_avg": 32.84,
            "equity": 5197504,
            "current_ratio": 320.05,
            "debt_ratio": 34.22,
            "inventory_turnover_ratio": 0.76,
            "account_receivable_turnover_ratio": 0.72,
            "reinvestment_rate": -25.94,
            "research_to_sale_ratio": 3.41,
            "price_fair": 79.36,
            "eps_avg_yearly": 2.27,
            "eps_latest_yearly": 3.48,
            "eps_growth_yearly": 78.95
        },
        "20223": {
            "year_quarter": 20223,
            "year": 2022,
            "quarter": 3,
            "eps": 0.3,
            "eps_growth_year": -67.74,
            "eps_4q": 2.62,
            "eps_4q_growth_year": -16.86,
            "roe": 1.1,
            "roe_4q": 7.88,
            "gross_profit": 270815,
            "gross_margin": 31.03,
            "gross_margin_4q_avg": 31.54,
            "net_income": 57478,
            "net_income_4q": null,
            "revenue": 872804,
            "revenue_4q": null,
            "common_shares": 1421805,
            "book_valuer_per_share": 33.03,
            "book_valuer_per_share_4q_avg": 33.19,
            "equity": 5291333,
            "current_ratio": 355.19,
            "debt_ratio": 28.86,
            "inventory_turnover_ratio": 0.72,
            "account_receivable_turnover_ratio": 0.76,
            "reinvestment_rate": -25.58,
            "research_to_sale_ratio": 3.45,
            "price_fair": 77.44,
            "eps_avg_yearly": 2.21,
            "eps_latest_yearly": 1.2,
            "eps_growth_yearly": 42.74
        },
        "20224": {
            "year_quarter": 20224,
            "year": 2022,
            "quarter": 4,
            "eps": 0.45,
            "eps_growth_year": -38.58,
            "eps_4q": 2.34,
            "eps_4q_growth_year": -25.59,
            "roe": 1.31,
            "roe_4q": 6.9399999999999995,
            "gross_profit": 221296,
            "gross_margin": 26.75,
            "gross_margin_4q_avg": 30.2,
            "net_income": 69553,
            "net_income_4q": null,
            "revenue": 827408,
            "revenue_4q": null,
            "common_shares": 1421805,
            "book_valuer_per_share": 33.15,
            "book_valuer_per_share_4q_avg": 33.31,
            "equity": 5309058,
            "current_ratio": 371.2,
            "debt_ratio": 27.8,
            "inventory_turnover_ratio": 0.76,
            "account_receivable_turnover_ratio": 0.76,
            "reinvestment_rate": -12.89,
            "research_to_sale_ratio": 4.13,
            "price_fair": 77.09,
            "eps_avg_yearly": 2.2,
            "eps_latest_yearly": 1.8,
            "eps_growth_yearly": 56.68
        },
        "20231": {
            "year_quarter": 20231,
            "year": 2023,
            "quarter": 1,
            "eps": 0.11,
            "eps_growth_year": -84.72,
            "eps_4q": 1.73,
            "eps_4q_growth_year": -45.97,
            "roe": 0.25,
            "roe_4q": 5.02,
            "gross_profit": 131059,
            "gross_margin": 21.25,
            "gross_margin_4q_avg": 27.71,
            "net_income": 12991,
            "net_income_4q": null,
            "revenue": 616637,
            "revenue_4q": null,
            "common_shares": 1421805,
            "book_valuer_per_share": 31.43,
            "book_valuer_per_share_4q_avg": 32.52,
            "equity": 5065794,
            "current_ratio": 354.04,
            "debt_ratio": 28.74,
            "inventory_turnover_ratio": 0.66,
            "account_receivable_turnover_ratio": 0.66,
            "reinvestment_rate": -9.66,
            "research_to_sale_ratio": 4.54,
            "price_fair": 76.13,
            "eps_avg_yearly": 2.18,
            "eps_latest_yearly": 0.44,
            "eps_growth_yearly": 51.57
        },
        "20232": {
            "year_quarter": 20232,
            "year": 2023,
            "quarter": 2,
            "eps": -0.87,
            "eps_growth_year": -200,
            "eps_4q": -0,
            "eps_4q_growth_year": -100.11,
            "roe": -2.59,
            "roe_4q": 0.07000000000000028,
            "gross_profit": 112573,
            "gross_margin": 18.38,
            "gross_margin_4q_avg": 24.35,
            "net_income": -127543,
            "net_income_4q": null,
            "revenue": 612583,
            "revenue_4q": null,
            "common_shares": 1421805,
            "book_valuer_per_share": 29.73,
            "book_valuer_per_share_4q_avg": 31.84,
            "equity": 4801149,
            "current_ratio": 369.96,
            "debt_ratio": 30.02,
            "inventory_turnover_ratio": 0.72,
            "account_receivable_turnover_ratio": 0.76,
            "reinvestment_rate": -5.35,
            "research_to_sale_ratio": 4.98,
            "price_fair": 77.47,
            "eps_avg_yearly": 2.21,
            "eps_latest_yearly": 0.44,
            "eps_growth_yearly": 33.19
        },
        "20233": {
            "year_quarter": 20233,
            "year": 2023,
            "quarter": 3,
            "eps": 0.24,
            "eps_growth_year": -20,
            "eps_4q": -0.06,
            "eps_4q_growth_year": -102.47,
            "roe": 0.74,
            "roe_4q": -0.2899999999999998,
            "gross_profit": 183359,
            "gross_margin": 24.89,
            "gross_margin_4q_avg": 22.82,
            "net_income": 36333,
            "net_income_4q": null,
            "revenue": 736817,
            "revenue_4q": null,
            "common_shares": 1421805,
            "book_valuer_per_share": 31.03,
            "book_valuer_per_share_4q_avg": 31.34,
            "equity": 4987242,
            "current_ratio": 418.9,
            "debt_ratio": 25.87,
            "inventory_turnover_ratio": 0.81,
            "account_receivable_turnover_ratio": 0.84,
            "reinvestment_rate": 6.21,
            "research_to_sale_ratio": 4.68,
            "price_fair": 78.1,
            "eps_avg_yearly": 2.23,
            "eps_latest_yearly": 0.44,
            "eps_growth_yearly": 29.13
        },
        "20234": {
            "year_quarter": 20234,
            "year": 2023,
            "quarter": 4,
            "eps": 0.26,
            "eps_growth_year": -42.33,
            "eps_4q": -0.25,
            "eps_4q_growth_year": -110.84,
            "roe": 0.8,
            "roe_4q": -0.7999999999999998,
            "gross_profit": 189773,
            "gross_margin": 24.25,
            "gross_margin_4q_avg": 22.19,
            "net_income": 39672,
            "net_income_4q": null,
            "revenue": 782449,
            "revenue_4q": null,
            "common_shares": 1421805,
            "book_valuer_per_share": 30.46,
            "book_valuer_per_share_4q_avg": 30.66,
            "equity": 4906360,
            "current_ratio": 416.65,
            "debt_ratio": 27.16,
            "inventory_turnover_ratio": 0.88,
            "account_receivable_turnover_ratio": 0.82,
            "reinvestment_rate": 18.75,
            "research_to_sale_ratio": 4.29,
            "price_fair": 78.4,
            "eps_avg_yearly": 2.24,
            "eps_latest_yearly": 1.04,
            "eps_growth_yearly": 46.67
        }
    },
    "months": {
        "2004-02": {
            "month": "2004-02",
            "price": "17.54",
            "revenue": 43644
        },
        "2004-03": {
            "month": "2004-03",
            "price": "20.05",
            "revenue": 47571
        },
        "2004-04": {
            "month": "2004-04",
            "price": "20.20",
            "revenue": 57971
        },
        "2004-05": {
            "month": "2004-05",
            "price": "22.40",
            "revenue": 49461
        },
        "2004-06": {
            "month": "2004-06",
            "price": "21.11",
            "revenue": 56168
        },
        "2004-07": {
            "month": "2004-07",
            "price": "22.03",
            "revenue": 50631
        },
        "2004-08": {
            "month": "2004-08",
            "price": "21.78",
            "revenue": 51287
        },
        "2004-09": {
            "month": "2004-09",
            "price": "21.50",
            "revenue": 55370
        },
        "2004-10": {
            "month": "2004-10",
            "price": "19.87",
            "revenue": 54924
        },
        "2004-11": {
            "month": "2004-11",
            "price": "17.39",
            "revenue": 58081
        },
        "2004-12": {
            "month": "2004-12",
            "price": "18.61",
            "revenue": 51912
        },
        "2005-01": {
            "month": "2005-01",
            "price": "17.82",
            "revenue": 48049
        },
        "2005-02": {
            "month": "2005-02",
            "price": "20.71",
            "revenue": 48226
        },
        "2005-03": {
            "month": "2005-03",
            "price": "22.35",
            "revenue": 55932
        },
        "2005-04": {
            "month": "2005-04",
            "price": "22.63",
            "revenue": 55357
        },
        "2005-05": {
            "month": "2005-05",
            "price": "22.51",
            "revenue": 51857
        },
        "2005-06": {
            "month": "2005-06",
            "price": "22.55",
            "revenue": 55778
        },
        "2005-07": {
            "month": "2005-07",
            "price": "27.25",
            "revenue": 63485
        },
        "2005-08": {
            "month": "2005-08",
            "price": "31.01",
            "revenue": 75849
        },
        "2005-09": {
            "month": "2005-09",
            "price": "30.29",
            "revenue": 83536
        },
        "2005-10": {
            "month": "2005-10",
            "price": "35.30",
            "revenue": 91080
        },
        "2005-11": {
            "month": "2005-11",
            "price": "34.49",
            "revenue": 100201
        },
        "2005-12": {
            "month": "2005-12",
            "price": "53.61",
            "revenue": 100402
        },
        "2006-01": {
            "month": "2006-01",
            "price": "57.30",
            "revenue": 92510
        },
        "2006-02": {
            "month": "2006-02",
            "price": "56.45",
            "revenue": 73517
        },
        "2006-03": {
            "month": "2006-03",
            "price": "53.45",
            "revenue": 107625
        },
        "2006-04": {
            "month": "2006-04",
            "price": "60.84",
            "revenue": 104138
        },
        "2006-05": {
            "month": "2006-05",
            "price": "64.87",
            "revenue": 102047
        },
        "2006-06": {
            "month": "2006-06",
            "price": "55.24",
            "revenue": 107431
        },
        "2006-07": {
            "month": "2006-07",
            "price": "55.89",
            "revenue": 105536
        },
        "2006-08": {
            "month": "2006-08",
            "price": "51.40",
            "revenue": 109516
        },
        "2006-09": {
            "month": "2006-09",
            "price": "55.78",
            "revenue": 111298
        },
        "2006-10": {
            "month": "2006-10",
            "price": "54.98",
            "revenue": 115787
        },
        "2006-11": {
            "month": "2006-11",
            "price": "59.53",
            "revenue": 111736
        },
        "2006-12": {
            "month": "2006-12",
            "price": "69.84",
            "revenue": 100645
        },
        "2007-01": {
            "month": "2007-01",
            "price": "67.24",
            "revenue": 149039
        },
        "2007-02": {
            "month": "2007-02",
            "price": "66.92",
            "revenue": 152450
        },
        "2007-03": {
            "month": "2007-03",
            "price": "78.08",
            "revenue": 146414
        },
        "2007-04": {
            "month": "2007-04",
            "price": "76.30",
            "revenue": 120626
        },
        "2007-05": {
            "month": "2007-05",
            "price": "74.72",
            "revenue": 159790
        },
        "2007-06": {
            "month": "2007-06",
            "price": "83.18",
            "revenue": 168735
        },
        "2007-07": {
            "month": "2007-07",
            "price": "105.74",
            "revenue": 187394
        },
        "2007-08": {
            "month": "2007-08",
            "price": "108.38",
            "revenue": 204493
        },
        "2007-09": {
            "month": "2007-09",
            "price": "107.41",
            "revenue": 208590
        },
        "2007-10": {
            "month": "2007-10",
            "price": "96.14",
            "revenue": 213112
        },
        "2007-11": {
            "month": "2007-11",
            "price": "84.93",
            "revenue": 188705
        },
        "2007-12": {
            "month": "2007-12",
            "price": "75.21",
            "revenue": 194725
        },
        "2008-01": {
            "month": "2008-01",
            "price": "49.80",
            "revenue": 162190
        },
        "2008-02": {
            "month": "2008-02",
            "price": "52.29",
            "revenue": 119816
        },
        "2008-03": {
            "month": "2008-03",
            "price": "58.75",
            "revenue": 144201
        },
        "2008-04": {
            "month": "2008-04",
            "price": "57.47",
            "revenue": 154994
        },
        "2008-05": {
            "month": "2008-05",
            "price": "56.52",
            "revenue": 176463
        },
        "2008-06": {
            "month": "2008-06",
            "price": "48.31",
            "revenue": 175806
        },
        "2008-07": {
            "month": "2008-07",
            "price": "38.96",
            "revenue": 188375
        },
        "2008-08": {
            "month": "2008-08",
            "price": "37.36",
            "revenue": 208443
        },
        "2008-09": {
            "month": "2008-09",
            "price": "30.13",
            "revenue": 231163
        },
        "2008-10": {
            "month": "2008-10",
            "price": "19.27",
            "revenue": 195183
        },
        "2008-11": {
            "month": "2008-11",
            "price": "15.59",
            "revenue": 133909
        },
        "2008-12": {
            "month": "2008-12",
            "price": "15.12",
            "revenue": 82636
        },
        "2009-01": {
            "month": "2009-01",
            "price": "15.10",
            "revenue": 78630
        },
        "2009-02": {
            "month": "2009-02",
            "price": "17.06",
            "revenue": 96979
        },
        "2009-03": {
            "month": "2009-03",
            "price": "20.42",
            "revenue": 139379
        },
        "2009-04": {
            "month": "2009-04",
            "price": "23.14",
            "revenue": 148462
        },
        "2009-05": {
            "month": "2009-05",
            "price": "25.43",
            "revenue": 149266
        },
        "2009-06": {
            "month": "2009-06",
            "price": "27.93",
            "revenue": 156970
        },
        "2009-07": {
            "month": "2009-07",
            "price": "32.52",
            "revenue": 147934
        },
        "2009-08": {
            "month": "2009-08",
            "price": "33.03",
            "revenue": 159211
        },
        "2009-09": {
            "month": "2009-09",
            "price": "33.55",
            "revenue": 169253
        },
        "2009-10": {
            "month": "2009-10",
            "price": "35.68",
            "revenue": 163509
        },
        "2009-11": {
            "month": "2009-11",
            "price": "32.15",
            "revenue": 150504
        },
        "2009-12": {
            "month": "2009-12",
            "price": "34.01",
            "revenue": 150147
        },
        "2010-01": {
            "month": "2010-01",
            "price": "32.62",
            "revenue": 148688
        },
        "2010-02": {
            "month": "2010-02",
            "price": "27.66",
            "revenue": 157301
        },
        "2010-03": {
            "month": "2010-03",
            "price": "30.31",
            "revenue": 154690
        },
        "2010-04": {
            "month": "2010-04",
            "price": "30.98",
            "revenue": 179108
        },
        "2010-05": {
            "month": "2010-05",
            "price": "28.46",
            "revenue": 191255
        },
        "2010-06": {
            "month": "2010-06",
            "price": "27.01",
            "revenue": 195946
        },
        "2010-07": {
            "month": "2010-07",
            "price": "28.85",
            "revenue": 192673
        },
        "2010-08": {
            "month": "2010-08",
            "price": "28.67",
            "revenue": 184889
        },
        "2010-09": {
            "month": "2010-09",
            "price": "26.66",
            "revenue": 194560
        },
        "2010-10": {
            "month": "2010-10",
            "price": "26.98",
            "revenue": 179238
        },
        "2010-11": {
            "month": "2010-11",
            "price": "25.67",
            "revenue": 170294
        },
        "2010-12": {
            "month": "2010-12",
            "price": "30.91",
            "revenue": 192587
        },
        "2011-01": {
            "month": "2011-01",
            "price": "33.89",
            "revenue": 196053
        },
        "2011-02": {
            "month": "2011-02",
            "price": "31.44",
            "revenue": 169883
        },
        "2011-03": {
            "month": "2011-03",
            "price": "29.44",
            "revenue": 180919
        },
        "2011-04": {
            "month": "2011-04",
            "price": "27.66",
            "revenue": 168232
        },
        "2011-05": {
            "month": "2011-05",
            "price": "28.87",
            "revenue": 172043
        },
        "2011-06": {
            "month": "2011-06",
            "price": "30.15",
            "revenue": 191334
        },
        "2011-07": {
            "month": "2011-07",
            "price": "29.13",
            "revenue": 190723
        },
        "2011-08": {
            "month": "2011-08",
            "price": "22.27",
            "revenue": 196443
        },
        "2011-09": {
            "month": "2011-09",
            "price": "23.05",
            "revenue": 201868
        },
        "2011-10": {
            "month": "2011-10",
            "price": "21.32",
            "revenue": 200686
        },
        "2011-11": {
            "month": "2011-11",
            "price": "20.18",
            "revenue": 185838
        },
        "2011-12": {
            "month": "2011-12",
            "price": "18.48",
            "revenue": 174607
        },
        "2012-01": {
            "month": "2012-01",
            "price": "18.55",
            "revenue": 154749
        },
        "2012-02": {
            "month": "2012-02",
            "price": "22.09",
            "revenue": 165053
        },
        "2012-03": {
            "month": "2012-03",
            "price": "22.03",
            "revenue": 177916
        },
        "2012-04": {
            "month": "2012-04",
            "price": "18.88",
            "revenue": 191408
        },
        "2012-05": {
            "month": "2012-05",
            "price": "17.69",
            "revenue": 193850
        },
        "2012-06": {
            "month": "2012-06",
            "price": "16.47",
            "revenue": 190300
        },
        "2012-07": {
            "month": "2012-07",
            "price": "16.61",
            "revenue": 196217
        },
        "2012-08": {
            "month": "2012-08",
            "price": "17.18",
            "revenue": 208694
        },
        "2012-09": {
            "month": "2012-09",
            "price": "18.48",
            "revenue": 223315
        },
        "2012-10": {
            "month": "2012-10",
            "price": "17.54",
            "revenue": 231280
        },
        "2012-11": {
            "month": "2012-11",
            "price": "16.53",
            "revenue": 229455
        },
        "2012-12": {
            "month": "2012-12",
            "price": "17.04",
            "revenue": 203512
        },
        "2013-01": {
            "month": "2013-01",
            "price": "17.53",
            "revenue": 190873
        },
        "2013-02": {
            "month": "2013-02",
            "price": "17.44",
            "revenue": 166002
        },
        "2013-03": {
            "month": "2013-03",
            "price": "17.78",
            "revenue": 199487
        },
        "2013-04": {
            "month": "2013-04",
            "price": "17.65",
            "revenue": 221273
        },
        "2013-05": {
            "month": "2013-05",
            "price": "18.40",
            "revenue": 223956
        },
        "2013-06": {
            "month": "2013-06",
            "price": "18.35",
            "revenue": 224182
        },
        "2013-07": {
            "month": "2013-07",
            "price": "18.23",
            "revenue": 212634
        },
        "2013-08": {
            "month": "2013-08",
            "price": "17.97",
            "revenue": 216743
        },
        "2013-09": {
            "month": "2013-09",
            "price": "18.46",
            "revenue": 231590
        },
        "2013-10": {
            "month": "2013-10",
            "price": "21.50",
            "revenue": 227399
        },
        "2013-11": {
            "month": "2013-11",
            "price": "21.29",
            "revenue": 216708
        },
        "2013-12": {
            "month": "2013-12",
            "price": "20.65",
            "revenue": 204125
        },
        "2014-01": {
            "month": "2014-01",
            "price": "21.48",
            "revenue": 219273
        },
        "2014-02": {
            "month": "2014-02",
            "price": "21.40",
            "revenue": 204300
        },
        "2014-03": {
            "month": "2014-03",
            "price": "23.04",
            "revenue": 222023
        },
        "2014-04": {
            "month": "2014-04",
            "price": "23.23",
            "revenue": 249502
        },
        "2014-05": {
            "month": "2014-05",
            "price": "23.01",
            "revenue": 264722
        },
        "2014-06": {
            "month": "2014-06",
            "price": "26.80",
            "revenue": 282742
        },
        "2014-07": {
            "month": "2014-07",
            "price": "30.16",
            "revenue": 298066
        },
        "2014-08": {
            "month": "2014-08",
            "price": "30.61",
            "revenue": 305347
        },
        "2014-09": {
            "month": "2014-09",
            "price": "32.59",
            "revenue": 308454
        },
        "2014-10": {
            "month": "2014-10",
            "price": "29.67",
            "revenue": 309355
        },
        "2014-11": {
            "month": "2014-11",
            "price": "28.87",
            "revenue": 290773
        },
        "2014-12": {
            "month": "2014-12",
            "price": "28.00",
            "revenue": 283553
        },
        "2015-01": {
            "month": "2015-01",
            "price": "28.10",
            "revenue": 286785
        },
        "2015-02": {
            "month": "2015-02",
            "price": "28.09",
            "revenue": 246416
        },
        "2015-03": {
            "month": "2015-03",
            "price": "30.73",
            "revenue": 263855
        },
        "2015-04": {
            "month": "2015-04",
            "price": "31.54",
            "revenue": 268256
        },
        "2015-05": {
            "month": "2015-05",
            "price": "27.42",
            "revenue": 277667
        },
        "2015-06": {
            "month": "2015-06",
            "price": "24.68",
            "revenue": 279382
        },
        "2015-07": {
            "month": "2015-07",
            "price": "23.44",
            "revenue": 312981
        },
        "2015-08": {
            "month": "2015-08",
            "price": "21.74",
            "revenue": 327708
        },
        "2015-09": {
            "month": "2015-09",
            "price": "24.12",
            "revenue": 332609
        },
        "2015-10": {
            "month": "2015-10",
            "price": "26.32",
            "revenue": 319201
        },
        "2015-11": {
            "month": "2015-11",
            "price": "25.50",
            "revenue": 300806
        },
        "2015-12": {
            "month": "2015-12",
            "price": "23.47",
            "revenue": 290231
        },
        "2016-01": {
            "month": "2016-01",
            "price": "21.44",
            "revenue": 263752
        },
        "2016-02": {
            "month": "2016-02",
            "price": "22.10",
            "revenue": 220332
        },
        "2016-03": {
            "month": "2016-03",
            "price": "23.61",
            "revenue": 236832
        },
        "2016-04": {
            "month": "2016-04",
            "price": "22.22",
            "revenue": 235090
        },
        "2016-05": {
            "month": "2016-05",
            "price": "20.34",
            "revenue": 237133
        },
        "2016-06": {
            "month": "2016-06",
            "price": "20.69",
            "revenue": 280252
        },
        "2016-07": {
            "month": "2016-07",
            "price": "21.98",
            "revenue": 280733
        },
        "2016-08": {
            "month": "2016-08",
            "price": "20.77",
            "revenue": 284317
        },
        "2016-09": {
            "month": "2016-09",
            "price": "20.30",
            "revenue": 311531
        },
        "2016-10": {
            "month": "2016-10",
            "price": "20.06",
            "revenue": 309787
        },
        "2016-11": {
            "month": "2016-11",
            "price": "19.26",
            "revenue": 311124
        },
        "2016-12": {
            "month": "2016-12",
            "price": "19.68",
            "revenue": 312582
        },
        "2017-01": {
            "month": "2017-01",
            "price": "20.09",
            "revenue": 282218
        },
        "2017-02": {
            "month": "2017-02",
            "price": "21.28",
            "revenue": 246764
        },
        "2017-03": {
            "month": "2017-03",
            "price": "24.84",
            "revenue": 261963
        },
        "2017-04": {
            "month": "2017-04",
            "price": "27.42",
            "revenue": 252529
        },
        "2017-05": {
            "month": "2017-05",
            "price": "26.02",
            "revenue": 230316
        },
        "2017-06": {
            "month": "2017-06",
            "price": "24.01",
            "revenue": 263260
        },
        "2017-07": {
            "month": "2017-07",
            "price": "24.18",
            "revenue": 266381
        },
        "2017-08": {
            "month": "2017-08",
            "price": "21.81",
            "revenue": 291355
        },
        "2017-09": {
            "month": "2017-09",
            "price": "21.54",
            "revenue": 328539
        },
        "2017-10": {
            "month": "2017-10",
            "price": "21.76",
            "revenue": 296934
        },
        "2017-11": {
            "month": "2017-11",
            "price": "21.61",
            "revenue": 286486
        },
        "2017-12": {
            "month": "2017-12",
            "price": "21.07",
            "revenue": 276420
        },
        "2018-01": {
            "month": "2018-01",
            "price": "21.22",
            "revenue": 276583
        },
        "2018-02": {
            "month": "2018-02",
            "price": "19.77",
            "revenue": 247831
        },
        "2018-03": {
            "month": "2018-03",
            "price": "20.67",
            "revenue": 256124
        },
        "2018-04": {
            "month": "2018-04",
            "price": "20.22",
            "revenue": 261338
        },
        "2018-05": {
            "month": "2018-05",
            "price": "20.47",
            "revenue": 260249
        },
        "2018-06": {
            "month": "2018-06",
            "price": "21.37",
            "revenue": 264053
        },
        "2018-07": {
            "month": "2018-07",
            "price": "20.60",
            "revenue": 268038
        },
        "2018-08": {
            "month": "2018-08",
            "price": "19.73",
            "revenue": 296631
        },
        "2018-09": {
            "month": "2018-09",
            "price": "19.02",
            "revenue": 298756
        },
        "2018-10": {
            "month": "2018-10",
            "price": "18.12",
            "revenue": 284223
        },
        "2018-11": {
            "month": "2018-11",
            "price": "18.04",
            "revenue": 284019
        },
        "2018-12": {
            "month": "2018-12",
            "price": "18.41",
            "revenue": 284598
        },
        "2019-01": {
            "month": "2019-01",
            "price": "18.15",
            "revenue": 254394
        },
        "2019-02": {
            "month": "2019-02",
            "price": "19.42",
            "revenue": 176285
        },
        "2019-03": {
            "month": "2019-03",
            "price": "20.36",
            "revenue": 224522
        },
        "2019-04": {
            "month": "2019-04",
            "price": "20.62",
            "revenue": 251234
        },
        "2019-05": {
            "month": "2019-05",
            "price": "19.25",
            "revenue": 262234
        },
        "2019-06": {
            "month": "2019-06",
            "price": "19.25",
            "revenue": 254392
        },
        "2019-07": {
            "month": "2019-07",
            "price": "19.87",
            "revenue": 264621
        },
        "2019-08": {
            "month": "2019-08",
            "price": "19.35",
            "revenue": 252768
        },
        "2019-09": {
            "month": "2019-09",
            "price": "20.18",
            "revenue": 260596
        },
        "2019-10": {
            "month": "2019-10",
            "price": "20.55",
            "revenue": 257326
        },
        "2019-11": {
            "month": "2019-11",
            "price": "22.61",
            "revenue": 257396
        },
        "2019-12": {
            "month": "2019-12",
            "price": "22.87",
            "revenue": 290485
        },
        "2020-01": {
            "month": "2020-01",
            "price": "22.66",
            "revenue": 201932
        },
        "2020-02": {
            "month": "2020-02",
            "price": "20.63",
            "revenue": 166944
        },
        "2020-03": {
            "month": "2020-03",
            "price": "17.89",
            "revenue": 228976
        },
        "2020-04": {
            "month": "2020-04",
            "price": "18.56",
            "revenue": 235164
        },
        "2020-05": {
            "month": "2020-05",
            "price": "20.24",
            "revenue": 245857
        },
        "2020-06": {
            "month": "2020-06",
            "price": "21.24",
            "revenue": 253929
        },
        "2020-07": {
            "month": "2020-07",
            "price": "23.15",
            "revenue": 260590
        },
        "2020-08": {
            "month": "2020-08",
            "price": "22.68",
            "revenue": 265189
        },
        "2020-09": {
            "month": "2020-09",
            "price": "22.43",
            "revenue": 274042
        },
        "2020-10": {
            "month": "2020-10",
            "price": "22.60",
            "revenue": 278463
        },
        "2020-11": {
            "month": "2020-11",
            "price": "24.64",
            "revenue": 279663
        },
        "2020-12": {
            "month": "2020-12",
            "price": "27.19",
            "revenue": 282678
        },
        "2021-01": {
            "month": "2021-01",
            "price": "28.26",
            "revenue": 266938
        },
        "2021-02": {
            "month": "2021-02",
            "price": "27.68",
            "revenue": 257017
        },
        "2021-03": {
            "month": "2021-03",
            "price": "32.54",
            "revenue": 255707
        },
        "2021-04": {
            "month": "2021-04",
            "price": "41.53",
            "revenue": 298959
        },
        "2021-05": {
            "month": "2021-05",
            "price": "37.96",
            "revenue": 302571
        },
        "2021-06": {
            "month": "2021-06",
            "price": "39.78",
            "revenue": 332158
        },
        "2021-07": {
            "month": "2021-07",
            "price": "44.29",
            "revenue": 338209
        },
        "2021-08": {
            "month": "2021-08",
            "price": "41.44",
            "revenue": 356367
        },
        "2021-09": {
            "month": "2021-09",
            "price": "41.41",
            "revenue": 357888
        },
        "2021-10": {
            "month": "2021-10",
            "price": "38.48",
            "revenue": 332914
        },
        "2021-11": {
            "month": "2021-11",
            "price": "41.89",
            "revenue": 330016
        },
        "2021-12": {
            "month": "2021-12",
            "price": "41.77",
            "revenue": 345003
        },
        "2022-01": {
            "month": "2022-01",
            "price": "40.75",
            "revenue": 325696
        },
        "2022-02": {
            "month": "2022-02",
            "price": "39.16",
            "revenue": 288423
        },
        "2022-03": {
            "month": "2022-03",
            "price": "36.97",
            "revenue": 303759
        },
        "2022-04": {
            "month": "2022-04",
            "price": "34.24",
            "revenue": 304754
        },
        "2022-05": {
            "month": "2022-05",
            "price": "33.71",
            "revenue": 295918
        },
        "2022-06": {
            "month": "2022-06",
            "price": "32.65",
            "revenue": 291639
        },
        "2022-07": {
            "month": "2022-07",
            "price": "29.14",
            "revenue": 284177
        },
        "2022-08": {
            "month": "2022-08",
            "price": "29.02",
            "revenue": 290389
        },
        "2022-09": {
            "month": "2022-09",
            "price": "27.16",
            "revenue": 298238
        },
        "2022-10": {
            "month": "2022-10",
            "price": "25.72",
            "revenue": 285805
        },
        "2022-11": {
            "month": "2022-11",
            "price": "29.27",
            "revenue": 278243
        },
        "2022-12": {
            "month": "2022-12",
            "price": "29.77",
            "revenue": 263360
        },
        "2023-01": {
            "month": "2023-01",
            "price": "29.88",
            "revenue": 221625
        },
        "2023-02": {
            "month": "2023-02",
            "price": "29.43",
            "revenue": 194310
        },
        "2023-03": {
            "month": "2023-03",
            "price": "29.60",
            "revenue": 200702
        },
        "2023-04": {
            "month": "2023-04",
            "price": "29.35",
            "revenue": 190478
        },
        "2023-05": {
            "month": "2023-05",
            "price": "29.60",
            "revenue": 196524
        },
        "2023-06": {
            "month": "2023-06",
            "price": "31.12",
            "revenue": 225582
        },
        "2023-07": {
            "month": "2023-07",
            "price": "32.57",
            "revenue": 227029
        },
        "2023-08": {
            "month": "2023-08",
            "price": "28.37",
            "revenue": 239329
        },
        "2023-09": {
            "month": "2023-09",
            "price": "27.72",
            "revenue": 270458
        },
        "2023-10": {
            "month": "2023-10",
            "price": "26.89",
            "revenue": 262760
        },
        "2023-11": {
            "month": "2023-11",
            "price": "27.02",
            "revenue": 261830
        },
        "2023-12": {
            "month": "2023-12",
            "price": "28.08",
            "revenue": 257859
        }
    }
}
