{
    "summary": {
        "stock_name": "佑華",
        "stock_id": "8024",
        "category": "半導體",
        "main_business": "研究、設計、開發、製作及銷售各種微電子積體電路產品<br>電腦與電腦週邊及其零件之設計、製造及買賣業務<br>事務機器、通訊器材之設計、製造及買賣業務",
        "website_url": "http://www.ealpha.com.tw",
        "ceo": "翁啟培",
        "pe_ratio": -52,
        "report_year_from": 2001,
        "report_year_to": 2023,
        "age": 23,
        "eps_negative_percentage": 16,
        "eps_growth_avg": {
            "last_all": -5.82,
            "last_2y": -34.82,
            "last_4y": -56.55,
            "last_8y": -32.25,
            "last_12y": -15.39,
            "last_16y": -12.88,
            "last_20y": null,
            "at_2006_last_3y": null,
            "at_2007_last_3y": null,
            "at_2008_last_3y": null,
            "at_2009_last_3y": 5.9,
            "at_2010_last_3y": -5.96,
            "at_2011_last_3y": -27.1,
            "at_2012_last_3y": -14.7,
            "at_2013_last_3y": 10.17,
            "at_2014_last_3y": 14.12,
            "at_2015_last_3y": 14.02,
            "at_2016_last_3y": 27.17,
            "at_2017_last_3y": -6.94,
            "at_2018_last_3y": -14.03,
            "at_2019_last_3y": -18.24,
            "at_2020_last_3y": -40,
            "at_2021_last_3y": -30,
            "at_2022_last_3y": -34.82,
            "at_2023_last_3y": -34.82,
            "at_2024_last_3y": -34.82,
            "at_2006_last_all": null,
            "at_2007_last_all": 50.9,
            "at_2008_last_all": 15.54,
            "at_2009_last_all": 5.9,
            "at_2010_last_all": 15.23,
            "at_2011_last_all": -1.1,
            "at_2012_last_all": -1.74,
            "at_2013_last_all": 8.04,
            "at_2014_last_all": 14.74,
            "at_2015_last_all": 4.95,
            "at_2016_last_all": 8.77,
            "at_2017_last_all": 3.04,
            "at_2018_last_all": 5.89,
            "at_2019_last_all": -1.68,
            "at_2020_last_all": -1.68,
            "at_2021_last_all": -1.68,
            "at_2022_last_all": 0.46,
            "at_2023_last_all": -5.82,
            "at_2024_last_all": -5.82
        },
        "latest_eps": -0.42,
        "latest_price": 21.9,
        "latest_roe": -2.87,
        "latest_gross_margin": 37,
        "latest_equity": 610668,
        "latest_revenue": 54729,
        "latest_gross_profit": 20250,
        "latest_net_income": -3268,
        "latest_debt_ratio": 11.02,
        "latest_current_ratio": 912.08,
        "latest_account_receivable_turnover_ratio": 1.39,
        "latest_inventory_turnover_ratio": 0.62,
        "latest_reinvestment_rate": -15.82,
        "latest_research_to_sale_ratio": 28.87
    },
    "eps_dividends": {
        "2001": {
            "cash": 0,
            "stock": 0,
            "eps": 0
        },
        "2002": {
            "cash": 0,
            "stock": 0,
            "eps": 0
        },
        "2003": {
            "cash": 0,
            "stock": 0,
            "eps": 0
        },
        "2004": {
            "cash": 1.04,
            "stock": 0,
            "eps": 0
        },
        "2005": {
            "cash": 0.65,
            "stock": 0,
            "eps": 1.57
        },
        "2006": {
            "cash": 1.2,
            "stock": 0,
            "eps": 3.9
        },
        "2007": {
            "cash": 2.5,
            "stock": 0,
            "eps": 3.97
        },
        "2008": {
            "cash": 2.85,
            "stock": 0,
            "eps": 1.78
        },
        "2009": {
            "cash": 1.66,
            "stock": 0,
            "eps": 1.37
        },
        "2010": {
            "cash": 1.23,
            "stock": 0,
            "eps": 2.09
        },
        "2011": {
            "cash": 1.86,
            "stock": 0,
            "eps": 0.36
        },
        "2012": {
            "cash": 0.23,
            "stock": 0,
            "eps": 0.34
        },
        "2013": {
            "cash": 1,
            "stock": 0,
            "eps": 0.6
        },
        "2014": {
            "cash": 1,
            "stock": 0,
            "eps": 1.01
        },
        "2015": {
            "cash": 0.5,
            "stock": 0,
            "eps": 0.17
        },
        "2016": {
            "cash": 0.2,
            "stock": 0,
            "eps": 0.25
        },
        "2017": {
            "cash": 0.3,
            "stock": 0,
            "eps": 0.1
        },
        "2018": {
            "cash": 0.3,
            "stock": 0,
            "eps": 0.14
        },
        "2019": {
            "cash": 0.3,
            "stock": 0,
            "eps": -0.42
        },
        "2020": {
            "cash": 0,
            "stock": 0,
            "eps": -0.84
        },
        "2021": {
            "cash": 0,
            "stock": 0,
            "eps": 1.68
        },
        "2022": {
            "cash": 1.4,
            "stock": 0,
            "eps": 2.19
        },
        "2023": {
            "cash": 2,
            "stock": 0,
            "eps": -0.37
        }
    },
    "dividends": {
        "2004-04-27": {
            "cash": 1.04,
            "stock": 0
        },
        "2005-04-08": {
            "cash": 0.65,
            "stock": 0
        },
        "2006-03-22": {
            "cash": 1.2,
            "stock": 0
        },
        "2007-04-23": {
            "cash": 2.5,
            "stock": 0
        },
        "2008-04-24": {
            "cash": 2.85,
            "stock": 0
        },
        "2009-04-24": {
            "cash": 1.66,
            "stock": 0
        },
        "2010-03-25": {
            "cash": 1.23,
            "stock": 0
        },
        "2011-03-18": {
            "cash": 1.86,
            "stock": 0
        },
        "2012-06-13": {
            "cash": 0.23,
            "stock": 0
        },
        "2013-06-19": {
            "cash": 1,
            "stock": 0
        },
        "2014-06-18": {
            "cash": 1,
            "stock": 0
        },
        "2015-08-07": {
            "cash": 0.5,
            "stock": 0
        },
        "2016-08-09": {
            "cash": 0.2,
            "stock": 0
        },
        "2017-09-18": {
            "cash": 0.3,
            "stock": 0
        },
        "2018-08-10": {
            "cash": 0.3,
            "stock": 0
        },
        "2019-07-31": {
            "cash": 0.3,
            "stock": 0
        },
        "2022-07-27": {
            "cash": 1.4,
            "stock": 0
        },
        "2023-07-28": {
            "cash": 2,
            "stock": 0
        }
    },
    "prices": {
        "200101": "無",
        "200102": "無",
        "200103": "無",
        "200104": "無",
        "200105": "無",
        "200106": "無",
        "200107": "無",
        "200108": "無",
        "200109": "無",
        "200110": "無",
        "200111": "無",
        "200112": "無",
        "200201": "無",
        "200202": "無",
        "200203": "無",
        "200204": "無",
        "200205": "無",
        "200206": "無",
        "200207": "無",
        "200208": "無",
        "200209": "無",
        "200210": "無",
        "200211": "無",
        "200212": "無",
        "200301": "無",
        "200302": "無",
        "200303": "無",
        "200304": "無",
        "200305": "無",
        "200306": "無",
        "200307": "無",
        "200308": "無",
        "200309": "無",
        "200310": "無",
        "200311": "9.42",
        "200312": "9.46",
        "200401": "9.64",
        "200402": "10.20",
        "200403": "11.25",
        "200404": "10.78",
        "200405": "11.80",
        "200406": "11.00",
        "200407": "10.76",
        "200408": "無",
        "200409": "10.10",
        "200410": "10.30",
        "200411": "10.02",
        "200412": "9.06",
        "200501": "9.38",
        "200502": "9.96",
        "200503": "10.00",
        "200504": "9.88",
        "200505": "10.23",
        "200506": "10.52",
        "200507": "10.86",
        "200508": "12.61",
        "200509": "13.55",
        "200510": "13.30",
        "200511": "13.54",
        "200512": "14.61",
        "200601": "18.82",
        "200602": "18.01",
        "200603": "17.66",
        "200604": "21.51",
        "200605": "24.86",
        "200606": "23.19",
        "200607": "22.64",
        "200608": "25.55",
        "200609": "26.91",
        "200610": "29.47",
        "200611": "36.87",
        "200612": "50.71",
        "200701": "49.68",
        "200702": "43.76",
        "200703": "51.68",
        "200704": "66.10",
        "200705": "61.56",
        "200706": "67.87",
        "200707": "73.10",
        "200708": "61.09",
        "200709": "59.23",
        "200710": "53.60",
        "200711": "44.55",
        "200712": "40.18",
        "200801": "34.36",
        "200802": "31.62",
        "200803": "33.13",
        "200804": "36.50",
        "200805": "35.17",
        "200806": "29.60",
        "200807": "22.33",
        "200808": "23.36",
        "200809": "19.49",
        "200810": "16.04",
        "200811": "14.90",
        "200812": "14.12",
        "200901": "14.23",
        "200902": "14.99",
        "200903": "17.66",
        "200904": "18.70",
        "200905": "20.23",
        "200906": "19.72",
        "200907": "19.22",
        "200908": "19.05",
        "200909": "20.69",
        "200910": "22.08",
        "200911": "21.95",
        "200912": "31.04",
        "201001": "29.94",
        "201002": "26.62",
        "201003": "28.31",
        "201004": "30.22",
        "201005": "32.12",
        "201006": "34.39",
        "201007": "31.81",
        "201008": "32.17",
        "201009": "31.64",
        "201010": "28.47",
        "201011": "27.73",
        "201012": "29.98",
        "201101": "28.09",
        "201102": "26.88",
        "201103": "25.91",
        "201104": "25.59",
        "201105": "24.60",
        "201106": "23.28",
        "201107": "20.01",
        "201108": "16.85",
        "201109": "16.73",
        "201110": "16.03",
        "201111": "14.54",
        "201112": "13.99",
        "201201": "14.44",
        "201202": "16.16",
        "201203": "16.29",
        "201204": "15.11",
        "201205": "13.97",
        "201206": "12.34",
        "201207": "12.51",
        "201208": "13.04",
        "201209": "13.71",
        "201210": "13.13",
        "201211": "12.50",
        "201212": "13.12",
        "201301": "14.04",
        "201302": "14.13",
        "201303": "13.85",
        "201304": "13.85",
        "201305": "14.27",
        "201306": "14.20",
        "201307": "12.97",
        "201308": "13.51",
        "201309": "14.05",
        "201310": "13.65",
        "201311": "13.02",
        "201312": "13.83",
        "201401": "15.85",
        "201402": "15.40",
        "201403": "16.56",
        "201404": "16.38",
        "201405": "15.92",
        "201406": "16.82",
        "201407": "16.94",
        "201408": "15.91",
        "201409": "15.77",
        "201410": "14.39",
        "201411": "14.06",
        "201412": "14.86",
        "201501": "15.30",
        "201502": "15.20",
        "201503": "15.12",
        "201504": "14.68",
        "201505": "13.38",
        "201506": "12.69",
        "201507": "12.14",
        "201508": "10.16",
        "201509": "10.90",
        "201510": "11.23",
        "201511": "11.04",
        "201512": "10.62",
        "201601": "10.08",
        "201602": "10.37",
        "201603": "10.87",
        "201604": "10.88",
        "201605": "10.33",
        "201606": "10.24",
        "201607": "11.52",
        "201608": "11.68",
        "201609": "11.48",
        "201610": "11.82",
        "201611": "11.36",
        "201612": "11.70",
        "201701": "11.62",
        "201702": "11.83",
        "201703": "11.60",
        "201704": "11.54",
        "201705": "11.09",
        "201706": "11.19",
        "201707": "11.07",
        "201708": "10.71",
        "201709": "11.22",
        "201710": "11.15",
        "201711": "11.79",
        "201712": "11.22",
        "201801": "11.36",
        "201802": "11.00",
        "201803": "12.34",
        "201804": "12.47",
        "201805": "11.12",
        "201806": "11.88",
        "201807": "11.06",
        "201808": "11.31",
        "201809": "11.14",
        "201810": "10.20",
        "201811": "10.02",
        "201812": "10.39",
        "201901": "10.14",
        "201902": "10.22",
        "201903": "10.72",
        "201904": "10.67",
        "201905": "10.55",
        "201906": "10.76",
        "201907": "10.40",
        "201908": "10.30",
        "201909": "11.02",
        "201910": "11.12",
        "201911": "10.63",
        "201912": "10.65",
        "202001": "10.58",
        "202002": "10.16",
        "202003": "8.39",
        "202004": "7.79",
        "202005": "8.66",
        "202006": "9.03",
        "202007": "9.83",
        "202008": "9.54",
        "202009": "9.43",
        "202010": "9.48",
        "202011": "9.32",
        "202012": "11.11",
        "202101": "17.29",
        "202102": "25.63",
        "202103": "34.60",
        "202104": "31.90",
        "202105": "23.94",
        "202106": "24.04",
        "202107": "29.33",
        "202108": "27.99",
        "202109": "26.81",
        "202110": "25.15",
        "202111": "27.29",
        "202112": "26.77",
        "202201": "25.19",
        "202202": "24.52",
        "202203": "24.78",
        "202204": "24.81",
        "202205": "24.42",
        "202206": "23.45",
        "202207": "19.14",
        "202208": "21.55",
        "202209": "23.43",
        "202210": "20.24",
        "202211": "22.06",
        "202212": "22.22",
        "202301": "20.83",
        "202302": "21.16",
        "202303": "22.60",
        "202304": "24.77",
        "202305": "23.44",
        "202306": "24.97",
        "202307": "23.19",
        "202308": "20.90",
        "202309": "20.75",
        "202310": "21.29",
        "202311": "21.65",
        "202312": "22.11"
    },
    "quarters": {
        "20011": {
            "year_quarter": 20011,
            "year": 2001,
            "quarter": 1,
            "eps": null,
            "eps_growth_year": null,
            "eps_4q": null,
            "eps_4q_growth_year": null,
            "roe": null,
            "roe_4q": 0,
            "gross_profit": null,
            "gross_margin": null,
            "gross_margin_4q_avg": 0,
            "net_income": null,
            "net_income_4q": null,
            "revenue": null,
            "revenue_4q": null,
            "common_shares": null,
            "book_valuer_per_share": null,
            "book_valuer_per_share_4q_avg": 0,
            "equity": null,
            "current_ratio": null,
            "debt_ratio": null,
            "inventory_turnover_ratio": null,
            "account_receivable_turnover_ratio": null,
            "reinvestment_rate": null,
            "research_to_sale_ratio": null,
            "price_fair": 0,
            "eps_avg_yearly": 0,
            "eps_latest_yearly": 0,
            "eps_growth_yearly": 0
        },
        "20012": {
            "year_quarter": 20012,
            "year": 2001,
            "quarter": 2,
            "eps": null,
            "eps_growth_year": null,
            "eps_4q": null,
            "eps_4q_growth_year": null,
            "roe": null,
            "roe_4q": 0,
            "gross_profit": null,
            "gross_margin": null,
            "gross_margin_4q_avg": 0,
            "net_income": null,
            "net_income_4q": null,
            "revenue": null,
            "revenue_4q": null,
            "common_shares": null,
            "book_valuer_per_share": null,
            "book_valuer_per_share_4q_avg": 0,
            "equity": null,
            "current_ratio": null,
            "debt_ratio": null,
            "inventory_turnover_ratio": null,
            "account_receivable_turnover_ratio": null,
            "reinvestment_rate": null,
            "research_to_sale_ratio": null,
            "price_fair": 0,
            "eps_avg_yearly": 0,
            "eps_latest_yearly": 0,
            "eps_growth_yearly": 0
        },
        "20013": {
            "year_quarter": 20013,
            "year": 2001,
            "quarter": 3,
            "eps": null,
            "eps_growth_year": null,
            "eps_4q": null,
            "eps_4q_growth_year": null,
            "roe": null,
            "roe_4q": 0,
            "gross_profit": null,
            "gross_margin": null,
            "gross_margin_4q_avg": 0,
            "net_income": null,
            "net_income_4q": null,
            "revenue": null,
            "revenue_4q": null,
            "common_shares": null,
            "book_valuer_per_share": null,
            "book_valuer_per_share_4q_avg": 0,
            "equity": null,
            "current_ratio": null,
            "debt_ratio": null,
            "inventory_turnover_ratio": null,
            "account_receivable_turnover_ratio": null,
            "reinvestment_rate": null,
            "research_to_sale_ratio": null,
            "price_fair": 0,
            "eps_avg_yearly": 0,
            "eps_latest_yearly": 0,
            "eps_growth_yearly": 0
        },
        "20014": {
            "year_quarter": 20014,
            "year": 2001,
            "quarter": 4,
            "eps": null,
            "eps_growth_year": null,
            "eps_4q": null,
            "eps_4q_growth_year": null,
            "roe": null,
            "roe_4q": 0,
            "gross_profit": null,
            "gross_margin": null,
            "gross_margin_4q_avg": 0,
            "net_income": null,
            "net_income_4q": null,
            "revenue": null,
            "revenue_4q": null,
            "common_shares": 469000,
            "book_valuer_per_share": 15.18,
            "book_valuer_per_share_4q_avg": 3.8,
            "equity": 712026,
            "current_ratio": 611.71,
            "debt_ratio": 13.43,
            "inventory_turnover_ratio": null,
            "account_receivable_turnover_ratio": null,
            "reinvestment_rate": null,
            "research_to_sale_ratio": null,
            "price_fair": 0,
            "eps_avg_yearly": 0,
            "eps_latest_yearly": 0,
            "eps_growth_yearly": 0
        },
        "20021": {
            "year_quarter": 20021,
            "year": 2002,
            "quarter": 1,
            "eps": null,
            "eps_growth_year": null,
            "eps_4q": null,
            "eps_4q_growth_year": null,
            "roe": null,
            "roe_4q": 0,
            "gross_profit": null,
            "gross_margin": null,
            "gross_margin_4q_avg": 0,
            "net_income": null,
            "net_income_4q": null,
            "revenue": null,
            "revenue_4q": null,
            "common_shares": null,
            "book_valuer_per_share": null,
            "book_valuer_per_share_4q_avg": 3.8,
            "equity": null,
            "current_ratio": null,
            "debt_ratio": null,
            "inventory_turnover_ratio": null,
            "account_receivable_turnover_ratio": null,
            "reinvestment_rate": null,
            "research_to_sale_ratio": null,
            "price_fair": 0,
            "eps_avg_yearly": 0,
            "eps_latest_yearly": 0,
            "eps_growth_yearly": 0
        },
        "20022": {
            "year_quarter": 20022,
            "year": 2002,
            "quarter": 2,
            "eps": null,
            "eps_growth_year": null,
            "eps_4q": null,
            "eps_4q_growth_year": null,
            "roe": null,
            "roe_4q": 0,
            "gross_profit": null,
            "gross_margin": null,
            "gross_margin_4q_avg": 0,
            "net_income": null,
            "net_income_4q": null,
            "revenue": null,
            "revenue_4q": null,
            "common_shares": null,
            "book_valuer_per_share": null,
            "book_valuer_per_share_4q_avg": 3.8,
            "equity": null,
            "current_ratio": null,
            "debt_ratio": null,
            "inventory_turnover_ratio": null,
            "account_receivable_turnover_ratio": null,
            "reinvestment_rate": null,
            "research_to_sale_ratio": null,
            "price_fair": 0,
            "eps_avg_yearly": 0,
            "eps_latest_yearly": 0,
            "eps_growth_yearly": 0
        },
        "20023": {
            "year_quarter": 20023,
            "year": 2002,
            "quarter": 3,
            "eps": null,
            "eps_growth_year": null,
            "eps_4q": null,
            "eps_4q_growth_year": null,
            "roe": null,
            "roe_4q": 0,
            "gross_profit": null,
            "gross_margin": null,
            "gross_margin_4q_avg": 0,
            "net_income": null,
            "net_income_4q": null,
            "revenue": null,
            "revenue_4q": null,
            "common_shares": null,
            "book_valuer_per_share": null,
            "book_valuer_per_share_4q_avg": 3.8,
            "equity": null,
            "current_ratio": null,
            "debt_ratio": null,
            "inventory_turnover_ratio": null,
            "account_receivable_turnover_ratio": null,
            "reinvestment_rate": null,
            "research_to_sale_ratio": null,
            "price_fair": 0,
            "eps_avg_yearly": 0,
            "eps_latest_yearly": 0,
            "eps_growth_yearly": 0
        },
        "20024": {
            "year_quarter": 20024,
            "year": 2002,
            "quarter": 4,
            "eps": null,
            "eps_growth_year": null,
            "eps_4q": null,
            "eps_4q_growth_year": null,
            "roe": null,
            "roe_4q": 0,
            "gross_profit": null,
            "gross_margin": null,
            "gross_margin_4q_avg": 0,
            "net_income": null,
            "net_income_4q": null,
            "revenue": null,
            "revenue_4q": null,
            "common_shares": 492450,
            "book_valuer_per_share": 13.41,
            "book_valuer_per_share_4q_avg": 3.35,
            "equity": 660311,
            "current_ratio": 567.78,
            "debt_ratio": 14.39,
            "inventory_turnover_ratio": null,
            "account_receivable_turnover_ratio": null,
            "reinvestment_rate": null,
            "research_to_sale_ratio": null,
            "price_fair": 0,
            "eps_avg_yearly": 0,
            "eps_latest_yearly": 0,
            "eps_growth_yearly": 0
        },
        "20031": {
            "year_quarter": 20031,
            "year": 2003,
            "quarter": 1,
            "eps": null,
            "eps_growth_year": null,
            "eps_4q": null,
            "eps_4q_growth_year": null,
            "roe": null,
            "roe_4q": 0,
            "gross_profit": null,
            "gross_margin": null,
            "gross_margin_4q_avg": 0,
            "net_income": null,
            "net_income_4q": null,
            "revenue": null,
            "revenue_4q": null,
            "common_shares": null,
            "book_valuer_per_share": null,
            "book_valuer_per_share_4q_avg": 3.35,
            "equity": null,
            "current_ratio": null,
            "debt_ratio": null,
            "inventory_turnover_ratio": null,
            "account_receivable_turnover_ratio": null,
            "reinvestment_rate": null,
            "research_to_sale_ratio": null,
            "price_fair": 0,
            "eps_avg_yearly": 0,
            "eps_latest_yearly": 0,
            "eps_growth_yearly": 0
        },
        "20032": {
            "year_quarter": 20032,
            "year": 2003,
            "quarter": 2,
            "eps": null,
            "eps_growth_year": null,
            "eps_4q": null,
            "eps_4q_growth_year": null,
            "roe": null,
            "roe_4q": 0,
            "gross_profit": null,
            "gross_margin": null,
            "gross_margin_4q_avg": 0,
            "net_income": null,
            "net_income_4q": null,
            "revenue": null,
            "revenue_4q": null,
            "common_shares": null,
            "book_valuer_per_share": null,
            "book_valuer_per_share_4q_avg": 3.35,
            "equity": null,
            "current_ratio": null,
            "debt_ratio": null,
            "inventory_turnover_ratio": null,
            "account_receivable_turnover_ratio": null,
            "reinvestment_rate": null,
            "research_to_sale_ratio": null,
            "price_fair": 0,
            "eps_avg_yearly": 0,
            "eps_latest_yearly": 0,
            "eps_growth_yearly": 0
        },
        "20033": {
            "year_quarter": 20033,
            "year": 2003,
            "quarter": 3,
            "eps": null,
            "eps_growth_year": null,
            "eps_4q": null,
            "eps_4q_growth_year": null,
            "roe": null,
            "roe_4q": 0,
            "gross_profit": null,
            "gross_margin": null,
            "gross_margin_4q_avg": 0,
            "net_income": null,
            "net_income_4q": null,
            "revenue": null,
            "revenue_4q": null,
            "common_shares": null,
            "book_valuer_per_share": null,
            "book_valuer_per_share_4q_avg": 3.35,
            "equity": null,
            "current_ratio": null,
            "debt_ratio": null,
            "inventory_turnover_ratio": null,
            "account_receivable_turnover_ratio": null,
            "reinvestment_rate": null,
            "research_to_sale_ratio": null,
            "price_fair": 0,
            "eps_avg_yearly": 0,
            "eps_latest_yearly": 0,
            "eps_growth_yearly": 0
        },
        "20034": {
            "year_quarter": 20034,
            "year": 2003,
            "quarter": 4,
            "eps": null,
            "eps_growth_year": null,
            "eps_4q": null,
            "eps_4q_growth_year": null,
            "roe": null,
            "roe_4q": 0,
            "gross_profit": null,
            "gross_margin": null,
            "gross_margin_4q_avg": 0,
            "net_income": null,
            "net_income_4q": null,
            "revenue": null,
            "revenue_4q": null,
            "common_shares": 492450,
            "book_valuer_per_share": 14.49,
            "book_valuer_per_share_4q_avg": 3.62,
            "equity": 713475,
            "current_ratio": 642.37,
            "debt_ratio": 13.13,
            "inventory_turnover_ratio": null,
            "account_receivable_turnover_ratio": null,
            "reinvestment_rate": null,
            "research_to_sale_ratio": null,
            "price_fair": 0,
            "eps_avg_yearly": 0,
            "eps_latest_yearly": 0,
            "eps_growth_yearly": 0
        },
        "20041": {
            "year_quarter": 20041,
            "year": 2004,
            "quarter": 1,
            "eps": null,
            "eps_growth_year": null,
            "eps_4q": null,
            "eps_4q_growth_year": null,
            "roe": null,
            "roe_4q": 0,
            "gross_profit": null,
            "gross_margin": null,
            "gross_margin_4q_avg": 0,
            "net_income": null,
            "net_income_4q": null,
            "revenue": null,
            "revenue_4q": null,
            "common_shares": null,
            "book_valuer_per_share": null,
            "book_valuer_per_share_4q_avg": 3.62,
            "equity": null,
            "current_ratio": null,
            "debt_ratio": null,
            "inventory_turnover_ratio": null,
            "account_receivable_turnover_ratio": null,
            "reinvestment_rate": null,
            "research_to_sale_ratio": null,
            "price_fair": 0,
            "eps_avg_yearly": 0,
            "eps_latest_yearly": 0,
            "eps_growth_yearly": 0
        },
        "20042": {
            "year_quarter": 20042,
            "year": 2004,
            "quarter": 2,
            "eps": null,
            "eps_growth_year": null,
            "eps_4q": null,
            "eps_4q_growth_year": null,
            "roe": null,
            "roe_4q": 0,
            "gross_profit": null,
            "gross_margin": null,
            "gross_margin_4q_avg": 0,
            "net_income": null,
            "net_income_4q": null,
            "revenue": null,
            "revenue_4q": null,
            "common_shares": null,
            "book_valuer_per_share": null,
            "book_valuer_per_share_4q_avg": 3.62,
            "equity": null,
            "current_ratio": null,
            "debt_ratio": null,
            "inventory_turnover_ratio": null,
            "account_receivable_turnover_ratio": null,
            "reinvestment_rate": null,
            "research_to_sale_ratio": null,
            "price_fair": 0,
            "eps_avg_yearly": 0,
            "eps_latest_yearly": 0,
            "eps_growth_yearly": 0
        },
        "20043": {
            "year_quarter": 20043,
            "year": 2004,
            "quarter": 3,
            "eps": null,
            "eps_growth_year": null,
            "eps_4q": null,
            "eps_4q_growth_year": null,
            "roe": null,
            "roe_4q": 0,
            "gross_profit": null,
            "gross_margin": null,
            "gross_margin_4q_avg": 0,
            "net_income": null,
            "net_income_4q": null,
            "revenue": null,
            "revenue_4q": null,
            "common_shares": null,
            "book_valuer_per_share": null,
            "book_valuer_per_share_4q_avg": 3.62,
            "equity": null,
            "current_ratio": null,
            "debt_ratio": null,
            "inventory_turnover_ratio": null,
            "account_receivable_turnover_ratio": null,
            "reinvestment_rate": null,
            "research_to_sale_ratio": null,
            "price_fair": 0,
            "eps_avg_yearly": 0,
            "eps_latest_yearly": 0,
            "eps_growth_yearly": 0
        },
        "20044": {
            "year_quarter": 20044,
            "year": 2004,
            "quarter": 4,
            "eps": null,
            "eps_growth_year": null,
            "eps_4q": null,
            "eps_4q_growth_year": null,
            "roe": null,
            "roe_4q": 0,
            "gross_profit": null,
            "gross_margin": null,
            "gross_margin_4q_avg": 0,
            "net_income": null,
            "net_income_4q": null,
            "revenue": null,
            "revenue_4q": null,
            "common_shares": 492450,
            "book_valuer_per_share": 14.04,
            "book_valuer_per_share_4q_avg": 3.51,
            "equity": 691337,
            "current_ratio": 661.17,
            "debt_ratio": 13.16,
            "inventory_turnover_ratio": null,
            "account_receivable_turnover_ratio": null,
            "reinvestment_rate": null,
            "research_to_sale_ratio": null,
            "price_fair": 0,
            "eps_avg_yearly": 0,
            "eps_latest_yearly": 0,
            "eps_growth_yearly": 0
        },
        "20051": {
            "year_quarter": 20051,
            "year": 2005,
            "quarter": 1,
            "eps": 0.14,
            "eps_growth_year": null,
            "eps_4q": null,
            "eps_4q_growth_year": null,
            "roe": 0.96,
            "roe_4q": 0.96,
            "gross_profit": 43611,
            "gross_margin": 37.24,
            "gross_margin_4q_avg": 9.31,
            "net_income": 6641,
            "net_income_4q": null,
            "revenue": 117093,
            "revenue_4q": null,
            "common_shares": 492450,
            "book_valuer_per_share": 14.09,
            "book_valuer_per_share_4q_avg": 7.03,
            "equity": 694067,
            "current_ratio": 718.05,
            "debt_ratio": 12.17,
            "inventory_turnover_ratio": 1.65,
            "account_receivable_turnover_ratio": null,
            "reinvestment_rate": null,
            "research_to_sale_ratio": null,
            "price_fair": 0,
            "eps_avg_yearly": 0,
            "eps_latest_yearly": 0,
            "eps_growth_yearly": 0
        },
        "20052": {
            "year_quarter": 20052,
            "year": 2005,
            "quarter": 2,
            "eps": 0.71,
            "eps_growth_year": null,
            "eps_4q": null,
            "eps_4q_growth_year": null,
            "roe": 4.95,
            "roe_4q": 5.91,
            "gross_profit": 91994,
            "gross_margin": 45.6,
            "gross_margin_4q_avg": 20.71,
            "net_income": 34209,
            "net_income_4q": null,
            "revenue": 201741,
            "revenue_4q": null,
            "common_shares": 492450,
            "book_valuer_per_share": 14,
            "book_valuer_per_share_4q_avg": 10.53,
            "equity": 689256,
            "current_ratio": 404.36,
            "debt_ratio": 21.6,
            "inventory_turnover_ratio": 2.82,
            "account_receivable_turnover_ratio": null,
            "reinvestment_rate": null,
            "research_to_sale_ratio": null,
            "price_fair": 99.4,
            "eps_avg_yearly": 2.84,
            "eps_latest_yearly": 2.84,
            "eps_growth_yearly": 1628.57
        },
        "20053": {
            "year_quarter": 20053,
            "year": 2005,
            "quarter": 3,
            "eps": 0.78,
            "eps_growth_year": null,
            "eps_4q": null,
            "eps_4q_growth_year": null,
            "roe": 5.31,
            "roe_4q": 11.219999999999999,
            "gross_profit": 83998,
            "gross_margin": 39.64,
            "gross_margin_4q_avg": 30.62,
            "net_income": 37612,
            "net_income_4q": null,
            "revenue": 211899,
            "revenue_4q": null,
            "common_shares": 492450,
            "book_valuer_per_share": 14.77,
            "book_valuer_per_share_4q_avg": 14.23,
            "equity": 727451,
            "current_ratio": 498.52,
            "debt_ratio": 16.97,
            "inventory_turnover_ratio": 3.36,
            "account_receivable_turnover_ratio": null,
            "reinvestment_rate": null,
            "research_to_sale_ratio": null,
            "price_fair": 104.3,
            "eps_avg_yearly": 2.98,
            "eps_latest_yearly": 3.12,
            "eps_growth_yearly": 834
        },
        "20054": {
            "year_quarter": 20054,
            "year": 2005,
            "quarter": 4,
            "eps": -0.06,
            "eps_growth_year": null,
            "eps_4q": 1.58,
            "eps_4q_growth_year": null,
            "roe": -0.38,
            "roe_4q": 10.84,
            "gross_profit": 66012,
            "gross_margin": 38.61,
            "gross_margin_4q_avg": 40.27,
            "net_income": -2732,
            "net_income_4q": null,
            "revenue": 170983,
            "revenue_4q": null,
            "common_shares": 492450,
            "book_valuer_per_share": 14.79,
            "book_valuer_per_share_4q_avg": 14.41,
            "equity": 728271,
            "current_ratio": 429.67,
            "debt_ratio": 20.81,
            "inventory_turnover_ratio": 3.75,
            "account_receivable_turnover_ratio": null,
            "reinvestment_rate": null,
            "research_to_sale_ratio": null,
            "price_fair": 104.3,
            "eps_avg_yearly": 2.98,
            "eps_latest_yearly": 3.12,
            "eps_growth_yearly": 834
        },
        "20061": {
            "year_quarter": 20061,
            "year": 2006,
            "quarter": 1,
            "eps": 0.13,
            "eps_growth_year": -7.14,
            "eps_4q": 1.59,
            "eps_4q_growth_year": null,
            "roe": 0.84,
            "roe_4q": 10.719999999999999,
            "gross_profit": 54387,
            "gross_margin": 36.34,
            "gross_margin_4q_avg": 40.05,
            "net_income": 6158,
            "net_income_4q": null,
            "revenue": 149654,
            "revenue_4q": null,
            "common_shares": 492450,
            "book_valuer_per_share": 15.12,
            "book_valuer_per_share_4q_avg": 14.67,
            "equity": 744704,
            "current_ratio": 463.97,
            "debt_ratio": 17.56,
            "inventory_turnover_ratio": 3.08,
            "account_receivable_turnover_ratio": null,
            "reinvestment_rate": null,
            "research_to_sale_ratio": null,
            "price_fair": 104.3,
            "eps_avg_yearly": 2.98,
            "eps_latest_yearly": 3.12,
            "eps_growth_yearly": 834
        },
        "20062": {
            "year_quarter": 20062,
            "year": 2006,
            "quarter": 2,
            "eps": 1.48,
            "eps_growth_year": 108.45,
            "eps_4q": 2.31,
            "eps_4q_growth_year": null,
            "roe": 9.77,
            "roe_4q": 15.54,
            "gross_profit": 129448,
            "gross_margin": 43.93,
            "gross_margin_4q_avg": 39.63,
            "net_income": 72765,
            "net_income_4q": null,
            "revenue": 294669,
            "revenue_4q": null,
            "common_shares": 492450,
            "book_valuer_per_share": 15.14,
            "book_valuer_per_share_4q_avg": 14.96,
            "equity": 745352,
            "current_ratio": 307.65,
            "debt_ratio": 26.07,
            "inventory_turnover_ratio": 3.24,
            "account_receivable_turnover_ratio": null,
            "reinvestment_rate": null,
            "research_to_sale_ratio": null,
            "price_fair": 138.6,
            "eps_avg_yearly": 3.96,
            "eps_latest_yearly": 5.92,
            "eps_growth_yearly": 1940.62
        },
        "20063": {
            "year_quarter": 20063,
            "year": 2006,
            "quarter": 3,
            "eps": 1.47,
            "eps_growth_year": 88.46,
            "eps_4q": 3.02,
            "eps_4q_growth_year": null,
            "roe": 8.72,
            "roe_4q": 18.950000000000003,
            "gross_profit": 127036,
            "gross_margin": 42.38,
            "gross_margin_4q_avg": 40.32,
            "net_income": 72459,
            "net_income_4q": null,
            "revenue": 299771,
            "revenue_4q": null,
            "common_shares": 558450,
            "book_valuer_per_share": 16.42,
            "book_valuer_per_share_4q_avg": 15.37,
            "equity": 917074,
            "current_ratio": 413.04,
            "debt_ratio": 20.36,
            "inventory_turnover_ratio": 3,
            "account_receivable_turnover_ratio": null,
            "reinvestment_rate": null,
            "research_to_sale_ratio": null,
            "price_fair": 155.4,
            "eps_avg_yearly": 4.44,
            "eps_latest_yearly": 5.88,
            "eps_growth_yearly": 1454.79
        },
        "20064": {
            "year_quarter": 20064,
            "year": 2006,
            "quarter": 4,
            "eps": 0.82,
            "eps_growth_year": null,
            "eps_4q": 3.78,
            "eps_4q_growth_year": 139.34,
            "roe": 4.46,
            "roe_4q": 23.79,
            "gross_profit": 105737,
            "gross_margin": 40.72,
            "gross_margin_4q_avg": 40.84,
            "net_income": 41914,
            "net_income_4q": null,
            "revenue": 259669,
            "revenue_4q": null,
            "common_shares": 558450,
            "book_valuer_per_share": 17.24,
            "book_valuer_per_share_4q_avg": 15.98,
            "equity": 962974,
            "current_ratio": 472.72,
            "debt_ratio": 18.25,
            "inventory_turnover_ratio": 3.29,
            "account_receivable_turnover_ratio": null,
            "reinvestment_rate": null,
            "research_to_sale_ratio": null,
            "price_fair": 147.28,
            "eps_avg_yearly": 4.21,
            "eps_latest_yearly": 3.28,
            "eps_growth_yearly": 1128.46
        },
        "20071": {
            "year_quarter": 20071,
            "year": 2007,
            "quarter": 1,
            "eps": 0.81,
            "eps_growth_year": 523.08,
            "eps_4q": 4.18,
            "eps_4q_growth_year": 162.83,
            "roe": 4.57,
            "roe_4q": 27.52,
            "gross_profit": 90671,
            "gross_margin": 37.27,
            "gross_margin_4q_avg": 41.08,
            "net_income": 45045,
            "net_income_4q": null,
            "revenue": 243300,
            "revenue_4q": null,
            "common_shares": 558450,
            "book_valuer_per_share": 18.05,
            "book_valuer_per_share_4q_avg": 16.71,
            "equity": 1008049,
            "current_ratio": 459.22,
            "debt_ratio": 18.39,
            "inventory_turnover_ratio": 4.4,
            "account_receivable_turnover_ratio": null,
            "reinvestment_rate": null,
            "research_to_sale_ratio": null,
            "price_fair": 141.63,
            "eps_avg_yearly": 4.05,
            "eps_latest_yearly": 3.24,
            "eps_growth_yearly": 939.57
        },
        "20072": {
            "year_quarter": 20072,
            "year": 2007,
            "quarter": 2,
            "eps": 1.36,
            "eps_growth_year": -8.11,
            "eps_4q": 4.21,
            "eps_4q_growth_year": 81.98,
            "roe": 7.92,
            "roe_4q": 25.67,
            "gross_profit": 134568,
            "gross_margin": 41.67,
            "gross_margin_4q_avg": 40.51,
            "net_income": 76013,
            "net_income_4q": null,
            "revenue": 322972,
            "revenue_4q": null,
            "common_shares": 558450,
            "book_valuer_per_share": 16.34,
            "book_valuer_per_share_4q_avg": 17.01,
            "equity": 912617,
            "current_ratio": 267.53,
            "debt_ratio": 31.44,
            "inventory_turnover_ratio": 6.86,
            "account_receivable_turnover_ratio": null,
            "reinvestment_rate": null,
            "research_to_sale_ratio": null,
            "price_fair": 148.6,
            "eps_avg_yearly": 4.25,
            "eps_latest_yearly": 5.44,
            "eps_growth_yearly": 844.14
        },
        "20073": {
            "year_quarter": 20073,
            "year": 2007,
            "quarter": 3,
            "eps": 1.23,
            "eps_growth_year": -16.33,
            "eps_4q": 4.15,
            "eps_4q_growth_year": 37.65,
            "roe": 7.25,
            "roe_4q": 24.200000000000003,
            "gross_profit": 122593,
            "gross_margin": 38.29,
            "gross_margin_4q_avg": 39.49,
            "net_income": 68624,
            "net_income_4q": null,
            "revenue": 320186,
            "revenue_4q": null,
            "common_shares": 558450,
            "book_valuer_per_share": 17.57,
            "book_valuer_per_share_4q_avg": 17.3,
            "equity": 980953,
            "current_ratio": 389.78,
            "debt_ratio": 21.6,
            "inventory_turnover_ratio": 8.04,
            "account_receivable_turnover_ratio": null,
            "reinvestment_rate": null,
            "research_to_sale_ratio": null,
            "price_fair": 151.55,
            "eps_avg_yearly": 4.33,
            "eps_latest_yearly": 4.92,
            "eps_growth_yearly": 733.85
        },
        "20074": {
            "year_quarter": 20074,
            "year": 2007,
            "quarter": 4,
            "eps": 0.57,
            "eps_growth_year": -30.49,
            "eps_4q": 3.98,
            "eps_4q_growth_year": 5.33,
            "roe": 3.18,
            "roe_4q": 22.92,
            "gross_profit": 80480,
            "gross_margin": 32.59,
            "gross_margin_4q_avg": 37.46,
            "net_income": 31677,
            "net_income_4q": null,
            "revenue": 246922,
            "revenue_4q": null,
            "common_shares": 558450,
            "book_valuer_per_share": 18.07,
            "book_valuer_per_share_4q_avg": 17.51,
            "equity": 1009056,
            "current_ratio": 563.59,
            "debt_ratio": 15.26,
            "inventory_turnover_ratio": 4.86,
            "account_receivable_turnover_ratio": null,
            "reinvestment_rate": null,
            "research_to_sale_ratio": null,
            "price_fair": 143.58,
            "eps_avg_yearly": 4.1,
            "eps_latest_yearly": 2.28,
            "eps_growth_yearly": 628.46
        },
        "20081": {
            "year_quarter": 20081,
            "year": 2008,
            "quarter": 1,
            "eps": 0.27,
            "eps_growth_year": -66.67,
            "eps_4q": 3.39,
            "eps_4q_growth_year": -18.92,
            "roe": 1.51,
            "roe_4q": 19.86,
            "gross_profit": 60629,
            "gross_margin": 29.54,
            "gross_margin_4q_avg": 35.52,
            "net_income": 15282,
            "net_income_4q": null,
            "revenue": 205234,
            "revenue_4q": null,
            "common_shares": 558450,
            "book_valuer_per_share": 18.24,
            "book_valuer_per_share_4q_avg": 17.56,
            "equity": 1018823,
            "current_ratio": 580.78,
            "debt_ratio": 14.84,
            "inventory_turnover_ratio": 3.07,
            "account_receivable_turnover_ratio": null,
            "reinvestment_rate": null,
            "research_to_sale_ratio": null,
            "price_fair": 133,
            "eps_avg_yearly": 3.8,
            "eps_latest_yearly": 1.08,
            "eps_growth_yearly": 544.56
        },
        "20082": {
            "year_quarter": 20082,
            "year": 2008,
            "quarter": 2,
            "eps": 0.78,
            "eps_growth_year": -42.65,
            "eps_4q": 2.85,
            "eps_4q_growth_year": -32.31,
            "roe": 4.63,
            "roe_4q": 16.57,
            "gross_profit": 98565,
            "gross_margin": 34.33,
            "gross_margin_4q_avg": 33.69,
            "net_income": 43530,
            "net_income_4q": null,
            "revenue": 287147,
            "revenue_4q": null,
            "common_shares": 558450,
            "book_valuer_per_share": 15.44,
            "book_valuer_per_share_4q_avg": 17.33,
            "equity": 862013,
            "current_ratio": 268.61,
            "debt_ratio": 31.47,
            "inventory_turnover_ratio": 3.63,
            "account_receivable_turnover_ratio": null,
            "reinvestment_rate": null,
            "research_to_sale_ratio": null,
            "price_fair": 130.84,
            "eps_avg_yearly": 3.74,
            "eps_latest_yearly": 3.12,
            "eps_growth_yearly": 563.74
        },
        "20083": {
            "year_quarter": 20083,
            "year": 2008,
            "quarter": 3,
            "eps": 0.72,
            "eps_growth_year": -41.46,
            "eps_4q": 2.34,
            "eps_4q_growth_year": -43.61,
            "roe": 4.55,
            "roe_4q": 13.87,
            "gross_profit": 90039,
            "gross_margin": 34.5,
            "gross_margin_4q_avg": 32.74,
            "net_income": 40196,
            "net_income_4q": null,
            "revenue": 261009,
            "revenue_4q": null,
            "common_shares": 558450,
            "book_valuer_per_share": 16.18,
            "book_valuer_per_share_4q_avg": 16.98,
            "equity": 903516,
            "current_ratio": 492.2,
            "debt_ratio": 17.48,
            "inventory_turnover_ratio": 3.77,
            "account_receivable_turnover_ratio": null,
            "reinvestment_rate": null,
            "research_to_sale_ratio": null,
            "price_fair": 128.33,
            "eps_avg_yearly": 3.67,
            "eps_latest_yearly": 2.88,
            "eps_growth_yearly": 514.2
        },
        "20084": {
            "year_quarter": 20084,
            "year": 2008,
            "quarter": 4,
            "eps": 0.01,
            "eps_growth_year": -98.25,
            "eps_4q": 1.79,
            "eps_4q_growth_year": -55.06,
            "roe": 0.07,
            "roe_4q": 10.76,
            "gross_profit": 45421,
            "gross_margin": 26.07,
            "gross_margin_4q_avg": 31.11,
            "net_income": 608,
            "net_income_4q": null,
            "revenue": 174204,
            "revenue_4q": null,
            "common_shares": 562695,
            "book_valuer_per_share": 15.7,
            "book_valuer_per_share_4q_avg": 16.39,
            "equity": 883702,
            "current_ratio": 537.88,
            "debt_ratio": 15.98,
            "inventory_turnover_ratio": 3.66,
            "account_receivable_turnover_ratio": 2.83,
            "reinvestment_rate": 6.35,
            "research_to_sale_ratio": null,
            "price_fair": 118.57,
            "eps_avg_yearly": 3.39,
            "eps_latest_yearly": 0.04,
            "eps_growth_yearly": 444.3
        },
        "20091": {
            "year_quarter": 20091,
            "year": 2009,
            "quarter": 1,
            "eps": 0.12,
            "eps_growth_year": -55.56,
            "eps_4q": 1.64,
            "eps_4q_growth_year": -51.66,
            "roe": 0.75,
            "roe_4q": 10,
            "gross_profit": 46536,
            "gross_margin": 30.88,
            "gross_margin_4q_avg": 31.45,
            "net_income": 6674,
            "net_income_4q": null,
            "revenue": 150677,
            "revenue_4q": null,
            "common_shares": 562895,
            "book_valuer_per_share": 15.83,
            "book_valuer_per_share_4q_avg": 15.79,
            "equity": 891310,
            "current_ratio": 562.53,
            "debt_ratio": 15.37,
            "inventory_turnover_ratio": 3.47,
            "account_receivable_turnover_ratio": 1.27,
            "reinvestment_rate": 7.05,
            "research_to_sale_ratio": null,
            "price_fair": 111.3,
            "eps_avg_yearly": 3.18,
            "eps_latest_yearly": 0.48,
            "eps_growth_yearly": 726.85
        },
        "20092": {
            "year_quarter": 20092,
            "year": 2009,
            "quarter": 2,
            "eps": 0.49,
            "eps_growth_year": -37.18,
            "eps_4q": 1.36,
            "eps_4q_growth_year": -52.37,
            "roe": 3.12,
            "roe_4q": 8.49,
            "gross_profit": 73897,
            "gross_margin": 32.06,
            "gross_margin_4q_avg": 30.88,
            "net_income": 26807,
            "net_income_4q": null,
            "revenue": 230490,
            "revenue_4q": null,
            "common_shares": 562895,
            "book_valuer_per_share": 14.7,
            "book_valuer_per_share_4q_avg": 15.6,
            "equity": 827703,
            "current_ratio": 350.15,
            "debt_ratio": 24.35,
            "inventory_turnover_ratio": 6.12,
            "account_receivable_turnover_ratio": 1.55,
            "reinvestment_rate": 6.63,
            "research_to_sale_ratio": null,
            "price_fair": 109.1,
            "eps_avg_yearly": 3.12,
            "eps_latest_yearly": 1.96,
            "eps_growth_yearly": 698.62
        },
        "20093": {
            "year_quarter": 20093,
            "year": 2009,
            "quarter": 3,
            "eps": 0.51,
            "eps_growth_year": -29.17,
            "eps_4q": 1.14,
            "eps_4q_growth_year": -51.42,
            "roe": 3.29,
            "roe_4q": 7.23,
            "gross_profit": 75982,
            "gross_margin": 35.01,
            "gross_margin_4q_avg": 31.01,
            "net_income": 27724,
            "net_income_4q": null,
            "revenue": 217004,
            "revenue_4q": null,
            "common_shares": 562895,
            "book_valuer_per_share": 15.21,
            "book_valuer_per_share_4q_avg": 15.36,
            "equity": 856335,
            "current_ratio": 505.98,
            "debt_ratio": 17.03,
            "inventory_turnover_ratio": 5.4,
            "account_receivable_turnover_ratio": 1.27,
            "reinvestment_rate": 6.12,
            "research_to_sale_ratio": null,
            "price_fair": 106.4,
            "eps_avg_yearly": 3.04,
            "eps_latest_yearly": 2.04,
            "eps_growth_yearly": 696.97
        },
        "20094": {
            "year_quarter": 20094,
            "year": 2009,
            "quarter": 4,
            "eps": 0.25,
            "eps_growth_year": 2400,
            "eps_4q": 1.37,
            "eps_4q_growth_year": -23.52,
            "roe": 1.57,
            "roe_4q": 8.73,
            "gross_profit": 69607,
            "gross_margin": 35.98,
            "gross_margin_4q_avg": 33.48,
            "net_income": 13580,
            "net_income_4q": null,
            "revenue": 193460,
            "revenue_4q": null,
            "common_shares": 567310,
            "book_valuer_per_share": 16.01,
            "book_valuer_per_share_4q_avg": 15.44,
            "equity": 874388,
            "current_ratio": 533.47,
            "debt_ratio": 16.34,
            "inventory_turnover_ratio": 3.33,
            "account_receivable_turnover_ratio": 2.98,
            "reinvestment_rate": 15.26,
            "research_to_sale_ratio": null,
            "price_fair": 101.64,
            "eps_avg_yearly": 2.9,
            "eps_latest_yearly": 1,
            "eps_growth_yearly": 636.91
        },
        "20101": {
            "year_quarter": 20101,
            "year": 2010,
            "quarter": 1,
            "eps": 0.35,
            "eps_growth_year": 191.67,
            "eps_4q": 1.59,
            "eps_4q_growth_year": -2.63,
            "roe": 2.14,
            "roe_4q": 10.120000000000001,
            "gross_profit": 65158,
            "gross_margin": 33.17,
            "gross_margin_4q_avg": 34.06,
            "net_income": 18940,
            "net_income_4q": null,
            "revenue": 196459,
            "revenue_4q": null,
            "common_shares": 567368,
            "book_valuer_per_share": 16.33,
            "book_valuer_per_share_4q_avg": 15.56,
            "equity": 892140,
            "current_ratio": 530.68,
            "debt_ratio": 16.44,
            "inventory_turnover_ratio": 2.38,
            "account_receivable_turnover_ratio": 1.34,
            "reinvestment_rate": 15.77,
            "research_to_sale_ratio": 11.1,
            "price_fair": 98.35,
            "eps_avg_yearly": 2.81,
            "eps_latest_yearly": 1.4,
            "eps_growth_yearly": 607.11
        },
        "20102": {
            "year_quarter": 20102,
            "year": 2010,
            "quarter": 2,
            "eps": 1.03,
            "eps_growth_year": 109.33,
            "eps_4q": 2.13,
            "eps_4q_growth_year": 56.74,
            "roe": 6.32,
            "roe_4q": 13.32,
            "gross_profit": 125634,
            "gross_margin": 34.89,
            "gross_margin_4q_avg": 34.76,
            "net_income": 56048,
            "net_income_4q": null,
            "revenue": 360125,
            "revenue_4q": null,
            "common_shares": 567468,
            "book_valuer_per_share": 16.13,
            "book_valuer_per_share_4q_avg": 15.92,
            "equity": 881602,
            "current_ratio": 329.47,
            "debt_ratio": 26.36,
            "inventory_turnover_ratio": 3.31,
            "account_receivable_turnover_ratio": 1.6,
            "reinvestment_rate": 16.94,
            "research_to_sale_ratio": 7.31,
            "price_fair": 94.41,
            "eps_avg_yearly": 2.7,
            "eps_latest_yearly": 4.12,
            "eps_growth_yearly": 396.06
        },
        "20103": {
            "year_quarter": 20103,
            "year": 2010,
            "quarter": 3,
            "eps": 0.79,
            "eps_growth_year": 54.55,
            "eps_4q": 2.41,
            "eps_4q_growth_year": 111.54,
            "roe": 4.78,
            "roe_4q": 14.810000000000002,
            "gross_profit": 112719,
            "gross_margin": 33.06,
            "gross_margin_4q_avg": 34.28,
            "net_income": 43170,
            "net_income_4q": null,
            "revenue": 340935,
            "revenue_4q": null,
            "common_shares": 568508,
            "book_valuer_per_share": 16.92,
            "book_valuer_per_share_4q_avg": 16.35,
            "equity": 926358,
            "current_ratio": 443.04,
            "debt_ratio": 19.85,
            "inventory_turnover_ratio": 2.97,
            "account_receivable_turnover_ratio": 1.3,
            "reinvestment_rate": 17.83,
            "research_to_sale_ratio": 7.87,
            "price_fair": 88.46,
            "eps_avg_yearly": 2.53,
            "eps_latest_yearly": 3.16,
            "eps_growth_yearly": 390.4
        },
        "20104": {
            "year_quarter": 20104,
            "year": 2010,
            "quarter": 4,
            "eps": -0.08,
            "eps_growth_year": -133.75,
            "eps_4q": 2.06,
            "eps_4q_growth_year": 50.8,
            "roe": -0.5,
            "roe_4q": 12.740000000000002,
            "gross_profit": 50446,
            "gross_margin": 29.06,
            "gross_margin_4q_avg": 32.55,
            "net_income": -4640,
            "net_income_4q": null,
            "revenue": 173583,
            "revenue_4q": null,
            "common_shares": 570920,
            "book_valuer_per_share": 16.77,
            "book_valuer_per_share_4q_avg": 16.54,
            "equity": 921975,
            "current_ratio": 598.5,
            "debt_ratio": 15.21,
            "inventory_turnover_ratio": 1.43,
            "account_receivable_turnover_ratio": 0.99,
            "reinvestment_rate": 9.26,
            "research_to_sale_ratio": 13.25,
            "price_fair": 86.71,
            "eps_avg_yearly": 2.48,
            "eps_latest_yearly": 3.16,
            "eps_growth_yearly": 428.22
        },
        "20111": {
            "year_quarter": 20111,
            "year": 2011,
            "quarter": 1,
            "eps": 0.09,
            "eps_growth_year": -74.29,
            "eps_4q": 1.81,
            "eps_4q_growth_year": 13.43,
            "roe": 0.52,
            "roe_4q": 11.120000000000001,
            "gross_profit": 51080,
            "gross_margin": 29.84,
            "gross_margin_4q_avg": 31.71,
            "net_income": 4826,
            "net_income_4q": null,
            "revenue": 171156,
            "revenue_4q": null,
            "common_shares": 571213,
            "book_valuer_per_share": 16.86,
            "book_valuer_per_share_4q_avg": 16.67,
            "equity": 927297,
            "current_ratio": 603.07,
            "debt_ratio": 15.18,
            "inventory_turnover_ratio": 1.23,
            "account_receivable_turnover_ratio": 1.28,
            "reinvestment_rate": 20.21,
            "research_to_sale_ratio": 12.7,
            "price_fair": 84.8,
            "eps_avg_yearly": 2.42,
            "eps_latest_yearly": 3.16,
            "eps_growth_yearly": 459.16
        },
        "20112": {
            "year_quarter": 20112,
            "year": 2011,
            "quarter": 2,
            "eps": 0.42,
            "eps_growth_year": -59.16,
            "eps_4q": 1.22,
            "eps_4q_growth_year": -42.88,
            "roe": 2.59,
            "roe_4q": 7.390000000000001,
            "gross_profit": 85519,
            "gross_margin": 30.31,
            "gross_margin_4q_avg": 30.57,
            "net_income": 22793,
            "net_income_4q": null,
            "revenue": 282141,
            "revenue_4q": null,
            "common_shares": 571213,
            "book_valuer_per_share": 15.3,
            "book_valuer_per_share_4q_avg": 16.46,
            "equity": 832742,
            "current_ratio": 339.01,
            "debt_ratio": 24.82,
            "inventory_turnover_ratio": 2.14,
            "account_receivable_turnover_ratio": 1.49,
            "reinvestment_rate": 38.69,
            "research_to_sale_ratio": 9.46,
            "price_fair": 75.4,
            "eps_avg_yearly": 2.15,
            "eps_latest_yearly": 1.68,
            "eps_growth_yearly": 544.52
        },
        "20113": {
            "year_quarter": 20113,
            "year": 2011,
            "quarter": 3,
            "eps": 0.08,
            "eps_growth_year": -89.95,
            "eps_4q": 0.52,
            "eps_4q_growth_year": -78.49,
            "roe": 0.51,
            "roe_4q": 3.1199999999999997,
            "gross_profit": 48730,
            "gross_margin": 27.1,
            "gross_margin_4q_avg": 29.08,
            "net_income": 4154,
            "net_income_4q": null,
            "revenue": 179806,
            "revenue_4q": null,
            "common_shares": 571573,
            "book_valuer_per_share": 15.41,
            "book_valuer_per_share_4q_avg": 16.09,
            "equity": 808328,
            "current_ratio": 560.05,
            "debt_ratio": 15.17,
            "inventory_turnover_ratio": 1.61,
            "account_receivable_turnover_ratio": 0.96,
            "reinvestment_rate": 48.07,
            "research_to_sale_ratio": 10.05,
            "price_fair": 63.9,
            "eps_avg_yearly": 1.83,
            "eps_latest_yearly": 0.32,
            "eps_growth_yearly": 524.12
        },
        "20114": {
            "year_quarter": 20114,
            "year": 2011,
            "quarter": 4,
            "eps": -0.23,
            "eps_growth_year": null,
            "eps_4q": 0.38,
            "eps_4q_growth_year": -81.46,
            "roe": -1.47,
            "roe_4q": 2.15,
            "gross_profit": 32033,
            "gross_margin": 24.27,
            "gross_margin_4q_avg": 27.88,
            "net_income": -11776,
            "net_income_4q": null,
            "revenue": 131996,
            "revenue_4q": null,
            "common_shares": 554390,
            "book_valuer_per_share": 15.16,
            "book_valuer_per_share_4q_avg": 15.68,
            "equity": 792230,
            "current_ratio": 650.61,
            "debt_ratio": 13.29,
            "inventory_turnover_ratio": 1.25,
            "account_receivable_turnover_ratio": 1.08,
            "reinvestment_rate": 40.04,
            "research_to_sale_ratio": 17.57,
            "price_fair": 62.68,
            "eps_avg_yearly": 1.79,
            "eps_latest_yearly": 0.32,
            "eps_growth_yearly": 580.95
        },
        "20121": {
            "year_quarter": 20121,
            "year": 2012,
            "quarter": 1,
            "eps": -0.26,
            "eps_growth_year": -388.89,
            "eps_4q": 0.03,
            "eps_4q_growth_year": -98.22,
            "roe": -1.73,
            "roe_4q": -0.10000000000000053,
            "gross_profit": 32786,
            "gross_margin": 21.92,
            "gross_margin_4q_avg": 25.9,
            "net_income": -13502,
            "net_income_4q": null,
            "revenue": 149552,
            "revenue_4q": null,
            "common_shares": 554008,
            "book_valuer_per_share": 14.91,
            "book_valuer_per_share_4q_avg": 15.2,
            "equity": 772018,
            "current_ratio": 581.97,
            "debt_ratio": 14.74,
            "inventory_turnover_ratio": 1.58,
            "account_receivable_turnover_ratio": 1.31,
            "reinvestment_rate": 44.95,
            "research_to_sale_ratio": 13.45,
            "price_fair": 64.75,
            "eps_avg_yearly": 1.85,
            "eps_latest_yearly": 0.32,
            "eps_growth_yearly": 646.91
        },
        "20122": {
            "year_quarter": 20122,
            "year": 2012,
            "quarter": 2,
            "eps": 0.52,
            "eps_growth_year": 23.73,
            "eps_4q": 0.11,
            "eps_4q_growth_year": -91.21,
            "roe": 3.43,
            "roe_4q": 0.7400000000000002,
            "gross_profit": 83407,
            "gross_margin": 32.28,
            "gross_margin_4q_avg": 26.39,
            "net_income": 26612,
            "net_income_4q": null,
            "revenue": 258388,
            "revenue_4q": null,
            "common_shares": 554008,
            "book_valuer_per_share": 15.21,
            "book_valuer_per_share_4q_avg": 15.17,
            "equity": 781147,
            "current_ratio": 478.38,
            "debt_ratio": 17.92,
            "inventory_turnover_ratio": 2.62,
            "account_receivable_turnover_ratio": 1.51,
            "reinvestment_rate": 48.14,
            "research_to_sale_ratio": 9.58,
            "price_fair": 60.71,
            "eps_avg_yearly": 1.73,
            "eps_latest_yearly": 0.32,
            "eps_growth_yearly": 637.03
        },
        "20123": {
            "year_quarter": 20123,
            "year": 2012,
            "quarter": 3,
            "eps": 0.24,
            "eps_growth_year": 205.43,
            "eps_4q": 0.27,
            "eps_4q_growth_year": -47.67,
            "roe": 1.47,
            "roe_4q": 1.7000000000000004,
            "gross_profit": 64014,
            "gross_margin": 32.42,
            "gross_margin_4q_avg": 27.72,
            "net_income": 11202,
            "net_income_4q": null,
            "revenue": 197447,
            "revenue_4q": null,
            "common_shares": 500211,
            "book_valuer_per_share": 16.03,
            "book_valuer_per_share_4q_avg": 15.33,
            "equity": 742466,
            "current_ratio": 452.44,
            "debt_ratio": 18.89,
            "inventory_turnover_ratio": 2.1,
            "account_receivable_turnover_ratio": 1.13,
            "reinvestment_rate": 51.77,
            "research_to_sale_ratio": 10.15,
            "price_fair": 54.6,
            "eps_avg_yearly": 1.56,
            "eps_latest_yearly": 0.96,
            "eps_growth_yearly": 620.25
        },
        "20124": {
            "year_quarter": 20124,
            "year": 2012,
            "quarter": 4,
            "eps": -0.16,
            "eps_growth_year": null,
            "eps_4q": 0.36,
            "eps_4q_growth_year": -5.72,
            "roe": -1.03,
            "roe_4q": 2.14,
            "gross_profit": 35747,
            "gross_margin": 24.69,
            "gross_margin_4q_avg": 27.83,
            "net_income": -7603,
            "net_income_4q": null,
            "revenue": 144810,
            "revenue_4q": null,
            "common_shares": 500211,
            "book_valuer_per_share": 15.87,
            "book_valuer_per_share_4q_avg": 15.51,
            "equity": 735066,
            "current_ratio": 706.38,
            "debt_ratio": 12.57,
            "inventory_turnover_ratio": 1.94,
            "account_receivable_turnover_ratio": 1.14,
            "reinvestment_rate": 53.39,
            "research_to_sale_ratio": 12.86,
            "price_fair": 59.92,
            "eps_avg_yearly": 1.71,
            "eps_latest_yearly": 0.96,
            "eps_growth_yearly": 721.71
        },
        "20131": {
            "year_quarter": 20131,
            "year": 2013,
            "quarter": 1,
            "eps": -0.16,
            "eps_growth_year": null,
            "eps_4q": 0.5,
            "eps_4q_growth_year": 1444.45,
            "roe": -1.01,
            "roe_4q": 2.8600000000000003,
            "gross_profit": 33446,
            "gross_margin": 23.8,
            "gross_margin_4q_avg": 28.3,
            "net_income": -7346,
            "net_income_4q": null,
            "revenue": 140559,
            "revenue_4q": null,
            "common_shares": 500211,
            "book_valuer_per_share": 15.78,
            "book_valuer_per_share_4q_avg": 15.72,
            "equity": 724604,
            "current_ratio": 489.6,
            "debt_ratio": 17.17,
            "inventory_turnover_ratio": 1.68,
            "account_receivable_turnover_ratio": 1.25,
            "reinvestment_rate": 25.18,
            "research_to_sale_ratio": 15.8,
            "price_fair": 64.71,
            "eps_avg_yearly": 1.85,
            "eps_latest_yearly": 0.96,
            "eps_growth_yearly": 313.02
        },
        "20132": {
            "year_quarter": 20132,
            "year": 2013,
            "quarter": 2,
            "eps": 0.56,
            "eps_growth_year": 8.05,
            "eps_4q": 0.48,
            "eps_4q_growth_year": 347.1,
            "roe": 3.6,
            "roe_4q": 3.03,
            "gross_profit": 71314,
            "gross_margin": 32.45,
            "gross_margin_4q_avg": 28.34,
            "net_income": 25696,
            "net_income_4q": null,
            "revenue": 219758,
            "revenue_4q": null,
            "common_shares": 500211,
            "book_valuer_per_share": 15.34,
            "book_valuer_per_share_4q_avg": 15.76,
            "equity": 704756,
            "current_ratio": 411.18,
            "debt_ratio": 20.26,
            "inventory_turnover_ratio": 2.03,
            "account_receivable_turnover_ratio": 1.6,
            "reinvestment_rate": 26.47,
            "research_to_sale_ratio": 9.2,
            "price_fair": 64.23,
            "eps_avg_yearly": 1.84,
            "eps_latest_yearly": 0.96,
            "eps_growth_yearly": 197.98
        },
        "20133": {
            "year_quarter": 20133,
            "year": 2013,
            "quarter": 3,
            "eps": 0.2,
            "eps_growth_year": -17.32,
            "eps_4q": 0.43,
            "eps_4q_growth_year": 59.14,
            "roe": 1.27,
            "roe_4q": 2.83,
            "gross_profit": 59078,
            "gross_margin": 31.27,
            "gross_margin_4q_avg": 28.05,
            "net_income": 9039,
            "net_income_4q": null,
            "revenue": 188906,
            "revenue_4q": null,
            "common_shares": 500211,
            "book_valuer_per_share": 15.54,
            "book_valuer_per_share_4q_avg": 15.63,
            "equity": 713830,
            "current_ratio": 632.62,
            "debt_ratio": 13.71,
            "inventory_turnover_ratio": 2.08,
            "account_receivable_turnover_ratio": 1.32,
            "reinvestment_rate": 29.26,
            "research_to_sale_ratio": 10.86,
            "price_fair": 58.8,
            "eps_avg_yearly": 1.68,
            "eps_latest_yearly": 0.8,
            "eps_growth_yearly": 163.79
        },
        "20134": {
            "year_quarter": 20134,
            "year": 2013,
            "quarter": 4,
            "eps": 0,
            "eps_growth_year": null,
            "eps_4q": 0.6,
            "eps_4q_growth_year": 66.35,
            "roe": 0.02,
            "roe_4q": 3.880000000000001,
            "gross_profit": 47205,
            "gross_margin": 30.31,
            "gross_margin_4q_avg": 29.46,
            "net_income": 179,
            "net_income_4q": null,
            "revenue": 155725,
            "revenue_4q": null,
            "common_shares": 500211,
            "book_valuer_per_share": 15.59,
            "book_valuer_per_share_4q_avg": 15.56,
            "equity": 715830,
            "current_ratio": 621.79,
            "debt_ratio": 13.89,
            "inventory_turnover_ratio": 2.2,
            "account_receivable_turnover_ratio": 1.3,
            "reinvestment_rate": -1.77,
            "research_to_sale_ratio": 13.73,
            "price_fair": 62.2,
            "eps_avg_yearly": 1.78,
            "eps_latest_yearly": 0.8,
            "eps_growth_yearly": 216.32
        },
        "20141": {
            "year_quarter": 20141,
            "year": 2014,
            "quarter": 1,
            "eps": 0.18,
            "eps_growth_year": null,
            "eps_4q": 0.94,
            "eps_4q_growth_year": 88.11,
            "roe": 1.12,
            "roe_4q": 6.01,
            "gross_profit": 51058,
            "gross_margin": 38.43,
            "gross_margin_4q_avg": 33.12,
            "net_income": 8097,
            "net_income_4q": null,
            "revenue": 132845,
            "revenue_4q": null,
            "common_shares": 500211,
            "book_valuer_per_share": 15.81,
            "book_valuer_per_share_4q_avg": 15.57,
            "equity": 725990,
            "current_ratio": 542.95,
            "debt_ratio": 15.84,
            "inventory_turnover_ratio": 1.41,
            "account_receivable_turnover_ratio": 1.23,
            "reinvestment_rate": -4.41,
            "research_to_sale_ratio": 14.86,
            "price_fair": 64.4,
            "eps_avg_yearly": 1.84,
            "eps_latest_yearly": 0.8,
            "eps_growth_yearly": 225.71
        },
        "20142": {
            "year_quarter": 20142,
            "year": 2014,
            "quarter": 2,
            "eps": 0.42,
            "eps_growth_year": -25,
            "eps_4q": 0.8,
            "eps_4q_growth_year": 67.04,
            "roe": 2.72,
            "roe_4q": 5.130000000000001,
            "gross_profit": 75705,
            "gross_margin": 34.88,
            "gross_margin_4q_avg": 33.72,
            "net_income": 19349,
            "net_income_4q": null,
            "revenue": 217043,
            "revenue_4q": null,
            "common_shares": 494784,
            "book_valuer_per_share": 15.2,
            "book_valuer_per_share_4q_avg": 15.54,
            "equity": 697993,
            "current_ratio": 406.28,
            "debt_ratio": 20.77,
            "inventory_turnover_ratio": 2.09,
            "account_receivable_turnover_ratio": 1.75,
            "reinvestment_rate": -10.72,
            "research_to_sale_ratio": 11.15,
            "price_fair": 50.17,
            "eps_avg_yearly": 1.43,
            "eps_latest_yearly": 1.68,
            "eps_growth_yearly": 185.08
        },
        "20143": {
            "year_quarter": 20143,
            "year": 2014,
            "quarter": 3,
            "eps": 0.07,
            "eps_growth_year": -65,
            "eps_4q": 0.67,
            "eps_4q_growth_year": 55.95,
            "roe": 0.47,
            "roe_4q": 4.33,
            "gross_profit": 48266,
            "gross_margin": 28.42,
            "gross_margin_4q_avg": 33.01,
            "net_income": 3298,
            "net_income_4q": null,
            "revenue": 169828,
            "revenue_4q": null,
            "common_shares": 494784,
            "book_valuer_per_share": 15.3,
            "book_valuer_per_share_4q_avg": 15.48,
            "equity": 704053,
            "current_ratio": 551.93,
            "debt_ratio": 15.65,
            "inventory_turnover_ratio": 1.98,
            "account_receivable_turnover_ratio": 1.33,
            "reinvestment_rate": -15.44,
            "research_to_sale_ratio": 14.94,
            "price_fair": 33.37,
            "eps_avg_yearly": 0.95,
            "eps_latest_yearly": 0.28,
            "eps_growth_yearly": 145.05
        },
        "20144": {
            "year_quarter": 20144,
            "year": 2014,
            "quarter": 4,
            "eps": 0.34,
            "eps_growth_year": 8555.56,
            "eps_4q": 1.01,
            "eps_4q_growth_year": 67.54,
            "roe": 2.18,
            "roe_4q": 6.490000000000001,
            "gross_profit": 57956,
            "gross_margin": 32.57,
            "gross_margin_4q_avg": 33.58,
            "net_income": 15517,
            "net_income_4q": null,
            "revenue": 177964,
            "revenue_4q": null,
            "common_shares": 477514,
            "book_valuer_per_share": 15.7,
            "book_valuer_per_share_4q_avg": 15.5,
            "equity": 722123,
            "current_ratio": 534.58,
            "debt_ratio": 16.15,
            "inventory_turnover_ratio": 1.91,
            "account_receivable_turnover_ratio": 1.52,
            "reinvestment_rate": -7.29,
            "research_to_sale_ratio": 10.55,
            "price_fair": 35.4,
            "eps_avg_yearly": 1.01,
            "eps_latest_yearly": 1.36,
            "eps_growth_yearly": 344.74
        },
        "20151": {
            "year_quarter": 20151,
            "year": 2015,
            "quarter": 1,
            "eps": -0.1,
            "eps_growth_year": -155.56,
            "eps_4q": 0.73,
            "eps_4q_growth_year": -22.13,
            "roe": -0.64,
            "roe_4q": 4.73,
            "gross_profit": 41616,
            "gross_margin": 34.59,
            "gross_margin_4q_avg": 32.62,
            "net_income": -4609,
            "net_income_4q": null,
            "revenue": 120314,
            "revenue_4q": null,
            "common_shares": 469096,
            "book_valuer_per_share": 15.56,
            "book_valuer_per_share_4q_avg": 15.44,
            "equity": 716047,
            "current_ratio": 531.33,
            "debt_ratio": 16.27,
            "inventory_turnover_ratio": 0.99,
            "account_receivable_turnover_ratio": 1.17,
            "reinvestment_rate": -11.1,
            "research_to_sale_ratio": 18.28,
            "price_fair": 35.4,
            "eps_avg_yearly": 1.01,
            "eps_latest_yearly": 1.36,
            "eps_growth_yearly": 344.74
        },
        "20152": {
            "year_quarter": 20152,
            "year": 2015,
            "quarter": 2,
            "eps": 0.18,
            "eps_growth_year": -57.14,
            "eps_4q": 0.49,
            "eps_4q_growth_year": -38.41,
            "roe": 1.19,
            "roe_4q": 3.2,
            "gross_profit": 58884,
            "gross_margin": 30.54,
            "gross_margin_4q_avg": 31.53,
            "net_income": 8416,
            "net_income_4q": null,
            "revenue": 192834,
            "revenue_4q": null,
            "common_shares": 463921,
            "book_valuer_per_share": 15.2,
            "book_valuer_per_share_4q_avg": 15.44,
            "equity": 699499,
            "current_ratio": 451.84,
            "debt_ratio": 18.84,
            "inventory_turnover_ratio": 1.47,
            "account_receivable_turnover_ratio": 1.74,
            "reinvestment_rate": -91.1,
            "research_to_sale_ratio": 12.49,
            "price_fair": 31.5,
            "eps_avg_yearly": 0.9,
            "eps_latest_yearly": 1.36,
            "eps_growth_yearly": 157.75
        },
        "20153": {
            "year_quarter": 20153,
            "year": 2015,
            "quarter": 3,
            "eps": 0.01,
            "eps_growth_year": -85.71,
            "eps_4q": 0.44,
            "eps_4q_growth_year": -34.8,
            "roe": 0.09,
            "roe_4q": 2.8200000000000003,
            "gross_profit": 41460,
            "gross_margin": 28.35,
            "gross_margin_4q_avg": 31.51,
            "net_income": 653,
            "net_income_4q": null,
            "revenue": 146258,
            "revenue_4q": null,
            "common_shares": 463921,
            "book_valuer_per_share": 15.31,
            "book_valuer_per_share_4q_avg": 15.44,
            "equity": 698237,
            "current_ratio": 535.44,
            "debt_ratio": 16.14,
            "inventory_turnover_ratio": 1.19,
            "account_receivable_turnover_ratio": 1.24,
            "reinvestment_rate": -103.69,
            "research_to_sale_ratio": 17.21,
            "price_fair": 29.87,
            "eps_avg_yearly": 0.85,
            "eps_latest_yearly": 0.04,
            "eps_growth_yearly": 148.76
        },
        "20154": {
            "year_quarter": 20154,
            "year": 2015,
            "quarter": 4,
            "eps": 0.08,
            "eps_growth_year": -74.82,
            "eps_4q": 0.18,
            "eps_4q_growth_year": -81.82,
            "roe": 0.55,
            "roe_4q": 1.19,
            "gross_profit": 42340,
            "gross_margin": 30.56,
            "gross_margin_4q_avg": 31.01,
            "net_income": 3869,
            "net_income_4q": null,
            "revenue": 138536,
            "revenue_4q": null,
            "common_shares": 463921,
            "book_valuer_per_share": 15.32,
            "book_valuer_per_share_4q_avg": 15.35,
            "equity": 698009,
            "current_ratio": 699.71,
            "debt_ratio": 13.09,
            "inventory_turnover_ratio": 1.21,
            "account_receivable_turnover_ratio": 1.39,
            "reinvestment_rate": -88.87,
            "research_to_sale_ratio": 12.37,
            "price_fair": 27.2,
            "eps_avg_yearly": 0.78,
            "eps_latest_yearly": 0.32,
            "eps_growth_yearly": 527.51
        },
        "20161": {
            "year_quarter": 20161,
            "year": 2016,
            "quarter": 1,
            "eps": -0.3,
            "eps_growth_year": null,
            "eps_4q": -0.01,
            "eps_4q_growth_year": -101.63,
            "roe": -1.95,
            "roe_4q": -0.11999999999999988,
            "gross_profit": 31188,
            "gross_margin": 27.58,
            "gross_margin_4q_avg": 29.26,
            "net_income": -13481,
            "net_income_4q": null,
            "revenue": 113070,
            "revenue_4q": null,
            "common_shares": 460131,
            "book_valuer_per_share": 15.01,
            "book_valuer_per_share_4q_avg": 15.21,
            "equity": 683664,
            "current_ratio": 553.98,
            "debt_ratio": 16.06,
            "inventory_turnover_ratio": 0.97,
            "account_receivable_turnover_ratio": 1.17,
            "reinvestment_rate": -90.56,
            "research_to_sale_ratio": 18.9,
            "price_fair": 27.2,
            "eps_avg_yearly": 0.78,
            "eps_latest_yearly": 0.32,
            "eps_growth_yearly": 527.51
        },
        "20162": {
            "year_quarter": 20162,
            "year": 2016,
            "quarter": 2,
            "eps": 0.42,
            "eps_growth_year": 133.33,
            "eps_4q": 0.22,
            "eps_4q_growth_year": -55.52,
            "roe": 2.75,
            "roe_4q": 1.4400000000000002,
            "gross_profit": 67609,
            "gross_margin": 33.24,
            "gross_margin_4q_avg": 29.93,
            "net_income": 18835,
            "net_income_4q": null,
            "revenue": 203422,
            "revenue_4q": null,
            "common_shares": 460131,
            "book_valuer_per_share": 15.24,
            "book_valuer_per_share_4q_avg": 15.22,
            "equity": 688204,
            "current_ratio": 531.87,
            "debt_ratio": 16.71,
            "inventory_turnover_ratio": 1.48,
            "account_receivable_turnover_ratio": 1.77,
            "reinvestment_rate": -101.26,
            "research_to_sale_ratio": 10.88,
            "price_fair": 27.2,
            "eps_avg_yearly": 0.78,
            "eps_latest_yearly": 0.32,
            "eps_growth_yearly": 527.51
        },
        "20163": {
            "year_quarter": 20163,
            "year": 2016,
            "quarter": 3,
            "eps": 0.01,
            "eps_growth_year": 0,
            "eps_4q": 0.21,
            "eps_4q_growth_year": -51.76,
            "roe": 0.05,
            "roe_4q": 1.4,
            "gross_profit": 47209,
            "gross_margin": 30.62,
            "gross_margin_4q_avg": 30.5,
            "net_income": 319,
            "net_income_4q": null,
            "revenue": 154197,
            "revenue_4q": null,
            "common_shares": 460131,
            "book_valuer_per_share": 15.19,
            "book_valuer_per_share_4q_avg": 15.19,
            "equity": 685783,
            "current_ratio": 735.43,
            "debt_ratio": 12.71,
            "inventory_turnover_ratio": 1.49,
            "account_receivable_turnover_ratio": 1.28,
            "reinvestment_rate": -112.34,
            "research_to_sale_ratio": 14.09,
            "price_fair": 22.6,
            "eps_avg_yearly": 0.65,
            "eps_latest_yearly": 0.04,
            "eps_growth_yearly": 502.49
        },
        "20164": {
            "year_quarter": 20164,
            "year": 2016,
            "quarter": 4,
            "eps": 0.12,
            "eps_growth_year": 44.64,
            "eps_4q": 0.25,
            "eps_4q_growth_year": 35.9,
            "roe": 0.81,
            "roe_4q": 1.6600000000000004,
            "gross_profit": 44119,
            "gross_margin": 32.11,
            "gross_margin_4q_avg": 30.89,
            "net_income": 5547,
            "net_income_4q": null,
            "revenue": 137414,
            "revenue_4q": null,
            "common_shares": 460131,
            "book_valuer_per_share": 15.24,
            "book_valuer_per_share_4q_avg": 15.17,
            "equity": 688257,
            "current_ratio": 648.52,
            "debt_ratio": 14.53,
            "inventory_turnover_ratio": 1.64,
            "account_receivable_turnover_ratio": 1.4,
            "reinvestment_rate": -97.05,
            "research_to_sale_ratio": 15.83,
            "price_fair": 21.88,
            "eps_avg_yearly": 0.63,
            "eps_latest_yearly": 0.48,
            "eps_growth_yearly": 989.68
        },
        "20171": {
            "year_quarter": 20171,
            "year": 2017,
            "quarter": 1,
            "eps": -0.27,
            "eps_growth_year": null,
            "eps_4q": 0.28,
            "eps_4q_growth_year": null,
            "roe": -1.77,
            "roe_4q": 1.84,
            "gross_profit": 39670,
            "gross_margin": 34.03,
            "gross_margin_4q_avg": 32.5,
            "net_income": -12035,
            "net_income_4q": null,
            "revenue": 116577,
            "revenue_4q": null,
            "common_shares": 460131,
            "book_valuer_per_share": 14.89,
            "book_valuer_per_share_4q_avg": 15.14,
            "equity": 672426,
            "current_ratio": 617.79,
            "debt_ratio": 15.17,
            "inventory_turnover_ratio": 1.26,
            "account_receivable_turnover_ratio": 1.29,
            "reinvestment_rate": -28.66,
            "research_to_sale_ratio": 18.35,
            "price_fair": 21.88,
            "eps_avg_yearly": 0.63,
            "eps_latest_yearly": 0.48,
            "eps_growth_yearly": 989.68
        },
        "20172": {
            "year_quarter": 20172,
            "year": 2017,
            "quarter": 2,
            "eps": 0.38,
            "eps_growth_year": -9.52,
            "eps_4q": 0.24,
            "eps_4q_growth_year": 10.4,
            "roe": 2.53,
            "roe_4q": 1.6199999999999999,
            "gross_profit": 64595,
            "gross_margin": 33.56,
            "gross_margin_4q_avg": 32.58,
            "net_income": 17072,
            "net_income_4q": null,
            "revenue": 192497,
            "revenue_4q": null,
            "common_shares": 460131,
            "book_valuer_per_share": 14.99,
            "book_valuer_per_share_4q_avg": 15.08,
            "equity": 676881,
            "current_ratio": 548.8,
            "debt_ratio": 16.51,
            "inventory_turnover_ratio": 1.97,
            "account_receivable_turnover_ratio": 1.7,
            "reinvestment_rate": -31.14,
            "research_to_sale_ratio": 12.12,
            "price_fair": 21.88,
            "eps_avg_yearly": 0.63,
            "eps_latest_yearly": 0.48,
            "eps_growth_yearly": 989.68
        },
        "20173": {
            "year_quarter": 20173,
            "year": 2017,
            "quarter": 3,
            "eps": -0.04,
            "eps_growth_year": -500,
            "eps_4q": 0.2,
            "eps_4q_growth_year": -7.39,
            "roe": -0.26,
            "roe_4q": 1.3099999999999996,
            "gross_profit": 42730,
            "gross_margin": 31.13,
            "gross_margin_4q_avg": 32.71,
            "net_income": -1747,
            "net_income_4q": null,
            "revenue": 137252,
            "revenue_4q": null,
            "common_shares": 460131,
            "book_valuer_per_share": 14.96,
            "book_valuer_per_share_4q_avg": 15.02,
            "equity": 675688,
            "current_ratio": 712.95,
            "debt_ratio": 13.34,
            "inventory_turnover_ratio": 1.38,
            "account_receivable_turnover_ratio": 1.18,
            "reinvestment_rate": -33.97,
            "research_to_sale_ratio": 17.89,
            "price_fair": 21,
            "eps_avg_yearly": 0.6,
            "eps_latest_yearly": 0.48,
            "eps_growth_yearly": 1167.8
        },
        "20174": {
            "year_quarter": 20174,
            "year": 2017,
            "quarter": 4,
            "eps": 0.03,
            "eps_growth_year": -73.16,
            "eps_4q": 0.11,
            "eps_4q_growth_year": -57.41,
            "roe": 0.22,
            "roe_4q": 0.7199999999999998,
            "gross_profit": 43440,
            "gross_margin": 32.49,
            "gross_margin_4q_avg": 32.8,
            "net_income": 1489,
            "net_income_4q": null,
            "revenue": 133686,
            "revenue_4q": null,
            "common_shares": 460131,
            "book_valuer_per_share": 14.97,
            "book_valuer_per_share_4q_avg": 14.95,
            "equity": 676114,
            "current_ratio": 648.66,
            "debt_ratio": 14.54,
            "inventory_turnover_ratio": 1.16,
            "account_receivable_turnover_ratio": 1.43,
            "reinvestment_rate": -33.58,
            "research_to_sale_ratio": 14.54,
            "price_fair": 21,
            "eps_avg_yearly": 0.6,
            "eps_latest_yearly": 0.48,
            "eps_growth_yearly": 1167.8
        },
        "20181": {
            "year_quarter": 20181,
            "year": 2018,
            "quarter": 1,
            "eps": -0.47,
            "eps_growth_year": null,
            "eps_4q": -0.1,
            "eps_4q_growth_year": -134.08,
            "roe": -3.17,
            "roe_4q": -0.6800000000000002,
            "gross_profit": 28454,
            "gross_margin": 24.89,
            "gross_margin_4q_avg": 30.52,
            "net_income": -21130,
            "net_income_4q": null,
            "revenue": 114336,
            "revenue_4q": null,
            "common_shares": 460131,
            "book_valuer_per_share": 14.52,
            "book_valuer_per_share_4q_avg": 14.86,
            "equity": 655768,
            "current_ratio": 657.05,
            "debt_ratio": 14.38,
            "inventory_turnover_ratio": 0.99,
            "account_receivable_turnover_ratio": 1.34,
            "reinvestment_rate": -54.39,
            "research_to_sale_ratio": 20.47,
            "price_fair": 21,
            "eps_avg_yearly": 0.6,
            "eps_latest_yearly": 0.48,
            "eps_growth_yearly": 1167.8
        },
        "20182": {
            "year_quarter": 20182,
            "year": 2018,
            "quarter": 2,
            "eps": 0.49,
            "eps_growth_year": 28.95,
            "eps_4q": 0.01,
            "eps_4q_growth_year": -94.01,
            "roe": 3.34,
            "roe_4q": 0.1299999999999999,
            "gross_profit": 51120,
            "gross_margin": 28.24,
            "gross_margin_4q_avg": 29.19,
            "net_income": 22041,
            "net_income_4q": null,
            "revenue": 180995,
            "revenue_4q": null,
            "common_shares": 460131,
            "book_valuer_per_share": 14.71,
            "book_valuer_per_share_4q_avg": 14.79,
            "equity": 664202,
            "current_ratio": 562.31,
            "debt_ratio": 16.44,
            "inventory_turnover_ratio": 1.47,
            "account_receivable_turnover_ratio": 1.78,
            "reinvestment_rate": -46.78,
            "research_to_sale_ratio": 11.96,
            "price_fair": 14.7,
            "eps_avg_yearly": 0.42,
            "eps_latest_yearly": 0.48,
            "eps_growth_yearly": 1273.54
        },
        "20183": {
            "year_quarter": 20183,
            "year": 2018,
            "quarter": 3,
            "eps": 0.05,
            "eps_growth_year": null,
            "eps_4q": 0.1,
            "eps_4q_growth_year": -47.67,
            "roe": 0.33,
            "roe_4q": 0.72,
            "gross_profit": 44232,
            "gross_margin": 29.18,
            "gross_margin_4q_avg": 28.7,
            "net_income": 2224,
            "net_income_4q": null,
            "revenue": 151568,
            "revenue_4q": null,
            "common_shares": 460131,
            "book_valuer_per_share": 14.71,
            "book_valuer_per_share_4q_avg": 14.73,
            "equity": 664198,
            "current_ratio": 749.77,
            "debt_ratio": 13.06,
            "inventory_turnover_ratio": 1.23,
            "account_receivable_turnover_ratio": 1.31,
            "reinvestment_rate": -49.47,
            "research_to_sale_ratio": 14.15,
            "price_fair": 14.23,
            "eps_avg_yearly": 0.41,
            "eps_latest_yearly": 0.2,
            "eps_growth_yearly": 1269.24
        },
        "20184": {
            "year_quarter": 20184,
            "year": 2018,
            "quarter": 4,
            "eps": 0.07,
            "eps_growth_year": 110.01,
            "eps_4q": 0.14,
            "eps_4q_growth_year": 31.03,
            "roe": 0.47,
            "roe_4q": 0.9699999999999998,
            "gross_profit": 42803,
            "gross_margin": 32.49,
            "gross_margin_4q_avg": 28.7,
            "net_income": 3127,
            "net_income_4q": null,
            "revenue": 131730,
            "revenue_4q": null,
            "common_shares": 455601,
            "book_valuer_per_share": 14.77,
            "book_valuer_per_share_4q_avg": 14.68,
            "equity": 667181,
            "current_ratio": 778.55,
            "debt_ratio": 12.83,
            "inventory_turnover_ratio": 0.91,
            "account_receivable_turnover_ratio": 1.32,
            "reinvestment_rate": -72.06,
            "research_to_sale_ratio": 13.81,
            "price_fair": 7.93,
            "eps_avg_yearly": 0.23,
            "eps_latest_yearly": 0.28,
            "eps_growth_yearly": 1038.76
        },
        "20191": {
            "year_quarter": 20191,
            "year": 2019,
            "quarter": 1,
            "eps": -0.25,
            "eps_growth_year": null,
            "eps_4q": 0.36,
            "eps_4q_growth_year": null,
            "roe": -1.71,
            "roe_4q": 2.4299999999999997,
            "gross_profit": 28120,
            "gross_margin": 27.36,
            "gross_margin_4q_avg": 29.32,
            "net_income": -11349,
            "net_income_4q": null,
            "revenue": 102775,
            "revenue_4q": null,
            "common_shares": 455601,
            "book_valuer_per_share": 14.56,
            "book_valuer_per_share_4q_avg": 14.69,
            "equity": 657712,
            "current_ratio": 706.38,
            "debt_ratio": 13.92,
            "inventory_turnover_ratio": 0.64,
            "account_receivable_turnover_ratio": 1.16,
            "reinvestment_rate": -85.27,
            "research_to_sale_ratio": 20.24,
            "price_fair": 7.93,
            "eps_avg_yearly": 0.23,
            "eps_latest_yearly": 0.28,
            "eps_growth_yearly": 1038.76
        },
        "20192": {
            "year_quarter": 20192,
            "year": 2019,
            "quarter": 2,
            "eps": 0.31,
            "eps_growth_year": -36.73,
            "eps_4q": 0.18,
            "eps_4q_growth_year": 1136.27,
            "roe": 2.14,
            "roe_4q": 1.2300000000000002,
            "gross_profit": 55485,
            "gross_margin": 30.72,
            "gross_margin_4q_avg": 29.94,
            "net_income": 14071,
            "net_income_4q": null,
            "revenue": 180604,
            "revenue_4q": null,
            "common_shares": 451601,
            "book_valuer_per_share": 14.55,
            "book_valuer_per_share_4q_avg": 14.65,
            "equity": 656885,
            "current_ratio": 567.81,
            "debt_ratio": 16.53,
            "inventory_turnover_ratio": 1.04,
            "account_receivable_turnover_ratio": 1.73,
            "reinvestment_rate": -68.94,
            "research_to_sale_ratio": 11.47,
            "price_fair": 7.93,
            "eps_avg_yearly": 0.23,
            "eps_latest_yearly": 0.28,
            "eps_growth_yearly": 1038.76
        },
        "20193": {
            "year_quarter": 20193,
            "year": 2019,
            "quarter": 3,
            "eps": -0.04,
            "eps_growth_year": -180,
            "eps_4q": 0.09,
            "eps_4q_growth_year": -12.67,
            "roe": -0.28,
            "roe_4q": 0.6200000000000001,
            "gross_profit": 36342,
            "gross_margin": 25.95,
            "gross_margin_4q_avg": 29.13,
            "net_income": -1811,
            "net_income_4q": null,
            "revenue": 140060,
            "revenue_4q": null,
            "common_shares": 451601,
            "book_valuer_per_share": 14.47,
            "book_valuer_per_share_4q_avg": 14.59,
            "equity": 653301,
            "current_ratio": 918.8,
            "debt_ratio": 11.41,
            "inventory_turnover_ratio": 0.97,
            "account_receivable_turnover_ratio": 1.33,
            "reinvestment_rate": -80.08,
            "research_to_sale_ratio": 14.12,
            "price_fair": 9.24,
            "eps_avg_yearly": 0.26,
            "eps_latest_yearly": 0.28,
            "eps_growth_yearly": 1322.07
        },
        "20194": {
            "year_quarter": 20194,
            "year": 2019,
            "quarter": 4,
            "eps": -0.44,
            "eps_growth_year": -732.07,
            "eps_4q": -0.42,
            "eps_4q_growth_year": -401.09,
            "roe": -3.07,
            "roe_4q": -2.9199999999999995,
            "gross_profit": 26366,
            "gross_margin": 22.3,
            "gross_margin_4q_avg": 26.58,
            "net_income": -19765,
            "net_income_4q": null,
            "revenue": 118245,
            "revenue_4q": null,
            "common_shares": 451601,
            "book_valuer_per_share": 14.01,
            "book_valuer_per_share_4q_avg": 14.4,
            "equity": 632743,
            "current_ratio": 949.25,
            "debt_ratio": 11.14,
            "inventory_turnover_ratio": 1.04,
            "account_receivable_turnover_ratio": 1.44,
            "reinvestment_rate": -623.98,
            "research_to_sale_ratio": 17.12,
            "price_fair": 8.75,
            "eps_avg_yearly": 0.25,
            "eps_latest_yearly": 0.28,
            "eps_growth_yearly": 952.59
        },
        "20201": {
            "year_quarter": 20201,
            "year": 2020,
            "quarter": 1,
            "eps": -0.3,
            "eps_growth_year": null,
            "eps_4q": -0.47,
            "eps_4q_growth_year": -232.43,
            "roe": -2.2,
            "roe_4q": -3.4099999999999997,
            "gross_profit": 22719,
            "gross_margin": 28.01,
            "gross_margin_4q_avg": 26.75,
            "net_income": -13741,
            "net_income_4q": null,
            "revenue": 81121,
            "revenue_4q": null,
            "common_shares": 451601,
            "book_valuer_per_share": 13.69,
            "book_valuer_per_share_4q_avg": 14.18,
            "equity": 618037,
            "current_ratio": 888.14,
            "debt_ratio": 11.77,
            "inventory_turnover_ratio": 0.74,
            "account_receivable_turnover_ratio": 1.16,
            "reinvestment_rate": -644.33,
            "research_to_sale_ratio": 24.37,
            "price_fair": 8.75,
            "eps_avg_yearly": 0.25,
            "eps_latest_yearly": 0.28,
            "eps_growth_yearly": 952.59
        },
        "20202": {
            "year_quarter": 20202,
            "year": 2020,
            "quarter": 2,
            "eps": -0.41,
            "eps_growth_year": -232.26,
            "eps_4q": -1.19,
            "eps_4q_growth_year": -766.07,
            "roe": -3.03,
            "roe_4q": -8.58,
            "gross_profit": 25554,
            "gross_margin": 21.53,
            "gross_margin_4q_avg": 24.45,
            "net_income": -18455,
            "net_income_4q": null,
            "revenue": 118713,
            "revenue_4q": null,
            "common_shares": 451601,
            "book_valuer_per_share": 13.27,
            "book_valuer_per_share_4q_avg": 13.86,
            "equity": 599061,
            "current_ratio": 848.43,
            "debt_ratio": 12.24,
            "inventory_turnover_ratio": 1.26,
            "account_receivable_turnover_ratio": 1.71,
            "reinvestment_rate": null,
            "research_to_sale_ratio": 17.49,
            "price_fair": 8.75,
            "eps_avg_yearly": 0.25,
            "eps_latest_yearly": 0.28,
            "eps_growth_yearly": 952.59
        },
        "20203": {
            "year_quarter": 20203,
            "year": 2020,
            "quarter": 3,
            "eps": -0.12,
            "eps_growth_year": null,
            "eps_4q": -1.27,
            "eps_4q_growth_year": -1518.55,
            "roe": -0.89,
            "roe_4q": -9.19,
            "gross_profit": 34623,
            "gross_margin": 29.31,
            "gross_margin_4q_avg": 25.29,
            "net_income": -5320,
            "net_income_4q": null,
            "revenue": 118130,
            "revenue_4q": null,
            "common_shares": 451601,
            "book_valuer_per_share": 13.22,
            "book_valuer_per_share_4q_avg": 13.55,
            "equity": 597191,
            "current_ratio": 996.19,
            "debt_ratio": 10.95,
            "inventory_turnover_ratio": 1.36,
            "account_receivable_turnover_ratio": 1.53,
            "reinvestment_rate": null,
            "research_to_sale_ratio": 17.52,
            "price_fair": 11.2,
            "eps_avg_yearly": 0.32,
            "eps_latest_yearly": 0.28,
            "eps_growth_yearly": 1400.27
        },
        "20204": {
            "year_quarter": 20204,
            "year": 2020,
            "quarter": 4,
            "eps": -0.01,
            "eps_growth_year": null,
            "eps_4q": -0.84,
            "eps_4q_growth_year": null,
            "roe": -0.11,
            "roe_4q": -6.2299999999999995,
            "gross_profit": 40507,
            "gross_margin": 33.92,
            "gross_margin_4q_avg": 28.19,
            "net_income": -635,
            "net_income_4q": null,
            "revenue": 119402,
            "revenue_4q": null,
            "common_shares": 451601,
            "book_valuer_per_share": 13.36,
            "book_valuer_per_share_4q_avg": 13.39,
            "equity": 603200,
            "current_ratio": 1013.12,
            "debt_ratio": 10.07,
            "inventory_turnover_ratio": 1.55,
            "account_receivable_turnover_ratio": 1.48,
            "reinvestment_rate": null,
            "research_to_sale_ratio": 13.27,
            "price_fair": 0.72,
            "eps_avg_yearly": 0.24,
            "eps_latest_yearly": 0.28,
            "eps_growth_yearly": -99.59
        },
        "20211": {
            "year_quarter": 20211,
            "year": 2021,
            "quarter": 1,
            "eps": 0.05,
            "eps_growth_year": null,
            "eps_4q": -0.49,
            "eps_4q_growth_year": null,
            "roe": 0.4,
            "roe_4q": -3.63,
            "gross_profit": 38048,
            "gross_margin": 36.74,
            "gross_margin_4q_avg": 30.38,
            "net_income": 2410,
            "net_income_4q": null,
            "revenue": 103546,
            "revenue_4q": null,
            "common_shares": 451601,
            "book_valuer_per_share": 13.4,
            "book_valuer_per_share_4q_avg": 13.31,
            "equity": 605311,
            "current_ratio": 943.69,
            "debt_ratio": 10.83,
            "inventory_turnover_ratio": 1.31,
            "account_receivable_turnover_ratio": 1.38,
            "reinvestment_rate": null,
            "research_to_sale_ratio": 14.71,
            "price_fair": 0.72,
            "eps_avg_yearly": 0.24,
            "eps_latest_yearly": 0.28,
            "eps_growth_yearly": -99.59
        },
        "20212": {
            "year_quarter": 20212,
            "year": 2021,
            "quarter": 2,
            "eps": 0.53,
            "eps_growth_year": null,
            "eps_4q": 0.45,
            "eps_4q_growth_year": null,
            "roe": 3.88,
            "roe_4q": 3.28,
            "gross_profit": 72954,
            "gross_margin": 46.24,
            "gross_margin_4q_avg": 36.55,
            "net_income": 23906,
            "net_income_4q": null,
            "revenue": 157770,
            "revenue_4q": null,
            "common_shares": 451601,
            "book_valuer_per_share": 13.92,
            "book_valuer_per_share_4q_avg": 13.48,
            "equity": 628556,
            "current_ratio": 1077.74,
            "debt_ratio": 9.81,
            "inventory_turnover_ratio": 1.76,
            "account_receivable_turnover_ratio": 2.12,
            "reinvestment_rate": null,
            "research_to_sale_ratio": 11.13,
            "price_fair": 30.33,
            "eps_avg_yearly": 0.87,
            "eps_latest_yearly": 2.12,
            "eps_growth_yearly": 1213.61
        },
        "20213": {
            "year_quarter": 20213,
            "year": 2021,
            "quarter": 3,
            "eps": 0.5,
            "eps_growth_year": null,
            "eps_4q": 1.07,
            "eps_4q_growth_year": null,
            "roe": 3.51,
            "roe_4q": 7.68,
            "gross_profit": 62678,
            "gross_margin": 45.87,
            "gross_margin_4q_avg": 40.69,
            "net_income": 22483,
            "net_income_4q": null,
            "revenue": 136628,
            "revenue_4q": null,
            "common_shares": 451601,
            "book_valuer_per_share": 14.41,
            "book_valuer_per_share_4q_avg": 13.77,
            "equity": 650757,
            "current_ratio": 985.06,
            "debt_ratio": 10.53,
            "inventory_turnover_ratio": 2.02,
            "account_receivable_turnover_ratio": 1.63,
            "reinvestment_rate": null,
            "research_to_sale_ratio": 11.25,
            "price_fair": 40.25,
            "eps_avg_yearly": 1.15,
            "eps_latest_yearly": 2,
            "eps_growth_yearly": 904.54
        },
        "20214": {
            "year_quarter": 20214,
            "year": 2021,
            "quarter": 4,
            "eps": 0.6,
            "eps_growth_year": null,
            "eps_4q": 1.68,
            "eps_4q_growth_year": null,
            "roe": 4.07,
            "roe_4q": 11.860000000000001,
            "gross_profit": 69912,
            "gross_margin": 50.52,
            "gross_margin_4q_avg": 44.84,
            "net_income": 26943,
            "net_income_4q": null,
            "revenue": 138373,
            "revenue_4q": null,
            "common_shares": 451601,
            "book_valuer_per_share": 14.93,
            "book_valuer_per_share_4q_avg": 14.17,
            "equity": 674229,
            "current_ratio": 792.66,
            "debt_ratio": 12.72,
            "inventory_turnover_ratio": 2.14,
            "account_receivable_turnover_ratio": 1.63,
            "reinvestment_rate": -70.08,
            "research_to_sale_ratio": 10.5,
            "price_fair": 49,
            "eps_avg_yearly": 1.4,
            "eps_latest_yearly": 2.4,
            "eps_growth_yearly": 739.63
        },
        "20221": {
            "year_quarter": 20221,
            "year": 2022,
            "quarter": 1,
            "eps": 0.64,
            "eps_growth_year": 1180,
            "eps_4q": 2.27,
            "eps_4q_growth_year": null,
            "roe": 4.2,
            "roe_4q": 15.66,
            "gross_profit": 57095,
            "gross_margin": 53.1,
            "gross_margin_4q_avg": 48.93,
            "net_income": 28985,
            "net_income_4q": null,
            "revenue": 107531,
            "revenue_4q": null,
            "common_shares": 451601,
            "book_valuer_per_share": 15.63,
            "book_valuer_per_share_4q_avg": 14.72,
            "equity": 705800,
            "current_ratio": 1019.91,
            "debt_ratio": 10.51,
            "inventory_turnover_ratio": 1.47,
            "account_receivable_turnover_ratio": 1.49,
            "reinvestment_rate": -23.71,
            "research_to_sale_ratio": 15.4,
            "price_fair": 55.77,
            "eps_avg_yearly": 1.59,
            "eps_latest_yearly": 2.56,
            "eps_growth_yearly": 620.81
        },
        "20222": {
            "year_quarter": 20222,
            "year": 2022,
            "quarter": 2,
            "eps": 0.64,
            "eps_growth_year": 20.75,
            "eps_4q": 2.38,
            "eps_4q_growth_year": 427.19,
            "roe": 4.2,
            "roe_4q": 15.98,
            "gross_profit": 57265,
            "gross_margin": 49.57,
            "gross_margin_4q_avg": 49.77,
            "net_income": 28930,
            "net_income_4q": null,
            "revenue": 115530,
            "revenue_4q": null,
            "common_shares": 451601,
            "book_valuer_per_share": 14.86,
            "book_valuer_per_share_4q_avg": 14.96,
            "equity": 670874,
            "current_ratio": 478.73,
            "debt_ratio": 19.34,
            "inventory_turnover_ratio": 1.69,
            "account_receivable_turnover_ratio": 1.84,
            "reinvestment_rate": -22.19,
            "research_to_sale_ratio": 15.81,
            "price_fair": 60.6,
            "eps_avg_yearly": 1.73,
            "eps_latest_yearly": 2.56,
            "eps_growth_yearly": 532.12
        },
        "20223": {
            "year_quarter": 20223,
            "year": 2022,
            "quarter": 3,
            "eps": 0.96,
            "eps_growth_year": 92,
            "eps_4q": 2.84,
            "eps_4q_growth_year": 166.36,
            "roe": 6.26,
            "roe_4q": 18.73,
            "gross_profit": 66499,
            "gross_margin": 52.39,
            "gross_margin_4q_avg": 51.4,
            "net_income": 43434,
            "net_income_4q": null,
            "revenue": 126935,
            "revenue_4q": null,
            "common_shares": 451601,
            "book_valuer_per_share": 15.85,
            "book_valuer_per_share_4q_avg": 15.32,
            "equity": 715769,
            "current_ratio": 747.93,
            "debt_ratio": 13.34,
            "inventory_turnover_ratio": 1.81,
            "account_receivable_turnover_ratio": 1.76,
            "reinvestment_rate": -13.95,
            "research_to_sale_ratio": 15.07,
            "price_fair": 78.8,
            "eps_avg_yearly": 2.25,
            "eps_latest_yearly": 3.84,
            "eps_growth_yearly": 612
        },
        "20224": {
            "year_quarter": 20224,
            "year": 2022,
            "quarter": 4,
            "eps": -0.05,
            "eps_growth_year": -108.1,
            "eps_4q": 2.2,
            "eps_4q_growth_year": 30.93,
            "roe": -0.3,
            "roe_4q": 14.36,
            "gross_profit": 44933,
            "gross_margin": 46.6,
            "gross_margin_4q_avg": 50.42,
            "net_income": -2183,
            "net_income_4q": null,
            "revenue": 96422,
            "revenue_4q": null,
            "common_shares": 451601,
            "book_valuer_per_share": 15.86,
            "book_valuer_per_share_4q_avg": 15.55,
            "equity": 716108,
            "current_ratio": 794.85,
            "debt_ratio": 12.27,
            "inventory_turnover_ratio": 1.63,
            "account_receivable_turnover_ratio": 1.72,
            "reinvestment_rate": -14.16,
            "research_to_sale_ratio": 15.44,
            "price_fair": 90.3,
            "eps_avg_yearly": 2.58,
            "eps_latest_yearly": 3.84,
            "eps_growth_yearly": 687.34
        },
        "20231": {
            "year_quarter": 20231,
            "year": 2023,
            "quarter": 1,
            "eps": -0.28,
            "eps_growth_year": -143.75,
            "eps_4q": 1.27,
            "eps_4q_growth_year": -43.81,
            "roe": -1.79,
            "roe_4q": 8.370000000000001,
            "gross_profit": 19875,
            "gross_margin": 35.93,
            "gross_margin_4q_avg": 46.12,
            "net_income": -12689,
            "net_income_4q": null,
            "revenue": 55319,
            "revenue_4q": null,
            "common_shares": 451601,
            "book_valuer_per_share": 15.58,
            "book_valuer_per_share_4q_avg": 15.54,
            "equity": 703507,
            "current_ratio": 874.16,
            "debt_ratio": 11.38,
            "inventory_turnover_ratio": 0.94,
            "account_receivable_turnover_ratio": 1.61,
            "reinvestment_rate": -14.72,
            "research_to_sale_ratio": 26.2,
            "price_fair": 90.3,
            "eps_avg_yearly": 2.58,
            "eps_latest_yearly": 3.84,
            "eps_growth_yearly": 687.34
        },
        "20232": {
            "year_quarter": 20232,
            "year": 2023,
            "quarter": 2,
            "eps": -0.02,
            "eps_growth_year": -103.12,
            "eps_4q": 0.61,
            "eps_4q_growth_year": -74.24,
            "roe": -0.14,
            "roe_4q": 4.029999999999999,
            "gross_profit": 27462,
            "gross_margin": 35.14,
            "gross_margin_4q_avg": 42.52,
            "net_income": -909,
            "net_income_4q": null,
            "revenue": 78152,
            "revenue_4q": null,
            "common_shares": 451601,
            "book_valuer_per_share": 13.53,
            "book_valuer_per_share_4q_avg": 15.21,
            "equity": 611009,
            "current_ratio": 395.72,
            "debt_ratio": 22.34,
            "inventory_turnover_ratio": 1.02,
            "account_receivable_turnover_ratio": 1.91,
            "reinvestment_rate": -16.88,
            "research_to_sale_ratio": 21.21,
            "price_fair": 90.3,
            "eps_avg_yearly": 2.58,
            "eps_latest_yearly": 3.84,
            "eps_growth_yearly": 687.34
        },
        "20233": {
            "year_quarter": 20233,
            "year": 2023,
            "quarter": 3,
            "eps": -0.07,
            "eps_growth_year": -107.29,
            "eps_4q": -0.42,
            "eps_4q_growth_year": -114.85,
            "roe": -0.54,
            "roe_4q": -2.77,
            "gross_profit": 20250,
            "gross_margin": 37,
            "gross_margin_4q_avg": 38.67,
            "net_income": -3268,
            "net_income_4q": null,
            "revenue": 54729,
            "revenue_4q": null,
            "common_shares": 451601,
            "book_valuer_per_share": 13.52,
            "book_valuer_per_share_4q_avg": 14.62,
            "equity": 610668,
            "current_ratio": 912.08,
            "debt_ratio": 11.02,
            "inventory_turnover_ratio": 0.62,
            "account_receivable_turnover_ratio": 1.39,
            "reinvestment_rate": -15.82,
            "research_to_sale_ratio": 28.87,
            "price_fair": 90.3,
            "eps_avg_yearly": 2.58,
            "eps_latest_yearly": 3.84,
            "eps_growth_yearly": 687.34
        }
    },
    "months": {
        "2003-11": {
            "month": "2003-11",
            "price": "9.42",
            "revenue": 39593
        },
        "2003-12": {
            "month": "2003-12",
            "price": "9.46",
            "revenue": 36211
        },
        "2004-01": {
            "month": "2004-01",
            "price": "9.64",
            "revenue": 25530
        },
        "2004-02": {
            "month": "2004-02",
            "price": "10.20",
            "revenue": 27366
        },
        "2004-03": {
            "month": "2004-03",
            "price": "11.25",
            "revenue": 40309
        },
        "2004-04": {
            "month": "2004-04",
            "price": "10.78",
            "revenue": 51706
        },
        "2004-05": {
            "month": "2004-05",
            "price": "11.80",
            "revenue": 51986
        },
        "2004-06": {
            "month": "2004-06",
            "price": "11.00",
            "revenue": 65251
        },
        "2004-07": {
            "month": "2004-07",
            "price": "10.76",
            "revenue": 55632
        },
        "2004-09": {
            "month": "2004-09",
            "price": "10.10",
            "revenue": 52394
        },
        "2004-10": {
            "month": "2004-10",
            "price": "10.30",
            "revenue": 39946
        },
        "2004-11": {
            "month": "2004-11",
            "price": "10.02",
            "revenue": 33964
        },
        "2004-12": {
            "month": "2004-12",
            "price": "9.06",
            "revenue": 39186
        },
        "2005-01": {
            "month": "2005-01",
            "price": "9.38",
            "revenue": 40575
        },
        "2005-02": {
            "month": "2005-02",
            "price": "9.96",
            "revenue": 32858
        },
        "2005-03": {
            "month": "2005-03",
            "price": "10.00",
            "revenue": 43659
        },
        "2005-04": {
            "month": "2005-04",
            "price": "9.88",
            "revenue": 57891
        },
        "2005-05": {
            "month": "2005-05",
            "price": "10.23",
            "revenue": 66742
        },
        "2005-06": {
            "month": "2005-06",
            "price": "10.52",
            "revenue": 77107
        },
        "2005-07": {
            "month": "2005-07",
            "price": "10.86",
            "revenue": 78069
        },
        "2005-08": {
            "month": "2005-08",
            "price": "12.61",
            "revenue": 68320
        },
        "2005-09": {
            "month": "2005-09",
            "price": "13.55",
            "revenue": 65510
        },
        "2005-10": {
            "month": "2005-10",
            "price": "13.30",
            "revenue": 52133
        },
        "2005-11": {
            "month": "2005-11",
            "price": "13.54",
            "revenue": 55927
        },
        "2005-12": {
            "month": "2005-12",
            "price": "14.61",
            "revenue": 62923
        },
        "2006-01": {
            "month": "2006-01",
            "price": "18.82",
            "revenue": 44758
        },
        "2006-02": {
            "month": "2006-02",
            "price": "18.01",
            "revenue": 39902
        },
        "2006-03": {
            "month": "2006-03",
            "price": "17.66",
            "revenue": 64994
        },
        "2006-04": {
            "month": "2006-04",
            "price": "21.51",
            "revenue": 85511
        },
        "2006-05": {
            "month": "2006-05",
            "price": "24.86",
            "revenue": 104092
        },
        "2006-06": {
            "month": "2006-06",
            "price": "23.19",
            "revenue": 105066
        },
        "2006-07": {
            "month": "2006-07",
            "price": "22.64",
            "revenue": 106775
        },
        "2006-08": {
            "month": "2006-08",
            "price": "25.55",
            "revenue": 98066
        },
        "2006-09": {
            "month": "2006-09",
            "price": "26.91",
            "revenue": 94929
        },
        "2006-10": {
            "month": "2006-10",
            "price": "29.47",
            "revenue": 80176
        },
        "2006-11": {
            "month": "2006-11",
            "price": "36.87",
            "revenue": 90241
        },
        "2006-12": {
            "month": "2006-12",
            "price": "50.71",
            "revenue": 89252
        },
        "2007-01": {
            "month": "2007-01",
            "price": "49.68",
            "revenue": 71718
        },
        "2007-02": {
            "month": "2007-02",
            "price": "43.76",
            "revenue": 66568
        },
        "2007-03": {
            "month": "2007-03",
            "price": "51.68",
            "revenue": 105015
        },
        "2007-04": {
            "month": "2007-04",
            "price": "66.10",
            "revenue": 105597
        },
        "2007-05": {
            "month": "2007-05",
            "price": "61.56",
            "revenue": 109194
        },
        "2007-06": {
            "month": "2007-06",
            "price": "67.87",
            "revenue": 108181
        },
        "2007-07": {
            "month": "2007-07",
            "price": "73.10",
            "revenue": 113842
        },
        "2007-08": {
            "month": "2007-08",
            "price": "61.09",
            "revenue": 107028
        },
        "2007-09": {
            "month": "2007-09",
            "price": "59.23",
            "revenue": 99316
        },
        "2007-10": {
            "month": "2007-10",
            "price": "53.60",
            "revenue": 85195
        },
        "2007-11": {
            "month": "2007-11",
            "price": "44.55",
            "revenue": 90570
        },
        "2007-12": {
            "month": "2007-12",
            "price": "40.18",
            "revenue": 71158
        },
        "2008-01": {
            "month": "2008-01",
            "price": "34.36",
            "revenue": 56669
        },
        "2008-02": {
            "month": "2008-02",
            "price": "31.62",
            "revenue": 60107
        },
        "2008-03": {
            "month": "2008-03",
            "price": "33.13",
            "revenue": 90471
        },
        "2008-04": {
            "month": "2008-04",
            "price": "36.50",
            "revenue": 91476
        },
        "2008-05": {
            "month": "2008-05",
            "price": "35.17",
            "revenue": 102188
        },
        "2008-06": {
            "month": "2008-06",
            "price": "29.60",
            "revenue": 93953
        },
        "2008-07": {
            "month": "2008-07",
            "price": "22.33",
            "revenue": 89459
        },
        "2008-08": {
            "month": "2008-08",
            "price": "23.36",
            "revenue": 93854
        },
        "2008-09": {
            "month": "2008-09",
            "price": "19.49",
            "revenue": 76699
        },
        "2008-10": {
            "month": "2008-10",
            "price": "16.04",
            "revenue": 61109
        },
        "2008-11": {
            "month": "2008-11",
            "price": "14.90",
            "revenue": 60489
        },
        "2008-12": {
            "month": "2008-12",
            "price": "14.12",
            "revenue": 52080
        },
        "2009-01": {
            "month": "2009-01",
            "price": "14.23",
            "revenue": 40066
        },
        "2009-02": {
            "month": "2009-02",
            "price": "14.99",
            "revenue": 46194
        },
        "2009-03": {
            "month": "2009-03",
            "price": "17.66",
            "revenue": 64600
        },
        "2009-04": {
            "month": "2009-04",
            "price": "18.70",
            "revenue": 74526
        },
        "2009-05": {
            "month": "2009-05",
            "price": "20.23",
            "revenue": 68735
        },
        "2009-06": {
            "month": "2009-06",
            "price": "19.72",
            "revenue": 86579
        },
        "2009-07": {
            "month": "2009-07",
            "price": "19.22",
            "revenue": 75942
        },
        "2009-08": {
            "month": "2009-08",
            "price": "19.05",
            "revenue": 70189
        },
        "2009-09": {
            "month": "2009-09",
            "price": "20.69",
            "revenue": 70224
        },
        "2009-10": {
            "month": "2009-10",
            "price": "22.08",
            "revenue": 61227
        },
        "2009-11": {
            "month": "2009-11",
            "price": "21.95",
            "revenue": 62692
        },
        "2009-12": {
            "month": "2009-12",
            "price": "31.04",
            "revenue": 68895
        },
        "2010-01": {
            "month": "2010-01",
            "price": "29.94",
            "revenue": 52640
        },
        "2010-02": {
            "month": "2010-02",
            "price": "26.62",
            "revenue": 53439
        },
        "2010-03": {
            "month": "2010-03",
            "price": "28.31",
            "revenue": 90747
        },
        "2010-04": {
            "month": "2010-04",
            "price": "30.22",
            "revenue": 115267
        },
        "2010-05": {
            "month": "2010-05",
            "price": "32.12",
            "revenue": 119159
        },
        "2010-06": {
            "month": "2010-06",
            "price": "34.39",
            "revenue": 124093
        },
        "2010-07": {
            "month": "2010-07",
            "price": "31.81",
            "revenue": 137700
        },
        "2010-08": {
            "month": "2010-08",
            "price": "32.17",
            "revenue": 113645
        },
        "2010-09": {
            "month": "2010-09",
            "price": "31.64",
            "revenue": 91571
        },
        "2010-10": {
            "month": "2010-10",
            "price": "28.47",
            "revenue": 60216
        },
        "2010-11": {
            "month": "2010-11",
            "price": "27.73",
            "revenue": 60322
        },
        "2010-12": {
            "month": "2010-12",
            "price": "29.98",
            "revenue": 51132
        },
        "2011-01": {
            "month": "2011-01",
            "price": "28.09",
            "revenue": 52805
        },
        "2011-02": {
            "month": "2011-02",
            "price": "26.88",
            "revenue": 54624
        },
        "2011-03": {
            "month": "2011-03",
            "price": "25.91",
            "revenue": 65564
        },
        "2011-04": {
            "month": "2011-04",
            "price": "25.59",
            "revenue": 88565
        },
        "2011-05": {
            "month": "2011-05",
            "price": "24.60",
            "revenue": 110679
        },
        "2011-06": {
            "month": "2011-06",
            "price": "23.28",
            "revenue": 82036
        },
        "2011-07": {
            "month": "2011-07",
            "price": "20.01",
            "revenue": 61496
        },
        "2011-08": {
            "month": "2011-08",
            "price": "16.85",
            "revenue": 61544
        },
        "2011-09": {
            "month": "2011-09",
            "price": "16.73",
            "revenue": 55165
        },
        "2011-10": {
            "month": "2011-10",
            "price": "16.03",
            "revenue": 43625
        },
        "2011-11": {
            "month": "2011-11",
            "price": "14.54",
            "revenue": 46167
        },
        "2011-12": {
            "month": "2011-12",
            "price": "13.99",
            "revenue": 41781
        },
        "2012-01": {
            "month": "2012-01",
            "price": "14.44",
            "revenue": 34029
        },
        "2012-02": {
            "month": "2012-02",
            "price": "16.16",
            "revenue": 44398
        },
        "2012-03": {
            "month": "2012-03",
            "price": "16.29",
            "revenue": 72058
        },
        "2012-04": {
            "month": "2012-04",
            "price": "15.11",
            "revenue": 82543
        },
        "2012-05": {
            "month": "2012-05",
            "price": "13.97",
            "revenue": 83539
        },
        "2012-06": {
            "month": "2012-06",
            "price": "12.34",
            "revenue": 91219
        },
        "2012-07": {
            "month": "2012-07",
            "price": "12.51",
            "revenue": 73517
        },
        "2012-08": {
            "month": "2012-08",
            "price": "13.04",
            "revenue": 70208
        },
        "2012-09": {
            "month": "2012-09",
            "price": "13.71",
            "revenue": 53870
        },
        "2012-10": {
            "month": "2012-10",
            "price": "13.13",
            "revenue": 43050
        },
        "2012-11": {
            "month": "2012-11",
            "price": "12.50",
            "revenue": 50594
        },
        "2012-12": {
            "month": "2012-12",
            "price": "13.12",
            "revenue": 51003
        },
        "2013-01": {
            "month": "2013-01",
            "price": "14.04",
            "revenue": 39864
        },
        "2013-02": {
            "month": "2013-02",
            "price": "14.13",
            "revenue": 42211
        },
        "2013-03": {
            "month": "2013-03",
            "price": "13.85",
            "revenue": 58484
        },
        "2013-04": {
            "month": "2013-04",
            "price": "13.85",
            "revenue": 78887
        },
        "2013-05": {
            "month": "2013-05",
            "price": "14.27",
            "revenue": 73720
        },
        "2013-06": {
            "month": "2013-06",
            "price": "14.20",
            "revenue": 67151
        },
        "2013-07": {
            "month": "2013-07",
            "price": "12.97",
            "revenue": 72858
        },
        "2013-08": {
            "month": "2013-08",
            "price": "13.51",
            "revenue": 65692
        },
        "2013-09": {
            "month": "2013-09",
            "price": "14.05",
            "revenue": 50356
        },
        "2013-10": {
            "month": "2013-10",
            "price": "13.65",
            "revenue": 47000
        },
        "2013-11": {
            "month": "2013-11",
            "price": "13.02",
            "revenue": 55388
        },
        "2013-12": {
            "month": "2013-12",
            "price": "13.83",
            "revenue": 53337
        },
        "2014-01": {
            "month": "2014-01",
            "price": "15.85",
            "revenue": 34990
        },
        "2014-02": {
            "month": "2014-02",
            "price": "15.40",
            "revenue": 43742
        },
        "2014-03": {
            "month": "2014-03",
            "price": "16.56",
            "revenue": 54113
        },
        "2014-04": {
            "month": "2014-04",
            "price": "16.38",
            "revenue": 77384
        },
        "2014-05": {
            "month": "2014-05",
            "price": "15.92",
            "revenue": 72442
        },
        "2014-06": {
            "month": "2014-06",
            "price": "16.82",
            "revenue": 67217
        },
        "2014-07": {
            "month": "2014-07",
            "price": "16.94",
            "revenue": 57975
        },
        "2014-08": {
            "month": "2014-08",
            "price": "15.91",
            "revenue": 59042
        },
        "2014-09": {
            "month": "2014-09",
            "price": "15.77",
            "revenue": 52810
        },
        "2014-10": {
            "month": "2014-10",
            "price": "14.39",
            "revenue": 67917
        },
        "2014-11": {
            "month": "2014-11",
            "price": "14.06",
            "revenue": 60592
        },
        "2014-12": {
            "month": "2014-12",
            "price": "14.86",
            "revenue": 49454
        },
        "2015-01": {
            "month": "2015-01",
            "price": "15.30",
            "revenue": 44791
        },
        "2015-02": {
            "month": "2015-02",
            "price": "15.20",
            "revenue": 26140
        },
        "2015-03": {
            "month": "2015-03",
            "price": "15.12",
            "revenue": 49383
        },
        "2015-04": {
            "month": "2015-04",
            "price": "14.68",
            "revenue": 67069
        },
        "2015-05": {
            "month": "2015-05",
            "price": "13.38",
            "revenue": 60448
        },
        "2015-06": {
            "month": "2015-06",
            "price": "12.69",
            "revenue": 65318
        },
        "2015-07": {
            "month": "2015-07",
            "price": "12.14",
            "revenue": 54125
        },
        "2015-08": {
            "month": "2015-08",
            "price": "10.16",
            "revenue": 49930
        },
        "2015-09": {
            "month": "2015-09",
            "price": "10.90",
            "revenue": 42203
        },
        "2015-10": {
            "month": "2015-10",
            "price": "11.23",
            "revenue": 49202
        },
        "2015-11": {
            "month": "2015-11",
            "price": "11.04",
            "revenue": 45649
        },
        "2015-12": {
            "month": "2015-12",
            "price": "10.62",
            "revenue": 43685
        },
        "2016-01": {
            "month": "2016-01",
            "price": "10.08",
            "revenue": 28055
        },
        "2016-02": {
            "month": "2016-02",
            "price": "10.37",
            "revenue": 32122
        },
        "2016-03": {
            "month": "2016-03",
            "price": "10.87",
            "revenue": 52894
        },
        "2016-04": {
            "month": "2016-04",
            "price": "10.88",
            "revenue": 63657
        },
        "2016-05": {
            "month": "2016-05",
            "price": "10.33",
            "revenue": 67442
        },
        "2016-06": {
            "month": "2016-06",
            "price": "10.24",
            "revenue": 72324
        },
        "2016-07": {
            "month": "2016-07",
            "price": "11.52",
            "revenue": 60017
        },
        "2016-08": {
            "month": "2016-08",
            "price": "11.68",
            "revenue": 50995
        },
        "2016-09": {
            "month": "2016-09",
            "price": "11.48",
            "revenue": 43186
        },
        "2016-10": {
            "month": "2016-10",
            "price": "11.82",
            "revenue": 42029
        },
        "2016-11": {
            "month": "2016-11",
            "price": "11.36",
            "revenue": 46201
        },
        "2016-12": {
            "month": "2016-12",
            "price": "11.70",
            "revenue": 49184
        },
        "2017-01": {
            "month": "2017-01",
            "price": "11.62",
            "revenue": 26825
        },
        "2017-02": {
            "month": "2017-02",
            "price": "11.83",
            "revenue": 35909
        },
        "2017-03": {
            "month": "2017-03",
            "price": "11.60",
            "revenue": 53844
        },
        "2017-04": {
            "month": "2017-04",
            "price": "11.54",
            "revenue": 56208
        },
        "2017-05": {
            "month": "2017-05",
            "price": "11.09",
            "revenue": 69676
        },
        "2017-06": {
            "month": "2017-06",
            "price": "11.19",
            "revenue": 66613
        },
        "2017-07": {
            "month": "2017-07",
            "price": "11.07",
            "revenue": 45851
        },
        "2017-08": {
            "month": "2017-08",
            "price": "10.71",
            "revenue": 48196
        },
        "2017-09": {
            "month": "2017-09",
            "price": "11.22",
            "revenue": 43204
        },
        "2017-10": {
            "month": "2017-10",
            "price": "11.15",
            "revenue": 36460
        },
        "2017-11": {
            "month": "2017-11",
            "price": "11.79",
            "revenue": 52344
        },
        "2017-12": {
            "month": "2017-12",
            "price": "11.22",
            "revenue": 44882
        },
        "2018-01": {
            "month": "2018-01",
            "price": "11.36",
            "revenue": 48767
        },
        "2018-02": {
            "month": "2018-02",
            "price": "11.00",
            "revenue": 23248
        },
        "2018-03": {
            "month": "2018-03",
            "price": "12.34",
            "revenue": 42321
        },
        "2018-04": {
            "month": "2018-04",
            "price": "12.47",
            "revenue": 52425
        },
        "2018-05": {
            "month": "2018-05",
            "price": "11.12",
            "revenue": 64787
        },
        "2018-06": {
            "month": "2018-06",
            "price": "11.88",
            "revenue": 63783
        },
        "2018-07": {
            "month": "2018-07",
            "price": "11.06",
            "revenue": 59549
        },
        "2018-08": {
            "month": "2018-08",
            "price": "11.31",
            "revenue": 50501
        },
        "2018-09": {
            "month": "2018-09",
            "price": "11.14",
            "revenue": 41518
        },
        "2018-10": {
            "month": "2018-10",
            "price": "10.20",
            "revenue": 47162
        },
        "2018-11": {
            "month": "2018-11",
            "price": "10.02",
            "revenue": 45024
        },
        "2018-12": {
            "month": "2018-12",
            "price": "10.39",
            "revenue": 39544
        },
        "2019-01": {
            "month": "2019-01",
            "price": "10.14",
            "revenue": 29906
        },
        "2019-02": {
            "month": "2019-02",
            "price": "10.22",
            "revenue": 32149
        },
        "2019-03": {
            "month": "2019-03",
            "price": "10.72",
            "revenue": 40720
        },
        "2019-04": {
            "month": "2019-04",
            "price": "10.67",
            "revenue": 60015
        },
        "2019-05": {
            "month": "2019-05",
            "price": "10.55",
            "revenue": 64069
        },
        "2019-06": {
            "month": "2019-06",
            "price": "10.76",
            "revenue": 56520
        },
        "2019-07": {
            "month": "2019-07",
            "price": "10.40",
            "revenue": 52063
        },
        "2019-08": {
            "month": "2019-08",
            "price": "10.30",
            "revenue": 42547
        },
        "2019-09": {
            "month": "2019-09",
            "price": "11.02",
            "revenue": 45449
        },
        "2019-10": {
            "month": "2019-10",
            "price": "11.12",
            "revenue": 42188
        },
        "2019-11": {
            "month": "2019-11",
            "price": "10.63",
            "revenue": 37067
        },
        "2019-12": {
            "month": "2019-12",
            "price": "10.65",
            "revenue": 38990
        },
        "2020-01": {
            "month": "2020-01",
            "price": "10.58",
            "revenue": 20897
        },
        "2020-02": {
            "month": "2020-02",
            "price": "10.16",
            "revenue": 22093
        },
        "2020-03": {
            "month": "2020-03",
            "price": "8.39",
            "revenue": 38131
        },
        "2020-04": {
            "month": "2020-04",
            "price": "7.79",
            "revenue": 44028
        },
        "2020-05": {
            "month": "2020-05",
            "price": "8.66",
            "revenue": 33040
        },
        "2020-06": {
            "month": "2020-06",
            "price": "9.03",
            "revenue": 41645
        },
        "2020-07": {
            "month": "2020-07",
            "price": "9.83",
            "revenue": 42549
        },
        "2020-08": {
            "month": "2020-08",
            "price": "9.54",
            "revenue": 33797
        },
        "2020-09": {
            "month": "2020-09",
            "price": "9.43",
            "revenue": 41783
        },
        "2020-10": {
            "month": "2020-10",
            "price": "9.48",
            "revenue": 31041
        },
        "2020-11": {
            "month": "2020-11",
            "price": "9.32",
            "revenue": 47390
        },
        "2020-12": {
            "month": "2020-12",
            "price": "11.11",
            "revenue": 40972
        },
        "2021-01": {
            "month": "2021-01",
            "price": "17.29",
            "revenue": 34464
        },
        "2021-02": {
            "month": "2021-02",
            "price": "25.63",
            "revenue": 27058
        },
        "2021-03": {
            "month": "2021-03",
            "price": "34.60",
            "revenue": 42025
        },
        "2021-04": {
            "month": "2021-04",
            "price": "31.90",
            "revenue": 62979
        },
        "2021-05": {
            "month": "2021-05",
            "price": "23.94",
            "revenue": 46807
        },
        "2021-06": {
            "month": "2021-06",
            "price": "24.04",
            "revenue": 47984
        },
        "2021-07": {
            "month": "2021-07",
            "price": "29.33",
            "revenue": 45754
        },
        "2021-08": {
            "month": "2021-08",
            "price": "27.99",
            "revenue": 48856
        },
        "2021-09": {
            "month": "2021-09",
            "price": "26.81",
            "revenue": 42019
        },
        "2021-10": {
            "month": "2021-10",
            "price": "25.15",
            "revenue": 40086
        },
        "2021-11": {
            "month": "2021-11",
            "price": "27.29",
            "revenue": 51560
        },
        "2021-12": {
            "month": "2021-12",
            "price": "26.77",
            "revenue": 46726
        },
        "2022-01": {
            "month": "2022-01",
            "price": "25.19",
            "revenue": 35197
        },
        "2022-02": {
            "month": "2022-02",
            "price": "24.52",
            "revenue": 38205
        },
        "2022-03": {
            "month": "2022-03",
            "price": "24.78",
            "revenue": 34130
        },
        "2022-04": {
            "month": "2022-04",
            "price": "24.81",
            "revenue": 38170
        },
        "2022-05": {
            "month": "2022-05",
            "price": "24.42",
            "revenue": 36529
        },
        "2022-06": {
            "month": "2022-06",
            "price": "23.45",
            "revenue": 40832
        },
        "2022-07": {
            "month": "2022-07",
            "price": "19.14",
            "revenue": 42022
        },
        "2022-08": {
            "month": "2022-08",
            "price": "21.55",
            "revenue": 35628
        },
        "2022-09": {
            "month": "2022-09",
            "price": "23.43",
            "revenue": 49285
        },
        "2022-10": {
            "month": "2022-10",
            "price": "20.24",
            "revenue": 39631
        },
        "2022-11": {
            "month": "2022-11",
            "price": "22.06",
            "revenue": 36306
        },
        "2022-12": {
            "month": "2022-12",
            "price": "22.22",
            "revenue": 20485
        },
        "2023-01": {
            "month": "2023-01",
            "price": "20.83",
            "revenue": 9574
        },
        "2023-02": {
            "month": "2023-02",
            "price": "21.16",
            "revenue": 20435
        },
        "2023-03": {
            "month": "2023-03",
            "price": "22.60",
            "revenue": 25310
        },
        "2023-04": {
            "month": "2023-04",
            "price": "24.77",
            "revenue": 19076
        },
        "2023-05": {
            "month": "2023-05",
            "price": "23.44",
            "revenue": 31480
        },
        "2023-06": {
            "month": "2023-06",
            "price": "24.97",
            "revenue": 27597
        },
        "2023-07": {
            "month": "2023-07",
            "price": "23.19",
            "revenue": 20735
        },
        "2023-08": {
            "month": "2023-08",
            "price": "20.90",
            "revenue": 18572
        },
        "2023-09": {
            "month": "2023-09",
            "price": "20.75",
            "revenue": 15422
        },
        "2023-10": {
            "month": "2023-10",
            "price": "21.29",
            "revenue": 12268
        },
        "2023-11": {
            "month": "2023-11",
            "price": "21.65",
            "revenue": 21941
        }
    }
}
