{
    "summary": {
        "stock_name": "鈦昇",
        "stock_id": "8027",
        "category": "電機機械",
        "main_business": "自動化設備暨零件之設計、研發、製造、安裝及買賣業務",
        "website_url": "http://www.enr.com.tw",
        "ceo": "張光明",
        "pe_ratio": 100,
        "report_year_from": 2001,
        "report_year_to": 2023,
        "age": 23,
        "eps_negative_percentage": 30,
        "eps_growth_avg": {
            "last_all": -51.53,
            "last_2y": -3.41,
            "last_4y": -27.56,
            "last_8y": -51.53,
            "last_12y": null,
            "last_16y": null,
            "last_20y": null,
            "at_2006_last_3y": null,
            "at_2007_last_3y": null,
            "at_2008_last_3y": null,
            "at_2009_last_3y": null,
            "at_2010_last_3y": null,
            "at_2011_last_3y": null,
            "at_2012_last_3y": null,
            "at_2013_last_3y": null,
            "at_2014_last_3y": null,
            "at_2015_last_3y": null,
            "at_2016_last_3y": null,
            "at_2017_last_3y": null,
            "at_2018_last_3y": -99.47,
            "at_2019_last_3y": -100,
            "at_2020_last_3y": -100,
            "at_2021_last_3y": -32.58,
            "at_2022_last_3y": -5.86,
            "at_2023_last_3y": -3.41,
            "at_2024_last_3y": -3.41,
            "at_2006_last_all": null,
            "at_2007_last_all": null,
            "at_2008_last_all": null,
            "at_2009_last_all": null,
            "at_2010_last_all": null,
            "at_2011_last_all": null,
            "at_2012_last_all": null,
            "at_2013_last_all": null,
            "at_2014_last_all": null,
            "at_2015_last_all": null,
            "at_2016_last_all": -99.47,
            "at_2017_last_all": -99.47,
            "at_2018_last_all": -99.47,
            "at_2019_last_all": -99.64,
            "at_2020_last_all": -99.64,
            "at_2021_last_all": -66.02,
            "at_2022_last_all": -43.3,
            "at_2023_last_all": -51.53,
            "at_2024_last_all": -51.53
        },
        "latest_eps": 0.42,
        "latest_price": 65.3,
        "latest_roe": 1.36,
        "latest_gross_margin": 41.19,
        "latest_equity": 2363150,
        "latest_revenue": 423056,
        "latest_gross_profit": 174266,
        "latest_net_income": 32778,
        "latest_debt_ratio": 42.37,
        "latest_current_ratio": 655.02,
        "latest_account_receivable_turnover_ratio": 0.84,
        "latest_inventory_turnover_ratio": 0.23,
        "latest_reinvestment_rate": 46.59,
        "latest_research_to_sale_ratio": 13.55
    },
    "eps_dividends": {
        "2001": {
            "cash": 0,
            "stock": 0,
            "eps": 0
        },
        "2002": {
            "cash": 0,
            "stock": 0,
            "eps": 0
        },
        "2003": {
            "cash": 0,
            "stock": 0,
            "eps": 0
        },
        "2004": {
            "cash": 0,
            "stock": 0.45,
            "eps": 0
        },
        "2005": {
            "cash": 0,
            "stock": 0.5,
            "eps": 0
        },
        "2006": {
            "cash": 0,
            "stock": 0,
            "eps": 0
        },
        "2007": {
            "cash": 0,
            "stock": 0,
            "eps": 0
        },
        "2008": {
            "cash": 0,
            "stock": 0,
            "eps": 0
        },
        "2009": {
            "cash": 0,
            "stock": 0,
            "eps": 0
        },
        "2010": {
            "cash": 0,
            "stock": 0,
            "eps": 0
        },
        "2011": {
            "cash": 0,
            "stock": 0,
            "eps": 0
        },
        "2012": {
            "cash": 0,
            "stock": 0,
            "eps": 0
        },
        "2013": {
            "cash": 0,
            "stock": 0,
            "eps": 0
        },
        "2014": {
            "cash": 0.2,
            "stock": 0,
            "eps": 2.81
        },
        "2015": {
            "cash": 1.32,
            "stock": 0,
            "eps": 0.03
        },
        "2016": {
            "cash": 0.3,
            "stock": 0,
            "eps": -2.36
        },
        "2017": {
            "cash": 0,
            "stock": 0,
            "eps": -1.2
        },
        "2018": {
            "cash": 0,
            "stock": 0,
            "eps": 1.26
        },
        "2019": {
            "cash": 0.3,
            "stock": 0.2,
            "eps": -1.02
        },
        "2020": {
            "cash": 0,
            "stock": 0,
            "eps": 1.98
        },
        "2021": {
            "cash": 1.2,
            "stock": 0,
            "eps": 2.67
        },
        "2022": {
            "cash": 1.6,
            "stock": 0,
            "eps": 3.94
        },
        "2023": {
            "cash": 2,
            "stock": 0,
            "eps": 0.29
        }
    },
    "dividends": {
        "2004-06-24": {
            "cash": 0,
            "stock": 0.45
        },
        "2005-04-07": {
            "cash": 0,
            "stock": 0.5
        },
        "2014-08-29": {
            "cash": 0.2,
            "stock": 0
        },
        "2015-08-14": {
            "cash": 1.32,
            "stock": 0
        },
        "2016-08-26": {
            "cash": 0.3,
            "stock": 0
        },
        "2019-11-01": {
            "cash": 0.3,
            "stock": 0.2
        },
        "2021-05-06": {
            "cash": 1.2,
            "stock": 0
        },
        "2022-07-15": {
            "cash": 1.6,
            "stock": 0
        },
        "2023-05-19": {
            "cash": 2,
            "stock": 0
        }
    },
    "prices": {
        "200101": "無",
        "200102": "無",
        "200103": "無",
        "200104": "無",
        "200105": "無",
        "200106": "無",
        "200107": "無",
        "200108": "無",
        "200109": "無",
        "200110": "無",
        "200111": "無",
        "200112": "無",
        "200201": "無",
        "200202": "無",
        "200203": "無",
        "200204": "無",
        "200205": "無",
        "200206": "無",
        "200207": "無",
        "200208": "無",
        "200209": "無",
        "200210": "無",
        "200211": "無",
        "200212": "無",
        "200301": "無",
        "200302": "無",
        "200303": "無",
        "200304": "無",
        "200305": "無",
        "200306": "無",
        "200307": "無",
        "200308": "無",
        "200309": "無",
        "200310": "無",
        "200311": "無",
        "200312": "無",
        "200401": "無",
        "200402": "無",
        "200403": "無",
        "200404": "無",
        "200405": "無",
        "200406": "無",
        "200407": "無",
        "200408": "無",
        "200409": "無",
        "200410": "無",
        "200411": "無",
        "200412": "無",
        "200501": "無",
        "200502": "無",
        "200503": "無",
        "200504": "無",
        "200505": "無",
        "200506": "無",
        "200507": "無",
        "200508": "無",
        "200509": "無",
        "200510": "無",
        "200511": "無",
        "200512": "無",
        "200601": "無",
        "200602": "無",
        "200603": "無",
        "200604": "無",
        "200605": "無",
        "200606": "無",
        "200607": "無",
        "200608": "無",
        "200609": "無",
        "200610": "無",
        "200611": "無",
        "200612": "無",
        "200701": "無",
        "200702": "無",
        "200703": "無",
        "200704": "無",
        "200705": "無",
        "200706": "無",
        "200707": "無",
        "200708": "無",
        "200709": "無",
        "200710": "無",
        "200711": "無",
        "200712": "無",
        "200801": "無",
        "200802": "無",
        "200803": "無",
        "200804": "無",
        "200805": "無",
        "200806": "無",
        "200807": "無",
        "200808": "無",
        "200809": "無",
        "200810": "無",
        "200811": "無",
        "200812": "無",
        "200901": "無",
        "200902": "無",
        "200903": "無",
        "200904": "無",
        "200905": "無",
        "200906": "無",
        "200907": "無",
        "200908": "無",
        "200909": "無",
        "200910": "無",
        "200911": "無",
        "200912": "無",
        "201001": "無",
        "201002": "無",
        "201003": "無",
        "201004": "無",
        "201005": "無",
        "201006": "無",
        "201007": "無",
        "201008": "無",
        "201009": "無",
        "201010": "無",
        "201011": "無",
        "201012": "無",
        "201101": "無",
        "201102": "無",
        "201103": "無",
        "201104": "無",
        "201105": "無",
        "201106": "無",
        "201107": "無",
        "201108": "無",
        "201109": "無",
        "201110": "無",
        "201111": "無",
        "201112": "無",
        "201201": "無",
        "201202": "無",
        "201203": "無",
        "201204": "無",
        "201205": "無",
        "201206": "無",
        "201207": "無",
        "201208": "無",
        "201209": "無",
        "201210": "無",
        "201211": "無",
        "201212": "無",
        "201301": "無",
        "201302": "無",
        "201303": "無",
        "201304": "無",
        "201305": "無",
        "201306": "無",
        "201307": "無",
        "201308": "無",
        "201309": "無",
        "201310": "無",
        "201311": "12.72",
        "201312": "13.12",
        "201401": "13.01",
        "201402": "15.62",
        "201403": "18.68",
        "201404": "18.84",
        "201405": "18.18",
        "201406": "21.03",
        "201407": "29.01",
        "201408": "28.62",
        "201409": "27.29",
        "201410": "25.22",
        "201411": "25.00",
        "201412": "25.21",
        "201501": "26.28",
        "201502": "29.47",
        "201503": "34.47",
        "201504": "37.71",
        "201505": "37.00",
        "201506": "34.18",
        "201507": "28.01",
        "201508": "18.76",
        "201509": "19.42",
        "201510": "21.63",
        "201511": "20.20",
        "201512": "20.26",
        "201601": "18.38",
        "201602": "19.00",
        "201603": "18.31",
        "201604": "17.79",
        "201605": "16.63",
        "201606": "16.19",
        "201607": "16.22",
        "201608": "18.76",
        "201609": "20.41",
        "201610": "16.29",
        "201611": "14.22",
        "201612": "13.64",
        "201701": "16.10",
        "201702": "19.37",
        "201703": "27.67",
        "201704": "32.62",
        "201705": "33.92",
        "201706": "31.10",
        "201707": "30.24",
        "201708": "28.07",
        "201709": "32.25",
        "201710": "38.77",
        "201711": "37.01",
        "201712": "38.99",
        "201801": "43.98",
        "201802": "45.59",
        "201803": "45.77",
        "201804": "43.75",
        "201805": "39.52",
        "201806": "41.08",
        "201807": "42.93",
        "201808": "39.78",
        "201809": "37.96",
        "201810": "31.15",
        "201811": "28.39",
        "201812": "30.86",
        "201901": "30.98",
        "201902": "30.43",
        "201903": "30.29",
        "201904": "29.98",
        "201905": "29.36",
        "201906": "28.81",
        "201907": "28.45",
        "201908": "28.99",
        "201909": "32.12",
        "201910": "34.35",
        "201911": "32.60",
        "201912": "33.98",
        "202001": "32.11",
        "202002": "28.95",
        "202003": "25.10",
        "202004": "29.50",
        "202005": "32.98",
        "202006": "44.57",
        "202007": "53.97",
        "202008": "55.40",
        "202009": "72.75",
        "202010": "72.22",
        "202011": "74.03",
        "202012": "90.11",
        "202101": "89.20",
        "202102": "83.76",
        "202103": "88.17",
        "202104": "86.58",
        "202105": "71.43",
        "202106": "69.99",
        "202107": "72.52",
        "202108": "65.53",
        "202109": "65.42",
        "202110": "63.20",
        "202111": "66.56",
        "202112": "74.88",
        "202201": "77.86",
        "202202": "72.36",
        "202203": "71.35",
        "202204": "73.59",
        "202205": "75.45",
        "202206": "72.22",
        "202207": "64.53",
        "202208": "67.74",
        "202209": "62.64",
        "202210": "52.63",
        "202211": "54.11",
        "202212": "53.57",
        "202301": "50.60",
        "202302": "53.03",
        "202303": "52.49",
        "202304": "53.32",
        "202305": "46.16",
        "202306": "58.60",
        "202307": "59.93",
        "202308": "71.04",
        "202309": "68.88",
        "202310": "64.43",
        "202311": "65.91",
        "202312": "64.88"
    },
    "quarters": {
        "20011": {
            "year_quarter": 20011,
            "year": 2001,
            "quarter": 1,
            "eps": null,
            "eps_growth_year": null,
            "eps_4q": null,
            "eps_4q_growth_year": null,
            "roe": null,
            "roe_4q": 0,
            "gross_profit": null,
            "gross_margin": null,
            "gross_margin_4q_avg": 0,
            "net_income": null,
            "net_income_4q": null,
            "revenue": null,
            "revenue_4q": null,
            "common_shares": null,
            "book_valuer_per_share": null,
            "book_valuer_per_share_4q_avg": 0,
            "equity": null,
            "current_ratio": null,
            "debt_ratio": null,
            "inventory_turnover_ratio": null,
            "account_receivable_turnover_ratio": null,
            "reinvestment_rate": null,
            "research_to_sale_ratio": null,
            "price_fair": 0,
            "eps_avg_yearly": 0,
            "eps_latest_yearly": 0,
            "eps_growth_yearly": 0
        },
        "20012": {
            "year_quarter": 20012,
            "year": 2001,
            "quarter": 2,
            "eps": null,
            "eps_growth_year": null,
            "eps_4q": null,
            "eps_4q_growth_year": null,
            "roe": null,
            "roe_4q": 0,
            "gross_profit": null,
            "gross_margin": null,
            "gross_margin_4q_avg": 0,
            "net_income": null,
            "net_income_4q": null,
            "revenue": null,
            "revenue_4q": null,
            "common_shares": null,
            "book_valuer_per_share": null,
            "book_valuer_per_share_4q_avg": 0,
            "equity": null,
            "current_ratio": null,
            "debt_ratio": null,
            "inventory_turnover_ratio": null,
            "account_receivable_turnover_ratio": null,
            "reinvestment_rate": null,
            "research_to_sale_ratio": null,
            "price_fair": 0,
            "eps_avg_yearly": 0,
            "eps_latest_yearly": 0,
            "eps_growth_yearly": 0
        },
        "20013": {
            "year_quarter": 20013,
            "year": 2001,
            "quarter": 3,
            "eps": null,
            "eps_growth_year": null,
            "eps_4q": null,
            "eps_4q_growth_year": null,
            "roe": null,
            "roe_4q": 0,
            "gross_profit": null,
            "gross_margin": null,
            "gross_margin_4q_avg": 0,
            "net_income": null,
            "net_income_4q": null,
            "revenue": null,
            "revenue_4q": null,
            "common_shares": null,
            "book_valuer_per_share": null,
            "book_valuer_per_share_4q_avg": 0,
            "equity": null,
            "current_ratio": null,
            "debt_ratio": null,
            "inventory_turnover_ratio": null,
            "account_receivable_turnover_ratio": null,
            "reinvestment_rate": null,
            "research_to_sale_ratio": null,
            "price_fair": 0,
            "eps_avg_yearly": 0,
            "eps_latest_yearly": 0,
            "eps_growth_yearly": 0
        },
        "20014": {
            "year_quarter": 20014,
            "year": 2001,
            "quarter": 4,
            "eps": null,
            "eps_growth_year": null,
            "eps_4q": null,
            "eps_4q_growth_year": null,
            "roe": null,
            "roe_4q": 0,
            "gross_profit": null,
            "gross_margin": null,
            "gross_margin_4q_avg": 0,
            "net_income": null,
            "net_income_4q": null,
            "revenue": null,
            "revenue_4q": null,
            "common_shares": 260600,
            "book_valuer_per_share": 14.29,
            "book_valuer_per_share_4q_avg": 3.57,
            "equity": 372472,
            "current_ratio": 142.11,
            "debt_ratio": 44.51,
            "inventory_turnover_ratio": null,
            "account_receivable_turnover_ratio": null,
            "reinvestment_rate": null,
            "research_to_sale_ratio": null,
            "price_fair": 0,
            "eps_avg_yearly": 0,
            "eps_latest_yearly": 0,
            "eps_growth_yearly": 0
        },
        "20021": {
            "year_quarter": 20021,
            "year": 2002,
            "quarter": 1,
            "eps": null,
            "eps_growth_year": null,
            "eps_4q": null,
            "eps_4q_growth_year": null,
            "roe": null,
            "roe_4q": 0,
            "gross_profit": null,
            "gross_margin": null,
            "gross_margin_4q_avg": 0,
            "net_income": null,
            "net_income_4q": null,
            "revenue": null,
            "revenue_4q": null,
            "common_shares": null,
            "book_valuer_per_share": null,
            "book_valuer_per_share_4q_avg": 3.57,
            "equity": null,
            "current_ratio": null,
            "debt_ratio": null,
            "inventory_turnover_ratio": null,
            "account_receivable_turnover_ratio": null,
            "reinvestment_rate": null,
            "research_to_sale_ratio": null,
            "price_fair": 0,
            "eps_avg_yearly": 0,
            "eps_latest_yearly": 0,
            "eps_growth_yearly": 0
        },
        "20022": {
            "year_quarter": 20022,
            "year": 2002,
            "quarter": 2,
            "eps": null,
            "eps_growth_year": null,
            "eps_4q": null,
            "eps_4q_growth_year": null,
            "roe": null,
            "roe_4q": 0,
            "gross_profit": null,
            "gross_margin": null,
            "gross_margin_4q_avg": 0,
            "net_income": null,
            "net_income_4q": null,
            "revenue": null,
            "revenue_4q": null,
            "common_shares": null,
            "book_valuer_per_share": null,
            "book_valuer_per_share_4q_avg": 3.57,
            "equity": null,
            "current_ratio": null,
            "debt_ratio": null,
            "inventory_turnover_ratio": null,
            "account_receivable_turnover_ratio": null,
            "reinvestment_rate": null,
            "research_to_sale_ratio": null,
            "price_fair": 0,
            "eps_avg_yearly": 0,
            "eps_latest_yearly": 0,
            "eps_growth_yearly": 0
        },
        "20023": {
            "year_quarter": 20023,
            "year": 2002,
            "quarter": 3,
            "eps": null,
            "eps_growth_year": null,
            "eps_4q": null,
            "eps_4q_growth_year": null,
            "roe": null,
            "roe_4q": 0,
            "gross_profit": null,
            "gross_margin": null,
            "gross_margin_4q_avg": 0,
            "net_income": null,
            "net_income_4q": null,
            "revenue": null,
            "revenue_4q": null,
            "common_shares": null,
            "book_valuer_per_share": null,
            "book_valuer_per_share_4q_avg": 3.57,
            "equity": null,
            "current_ratio": null,
            "debt_ratio": null,
            "inventory_turnover_ratio": null,
            "account_receivable_turnover_ratio": null,
            "reinvestment_rate": null,
            "research_to_sale_ratio": null,
            "price_fair": 0,
            "eps_avg_yearly": 0,
            "eps_latest_yearly": 0,
            "eps_growth_yearly": 0
        },
        "20024": {
            "year_quarter": 20024,
            "year": 2002,
            "quarter": 4,
            "eps": null,
            "eps_growth_year": null,
            "eps_4q": null,
            "eps_4q_growth_year": null,
            "roe": null,
            "roe_4q": 0,
            "gross_profit": null,
            "gross_margin": null,
            "gross_margin_4q_avg": 0,
            "net_income": null,
            "net_income_4q": null,
            "revenue": null,
            "revenue_4q": null,
            "common_shares": 260600,
            "book_valuer_per_share": 14.57,
            "book_valuer_per_share_4q_avg": 3.64,
            "equity": 379675,
            "current_ratio": 149.43,
            "debt_ratio": 41.98,
            "inventory_turnover_ratio": null,
            "account_receivable_turnover_ratio": null,
            "reinvestment_rate": null,
            "research_to_sale_ratio": null,
            "price_fair": 0,
            "eps_avg_yearly": 0,
            "eps_latest_yearly": 0,
            "eps_growth_yearly": 0
        },
        "20031": {
            "year_quarter": 20031,
            "year": 2003,
            "quarter": 1,
            "eps": null,
            "eps_growth_year": null,
            "eps_4q": null,
            "eps_4q_growth_year": null,
            "roe": null,
            "roe_4q": 0,
            "gross_profit": null,
            "gross_margin": null,
            "gross_margin_4q_avg": 0,
            "net_income": null,
            "net_income_4q": null,
            "revenue": null,
            "revenue_4q": null,
            "common_shares": null,
            "book_valuer_per_share": null,
            "book_valuer_per_share_4q_avg": 3.64,
            "equity": null,
            "current_ratio": null,
            "debt_ratio": null,
            "inventory_turnover_ratio": null,
            "account_receivable_turnover_ratio": null,
            "reinvestment_rate": null,
            "research_to_sale_ratio": null,
            "price_fair": 0,
            "eps_avg_yearly": 0,
            "eps_latest_yearly": 0,
            "eps_growth_yearly": 0
        },
        "20032": {
            "year_quarter": 20032,
            "year": 2003,
            "quarter": 2,
            "eps": null,
            "eps_growth_year": null,
            "eps_4q": null,
            "eps_4q_growth_year": null,
            "roe": null,
            "roe_4q": 0,
            "gross_profit": null,
            "gross_margin": null,
            "gross_margin_4q_avg": 0,
            "net_income": null,
            "net_income_4q": null,
            "revenue": null,
            "revenue_4q": null,
            "common_shares": null,
            "book_valuer_per_share": null,
            "book_valuer_per_share_4q_avg": 3.64,
            "equity": null,
            "current_ratio": null,
            "debt_ratio": null,
            "inventory_turnover_ratio": null,
            "account_receivable_turnover_ratio": null,
            "reinvestment_rate": null,
            "research_to_sale_ratio": null,
            "price_fair": 0,
            "eps_avg_yearly": 0,
            "eps_latest_yearly": 0,
            "eps_growth_yearly": 0
        },
        "20033": {
            "year_quarter": 20033,
            "year": 2003,
            "quarter": 3,
            "eps": null,
            "eps_growth_year": null,
            "eps_4q": null,
            "eps_4q_growth_year": null,
            "roe": null,
            "roe_4q": 0,
            "gross_profit": null,
            "gross_margin": null,
            "gross_margin_4q_avg": 0,
            "net_income": null,
            "net_income_4q": null,
            "revenue": null,
            "revenue_4q": null,
            "common_shares": null,
            "book_valuer_per_share": null,
            "book_valuer_per_share_4q_avg": 3.64,
            "equity": null,
            "current_ratio": null,
            "debt_ratio": null,
            "inventory_turnover_ratio": null,
            "account_receivable_turnover_ratio": null,
            "reinvestment_rate": null,
            "research_to_sale_ratio": null,
            "price_fair": 0,
            "eps_avg_yearly": 0,
            "eps_latest_yearly": 0,
            "eps_growth_yearly": 0
        },
        "20034": {
            "year_quarter": 20034,
            "year": 2003,
            "quarter": 4,
            "eps": null,
            "eps_growth_year": null,
            "eps_4q": null,
            "eps_4q_growth_year": null,
            "roe": null,
            "roe_4q": 0,
            "gross_profit": null,
            "gross_margin": null,
            "gross_margin_4q_avg": 0,
            "net_income": null,
            "net_income_4q": null,
            "revenue": null,
            "revenue_4q": null,
            "common_shares": 278842,
            "book_valuer_per_share": 14.28,
            "book_valuer_per_share_4q_avg": 3.57,
            "equity": 398124,
            "current_ratio": 132.82,
            "debt_ratio": 52.28,
            "inventory_turnover_ratio": null,
            "account_receivable_turnover_ratio": null,
            "reinvestment_rate": null,
            "research_to_sale_ratio": null,
            "price_fair": 0,
            "eps_avg_yearly": 0,
            "eps_latest_yearly": 0,
            "eps_growth_yearly": 0
        },
        "20041": {
            "year_quarter": 20041,
            "year": 2004,
            "quarter": 1,
            "eps": null,
            "eps_growth_year": null,
            "eps_4q": null,
            "eps_4q_growth_year": null,
            "roe": null,
            "roe_4q": 0,
            "gross_profit": null,
            "gross_margin": null,
            "gross_margin_4q_avg": 0,
            "net_income": null,
            "net_income_4q": null,
            "revenue": null,
            "revenue_4q": null,
            "common_shares": null,
            "book_valuer_per_share": null,
            "book_valuer_per_share_4q_avg": 3.57,
            "equity": null,
            "current_ratio": null,
            "debt_ratio": null,
            "inventory_turnover_ratio": null,
            "account_receivable_turnover_ratio": null,
            "reinvestment_rate": null,
            "research_to_sale_ratio": null,
            "price_fair": 0,
            "eps_avg_yearly": 0,
            "eps_latest_yearly": 0,
            "eps_growth_yearly": 0
        },
        "20042": {
            "year_quarter": 20042,
            "year": 2004,
            "quarter": 2,
            "eps": null,
            "eps_growth_year": null,
            "eps_4q": null,
            "eps_4q_growth_year": null,
            "roe": null,
            "roe_4q": 0,
            "gross_profit": null,
            "gross_margin": null,
            "gross_margin_4q_avg": 0,
            "net_income": null,
            "net_income_4q": null,
            "revenue": null,
            "revenue_4q": null,
            "common_shares": null,
            "book_valuer_per_share": null,
            "book_valuer_per_share_4q_avg": 3.57,
            "equity": null,
            "current_ratio": null,
            "debt_ratio": null,
            "inventory_turnover_ratio": null,
            "account_receivable_turnover_ratio": null,
            "reinvestment_rate": null,
            "research_to_sale_ratio": null,
            "price_fair": 0,
            "eps_avg_yearly": 0,
            "eps_latest_yearly": 0,
            "eps_growth_yearly": 0
        },
        "20043": {
            "year_quarter": 20043,
            "year": 2004,
            "quarter": 3,
            "eps": null,
            "eps_growth_year": null,
            "eps_4q": null,
            "eps_4q_growth_year": null,
            "roe": null,
            "roe_4q": 0,
            "gross_profit": null,
            "gross_margin": null,
            "gross_margin_4q_avg": 0,
            "net_income": null,
            "net_income_4q": null,
            "revenue": null,
            "revenue_4q": null,
            "common_shares": null,
            "book_valuer_per_share": null,
            "book_valuer_per_share_4q_avg": 3.57,
            "equity": null,
            "current_ratio": null,
            "debt_ratio": null,
            "inventory_turnover_ratio": null,
            "account_receivable_turnover_ratio": null,
            "reinvestment_rate": null,
            "research_to_sale_ratio": null,
            "price_fair": 0,
            "eps_avg_yearly": 0,
            "eps_latest_yearly": 0,
            "eps_growth_yearly": 0
        },
        "20044": {
            "year_quarter": 20044,
            "year": 2004,
            "quarter": 4,
            "eps": null,
            "eps_growth_year": null,
            "eps_4q": null,
            "eps_4q_growth_year": null,
            "roe": null,
            "roe_4q": 0,
            "gross_profit": null,
            "gross_margin": null,
            "gross_margin_4q_avg": 0,
            "net_income": null,
            "net_income_4q": null,
            "revenue": null,
            "revenue_4q": null,
            "common_shares": 355843,
            "book_valuer_per_share": 13.3,
            "book_valuer_per_share_4q_avg": 3.33,
            "equity": 473205,
            "current_ratio": 144.14,
            "debt_ratio": 55.17,
            "inventory_turnover_ratio": null,
            "account_receivable_turnover_ratio": null,
            "reinvestment_rate": null,
            "research_to_sale_ratio": null,
            "price_fair": 0,
            "eps_avg_yearly": 0,
            "eps_latest_yearly": 0,
            "eps_growth_yearly": 0
        },
        "20051": {
            "year_quarter": 20051,
            "year": 2005,
            "quarter": 1,
            "eps": null,
            "eps_growth_year": null,
            "eps_4q": null,
            "eps_4q_growth_year": null,
            "roe": null,
            "roe_4q": 0,
            "gross_profit": null,
            "gross_margin": null,
            "gross_margin_4q_avg": 0,
            "net_income": null,
            "net_income_4q": null,
            "revenue": null,
            "revenue_4q": null,
            "common_shares": null,
            "book_valuer_per_share": null,
            "book_valuer_per_share_4q_avg": 3.33,
            "equity": null,
            "current_ratio": null,
            "debt_ratio": null,
            "inventory_turnover_ratio": null,
            "account_receivable_turnover_ratio": null,
            "reinvestment_rate": null,
            "research_to_sale_ratio": null,
            "price_fair": 0,
            "eps_avg_yearly": 0,
            "eps_latest_yearly": 0,
            "eps_growth_yearly": 0
        },
        "20052": {
            "year_quarter": 20052,
            "year": 2005,
            "quarter": 2,
            "eps": null,
            "eps_growth_year": null,
            "eps_4q": null,
            "eps_4q_growth_year": null,
            "roe": null,
            "roe_4q": 0,
            "gross_profit": null,
            "gross_margin": null,
            "gross_margin_4q_avg": 0,
            "net_income": null,
            "net_income_4q": null,
            "revenue": null,
            "revenue_4q": null,
            "common_shares": null,
            "book_valuer_per_share": null,
            "book_valuer_per_share_4q_avg": 3.33,
            "equity": null,
            "current_ratio": null,
            "debt_ratio": null,
            "inventory_turnover_ratio": null,
            "account_receivable_turnover_ratio": null,
            "reinvestment_rate": null,
            "research_to_sale_ratio": null,
            "price_fair": 0,
            "eps_avg_yearly": 0,
            "eps_latest_yearly": 0,
            "eps_growth_yearly": 0
        },
        "20053": {
            "year_quarter": 20053,
            "year": 2005,
            "quarter": 3,
            "eps": null,
            "eps_growth_year": null,
            "eps_4q": null,
            "eps_4q_growth_year": null,
            "roe": null,
            "roe_4q": 0,
            "gross_profit": null,
            "gross_margin": null,
            "gross_margin_4q_avg": 0,
            "net_income": null,
            "net_income_4q": null,
            "revenue": null,
            "revenue_4q": null,
            "common_shares": null,
            "book_valuer_per_share": null,
            "book_valuer_per_share_4q_avg": 3.33,
            "equity": null,
            "current_ratio": null,
            "debt_ratio": null,
            "inventory_turnover_ratio": null,
            "account_receivable_turnover_ratio": null,
            "reinvestment_rate": null,
            "research_to_sale_ratio": null,
            "price_fair": 0,
            "eps_avg_yearly": 0,
            "eps_latest_yearly": 0,
            "eps_growth_yearly": 0
        },
        "20054": {
            "year_quarter": 20054,
            "year": 2005,
            "quarter": 4,
            "eps": null,
            "eps_growth_year": null,
            "eps_4q": null,
            "eps_4q_growth_year": null,
            "roe": null,
            "roe_4q": 0,
            "gross_profit": null,
            "gross_margin": null,
            "gross_margin_4q_avg": 0,
            "net_income": null,
            "net_income_4q": null,
            "revenue": null,
            "revenue_4q": null,
            "common_shares": 371532,
            "book_valuer_per_share": 13.34,
            "book_valuer_per_share_4q_avg": 3.34,
            "equity": 534533,
            "current_ratio": 133.91,
            "debt_ratio": 57.13,
            "inventory_turnover_ratio": null,
            "account_receivable_turnover_ratio": null,
            "reinvestment_rate": null,
            "research_to_sale_ratio": null,
            "price_fair": 0,
            "eps_avg_yearly": 0,
            "eps_latest_yearly": 0,
            "eps_growth_yearly": 0
        },
        "20061": {
            "year_quarter": 20061,
            "year": 2006,
            "quarter": 1,
            "eps": null,
            "eps_growth_year": null,
            "eps_4q": null,
            "eps_4q_growth_year": null,
            "roe": null,
            "roe_4q": 0,
            "gross_profit": null,
            "gross_margin": null,
            "gross_margin_4q_avg": 0,
            "net_income": null,
            "net_income_4q": null,
            "revenue": null,
            "revenue_4q": null,
            "common_shares": null,
            "book_valuer_per_share": null,
            "book_valuer_per_share_4q_avg": 3.34,
            "equity": null,
            "current_ratio": null,
            "debt_ratio": null,
            "inventory_turnover_ratio": null,
            "account_receivable_turnover_ratio": null,
            "reinvestment_rate": null,
            "research_to_sale_ratio": null,
            "price_fair": 0,
            "eps_avg_yearly": 0,
            "eps_latest_yearly": 0,
            "eps_growth_yearly": 0
        },
        "20062": {
            "year_quarter": 20062,
            "year": 2006,
            "quarter": 2,
            "eps": null,
            "eps_growth_year": null,
            "eps_4q": null,
            "eps_4q_growth_year": null,
            "roe": null,
            "roe_4q": 0,
            "gross_profit": null,
            "gross_margin": null,
            "gross_margin_4q_avg": 0,
            "net_income": null,
            "net_income_4q": null,
            "revenue": null,
            "revenue_4q": null,
            "common_shares": null,
            "book_valuer_per_share": null,
            "book_valuer_per_share_4q_avg": 3.34,
            "equity": null,
            "current_ratio": null,
            "debt_ratio": null,
            "inventory_turnover_ratio": null,
            "account_receivable_turnover_ratio": null,
            "reinvestment_rate": null,
            "research_to_sale_ratio": null,
            "price_fair": 0,
            "eps_avg_yearly": 0,
            "eps_latest_yearly": 0,
            "eps_growth_yearly": 0
        },
        "20063": {
            "year_quarter": 20063,
            "year": 2006,
            "quarter": 3,
            "eps": null,
            "eps_growth_year": null,
            "eps_4q": null,
            "eps_4q_growth_year": null,
            "roe": null,
            "roe_4q": 0,
            "gross_profit": null,
            "gross_margin": null,
            "gross_margin_4q_avg": 0,
            "net_income": null,
            "net_income_4q": null,
            "revenue": null,
            "revenue_4q": null,
            "common_shares": null,
            "book_valuer_per_share": null,
            "book_valuer_per_share_4q_avg": 3.34,
            "equity": null,
            "current_ratio": null,
            "debt_ratio": null,
            "inventory_turnover_ratio": null,
            "account_receivable_turnover_ratio": null,
            "reinvestment_rate": null,
            "research_to_sale_ratio": null,
            "price_fair": 0,
            "eps_avg_yearly": 0,
            "eps_latest_yearly": 0,
            "eps_growth_yearly": 0
        },
        "20064": {
            "year_quarter": 20064,
            "year": 2006,
            "quarter": 4,
            "eps": null,
            "eps_growth_year": null,
            "eps_4q": null,
            "eps_4q_growth_year": null,
            "roe": null,
            "roe_4q": 0,
            "gross_profit": null,
            "gross_margin": null,
            "gross_margin_4q_avg": 0,
            "net_income": null,
            "net_income_4q": null,
            "revenue": null,
            "revenue_4q": null,
            "common_shares": 375090,
            "book_valuer_per_share": 13.57,
            "book_valuer_per_share_4q_avg": 3.39,
            "equity": 550629,
            "current_ratio": 141.02,
            "debt_ratio": 54.43,
            "inventory_turnover_ratio": null,
            "account_receivable_turnover_ratio": null,
            "reinvestment_rate": null,
            "research_to_sale_ratio": null,
            "price_fair": 0,
            "eps_avg_yearly": 0,
            "eps_latest_yearly": 0,
            "eps_growth_yearly": 0
        },
        "20071": {
            "year_quarter": 20071,
            "year": 2007,
            "quarter": 1,
            "eps": null,
            "eps_growth_year": null,
            "eps_4q": null,
            "eps_4q_growth_year": null,
            "roe": null,
            "roe_4q": 0,
            "gross_profit": null,
            "gross_margin": null,
            "gross_margin_4q_avg": 0,
            "net_income": null,
            "net_income_4q": null,
            "revenue": null,
            "revenue_4q": null,
            "common_shares": null,
            "book_valuer_per_share": null,
            "book_valuer_per_share_4q_avg": 3.39,
            "equity": null,
            "current_ratio": null,
            "debt_ratio": null,
            "inventory_turnover_ratio": null,
            "account_receivable_turnover_ratio": null,
            "reinvestment_rate": null,
            "research_to_sale_ratio": null,
            "price_fair": 0,
            "eps_avg_yearly": 0,
            "eps_latest_yearly": 0,
            "eps_growth_yearly": 0
        },
        "20072": {
            "year_quarter": 20072,
            "year": 2007,
            "quarter": 2,
            "eps": null,
            "eps_growth_year": null,
            "eps_4q": null,
            "eps_4q_growth_year": null,
            "roe": null,
            "roe_4q": 0,
            "gross_profit": null,
            "gross_margin": null,
            "gross_margin_4q_avg": 0,
            "net_income": null,
            "net_income_4q": null,
            "revenue": null,
            "revenue_4q": null,
            "common_shares": null,
            "book_valuer_per_share": null,
            "book_valuer_per_share_4q_avg": 3.39,
            "equity": null,
            "current_ratio": null,
            "debt_ratio": null,
            "inventory_turnover_ratio": null,
            "account_receivable_turnover_ratio": null,
            "reinvestment_rate": null,
            "research_to_sale_ratio": null,
            "price_fair": 0,
            "eps_avg_yearly": 0,
            "eps_latest_yearly": 0,
            "eps_growth_yearly": 0
        },
        "20073": {
            "year_quarter": 20073,
            "year": 2007,
            "quarter": 3,
            "eps": null,
            "eps_growth_year": null,
            "eps_4q": null,
            "eps_4q_growth_year": null,
            "roe": null,
            "roe_4q": 0,
            "gross_profit": null,
            "gross_margin": null,
            "gross_margin_4q_avg": 0,
            "net_income": null,
            "net_income_4q": null,
            "revenue": null,
            "revenue_4q": null,
            "common_shares": null,
            "book_valuer_per_share": null,
            "book_valuer_per_share_4q_avg": 3.39,
            "equity": null,
            "current_ratio": null,
            "debt_ratio": null,
            "inventory_turnover_ratio": null,
            "account_receivable_turnover_ratio": null,
            "reinvestment_rate": null,
            "research_to_sale_ratio": null,
            "price_fair": 0,
            "eps_avg_yearly": 0,
            "eps_latest_yearly": 0,
            "eps_growth_yearly": 0
        },
        "20074": {
            "year_quarter": 20074,
            "year": 2007,
            "quarter": 4,
            "eps": null,
            "eps_growth_year": null,
            "eps_4q": null,
            "eps_4q_growth_year": null,
            "roe": null,
            "roe_4q": 0,
            "gross_profit": null,
            "gross_margin": null,
            "gross_margin_4q_avg": 0,
            "net_income": null,
            "net_income_4q": null,
            "revenue": null,
            "revenue_4q": null,
            "common_shares": 375090,
            "book_valuer_per_share": 13.38,
            "book_valuer_per_share_4q_avg": 3.35,
            "equity": 561818,
            "current_ratio": 120.39,
            "debt_ratio": 57.86,
            "inventory_turnover_ratio": null,
            "account_receivable_turnover_ratio": null,
            "reinvestment_rate": null,
            "research_to_sale_ratio": null,
            "price_fair": 0,
            "eps_avg_yearly": 0,
            "eps_latest_yearly": 0,
            "eps_growth_yearly": 0
        },
        "20081": {
            "year_quarter": 20081,
            "year": 2008,
            "quarter": 1,
            "eps": null,
            "eps_growth_year": null,
            "eps_4q": null,
            "eps_4q_growth_year": null,
            "roe": null,
            "roe_4q": 0,
            "gross_profit": null,
            "gross_margin": null,
            "gross_margin_4q_avg": 0,
            "net_income": null,
            "net_income_4q": null,
            "revenue": null,
            "revenue_4q": null,
            "common_shares": null,
            "book_valuer_per_share": null,
            "book_valuer_per_share_4q_avg": 3.35,
            "equity": null,
            "current_ratio": null,
            "debt_ratio": null,
            "inventory_turnover_ratio": null,
            "account_receivable_turnover_ratio": null,
            "reinvestment_rate": null,
            "research_to_sale_ratio": null,
            "price_fair": 0,
            "eps_avg_yearly": 0,
            "eps_latest_yearly": 0,
            "eps_growth_yearly": 0
        },
        "20082": {
            "year_quarter": 20082,
            "year": 2008,
            "quarter": 2,
            "eps": null,
            "eps_growth_year": null,
            "eps_4q": null,
            "eps_4q_growth_year": null,
            "roe": null,
            "roe_4q": 0,
            "gross_profit": null,
            "gross_margin": null,
            "gross_margin_4q_avg": 0,
            "net_income": null,
            "net_income_4q": null,
            "revenue": null,
            "revenue_4q": null,
            "common_shares": null,
            "book_valuer_per_share": null,
            "book_valuer_per_share_4q_avg": 3.35,
            "equity": null,
            "current_ratio": null,
            "debt_ratio": null,
            "inventory_turnover_ratio": null,
            "account_receivable_turnover_ratio": null,
            "reinvestment_rate": null,
            "research_to_sale_ratio": null,
            "price_fair": 0,
            "eps_avg_yearly": 0,
            "eps_latest_yearly": 0,
            "eps_growth_yearly": 0
        },
        "20083": {
            "year_quarter": 20083,
            "year": 2008,
            "quarter": 3,
            "eps": null,
            "eps_growth_year": null,
            "eps_4q": null,
            "eps_4q_growth_year": null,
            "roe": null,
            "roe_4q": 0,
            "gross_profit": null,
            "gross_margin": null,
            "gross_margin_4q_avg": 0,
            "net_income": null,
            "net_income_4q": null,
            "revenue": null,
            "revenue_4q": null,
            "common_shares": null,
            "book_valuer_per_share": null,
            "book_valuer_per_share_4q_avg": 3.35,
            "equity": null,
            "current_ratio": null,
            "debt_ratio": null,
            "inventory_turnover_ratio": null,
            "account_receivable_turnover_ratio": null,
            "reinvestment_rate": null,
            "research_to_sale_ratio": null,
            "price_fair": 0,
            "eps_avg_yearly": 0,
            "eps_latest_yearly": 0,
            "eps_growth_yearly": 0
        },
        "20084": {
            "year_quarter": 20084,
            "year": 2008,
            "quarter": 4,
            "eps": null,
            "eps_growth_year": null,
            "eps_4q": null,
            "eps_4q_growth_year": null,
            "roe": null,
            "roe_4q": 0,
            "gross_profit": null,
            "gross_margin": null,
            "gross_margin_4q_avg": 0,
            "net_income": null,
            "net_income_4q": null,
            "revenue": null,
            "revenue_4q": null,
            "common_shares": 375090,
            "book_valuer_per_share": 10.18,
            "book_valuer_per_share_4q_avg": 2.55,
            "equity": 441183,
            "current_ratio": 117.99,
            "debt_ratio": 59.56,
            "inventory_turnover_ratio": null,
            "account_receivable_turnover_ratio": null,
            "reinvestment_rate": null,
            "research_to_sale_ratio": null,
            "price_fair": 0,
            "eps_avg_yearly": 0,
            "eps_latest_yearly": 0,
            "eps_growth_yearly": 0
        },
        "20091": {
            "year_quarter": 20091,
            "year": 2009,
            "quarter": 1,
            "eps": null,
            "eps_growth_year": null,
            "eps_4q": null,
            "eps_4q_growth_year": null,
            "roe": null,
            "roe_4q": 0,
            "gross_profit": null,
            "gross_margin": null,
            "gross_margin_4q_avg": 0,
            "net_income": null,
            "net_income_4q": null,
            "revenue": null,
            "revenue_4q": null,
            "common_shares": null,
            "book_valuer_per_share": null,
            "book_valuer_per_share_4q_avg": 2.55,
            "equity": null,
            "current_ratio": null,
            "debt_ratio": null,
            "inventory_turnover_ratio": null,
            "account_receivable_turnover_ratio": null,
            "reinvestment_rate": null,
            "research_to_sale_ratio": null,
            "price_fair": 0,
            "eps_avg_yearly": 0,
            "eps_latest_yearly": 0,
            "eps_growth_yearly": 0
        },
        "20092": {
            "year_quarter": 20092,
            "year": 2009,
            "quarter": 2,
            "eps": null,
            "eps_growth_year": null,
            "eps_4q": null,
            "eps_4q_growth_year": null,
            "roe": null,
            "roe_4q": 0,
            "gross_profit": null,
            "gross_margin": null,
            "gross_margin_4q_avg": 0,
            "net_income": null,
            "net_income_4q": null,
            "revenue": null,
            "revenue_4q": null,
            "common_shares": null,
            "book_valuer_per_share": null,
            "book_valuer_per_share_4q_avg": 2.55,
            "equity": null,
            "current_ratio": null,
            "debt_ratio": null,
            "inventory_turnover_ratio": null,
            "account_receivable_turnover_ratio": null,
            "reinvestment_rate": null,
            "research_to_sale_ratio": null,
            "price_fair": 0,
            "eps_avg_yearly": 0,
            "eps_latest_yearly": 0,
            "eps_growth_yearly": 0
        },
        "20093": {
            "year_quarter": 20093,
            "year": 2009,
            "quarter": 3,
            "eps": null,
            "eps_growth_year": null,
            "eps_4q": null,
            "eps_4q_growth_year": null,
            "roe": null,
            "roe_4q": 0,
            "gross_profit": null,
            "gross_margin": null,
            "gross_margin_4q_avg": 0,
            "net_income": null,
            "net_income_4q": null,
            "revenue": null,
            "revenue_4q": null,
            "common_shares": null,
            "book_valuer_per_share": null,
            "book_valuer_per_share_4q_avg": 2.55,
            "equity": null,
            "current_ratio": null,
            "debt_ratio": null,
            "inventory_turnover_ratio": null,
            "account_receivable_turnover_ratio": null,
            "reinvestment_rate": null,
            "research_to_sale_ratio": null,
            "price_fair": 0,
            "eps_avg_yearly": 0,
            "eps_latest_yearly": 0,
            "eps_growth_yearly": 0
        },
        "20094": {
            "year_quarter": 20094,
            "year": 2009,
            "quarter": 4,
            "eps": null,
            "eps_growth_year": null,
            "eps_4q": null,
            "eps_4q_growth_year": null,
            "roe": null,
            "roe_4q": 0,
            "gross_profit": null,
            "gross_margin": null,
            "gross_margin_4q_avg": 0,
            "net_income": null,
            "net_income_4q": null,
            "revenue": null,
            "revenue_4q": null,
            "common_shares": 375090,
            "book_valuer_per_share": 5.04,
            "book_valuer_per_share_4q_avg": 1.26,
            "equity": 239554,
            "current_ratio": 101.48,
            "debt_ratio": 70.33,
            "inventory_turnover_ratio": null,
            "account_receivable_turnover_ratio": null,
            "reinvestment_rate": null,
            "research_to_sale_ratio": null,
            "price_fair": 0,
            "eps_avg_yearly": 0,
            "eps_latest_yearly": 0,
            "eps_growth_yearly": 0
        },
        "20101": {
            "year_quarter": 20101,
            "year": 2010,
            "quarter": 1,
            "eps": null,
            "eps_growth_year": null,
            "eps_4q": null,
            "eps_4q_growth_year": null,
            "roe": null,
            "roe_4q": 0,
            "gross_profit": null,
            "gross_margin": null,
            "gross_margin_4q_avg": 0,
            "net_income": null,
            "net_income_4q": null,
            "revenue": null,
            "revenue_4q": null,
            "common_shares": null,
            "book_valuer_per_share": null,
            "book_valuer_per_share_4q_avg": 1.26,
            "equity": null,
            "current_ratio": null,
            "debt_ratio": null,
            "inventory_turnover_ratio": null,
            "account_receivable_turnover_ratio": null,
            "reinvestment_rate": null,
            "research_to_sale_ratio": null,
            "price_fair": 0,
            "eps_avg_yearly": 0,
            "eps_latest_yearly": 0,
            "eps_growth_yearly": 0
        },
        "20102": {
            "year_quarter": 20102,
            "year": 2010,
            "quarter": 2,
            "eps": null,
            "eps_growth_year": null,
            "eps_4q": null,
            "eps_4q_growth_year": null,
            "roe": null,
            "roe_4q": 0,
            "gross_profit": null,
            "gross_margin": null,
            "gross_margin_4q_avg": 0,
            "net_income": null,
            "net_income_4q": null,
            "revenue": null,
            "revenue_4q": null,
            "common_shares": null,
            "book_valuer_per_share": null,
            "book_valuer_per_share_4q_avg": 1.26,
            "equity": null,
            "current_ratio": null,
            "debt_ratio": null,
            "inventory_turnover_ratio": null,
            "account_receivable_turnover_ratio": null,
            "reinvestment_rate": null,
            "research_to_sale_ratio": null,
            "price_fair": 0,
            "eps_avg_yearly": 0,
            "eps_latest_yearly": 0,
            "eps_growth_yearly": 0
        },
        "20103": {
            "year_quarter": 20103,
            "year": 2010,
            "quarter": 3,
            "eps": null,
            "eps_growth_year": null,
            "eps_4q": null,
            "eps_4q_growth_year": null,
            "roe": null,
            "roe_4q": 0,
            "gross_profit": null,
            "gross_margin": null,
            "gross_margin_4q_avg": 0,
            "net_income": null,
            "net_income_4q": null,
            "revenue": null,
            "revenue_4q": null,
            "common_shares": null,
            "book_valuer_per_share": null,
            "book_valuer_per_share_4q_avg": 1.26,
            "equity": null,
            "current_ratio": null,
            "debt_ratio": null,
            "inventory_turnover_ratio": null,
            "account_receivable_turnover_ratio": null,
            "reinvestment_rate": null,
            "research_to_sale_ratio": null,
            "price_fair": 0,
            "eps_avg_yearly": 0,
            "eps_latest_yearly": 0,
            "eps_growth_yearly": 0
        },
        "20104": {
            "year_quarter": 20104,
            "year": 2010,
            "quarter": 4,
            "eps": null,
            "eps_growth_year": null,
            "eps_4q": null,
            "eps_4q_growth_year": null,
            "roe": null,
            "roe_4q": 0,
            "gross_profit": null,
            "gross_margin": null,
            "gross_margin_4q_avg": 0,
            "net_income": null,
            "net_income_4q": null,
            "revenue": null,
            "revenue_4q": null,
            "common_shares": 375090,
            "book_valuer_per_share": 7.55,
            "book_valuer_per_share_4q_avg": 1.89,
            "equity": 332599,
            "current_ratio": 118.31,
            "debt_ratio": 64.14,
            "inventory_turnover_ratio": null,
            "account_receivable_turnover_ratio": null,
            "reinvestment_rate": null,
            "research_to_sale_ratio": null,
            "price_fair": 0,
            "eps_avg_yearly": 0,
            "eps_latest_yearly": 0,
            "eps_growth_yearly": 0
        },
        "20111": {
            "year_quarter": 20111,
            "year": 2011,
            "quarter": 1,
            "eps": null,
            "eps_growth_year": null,
            "eps_4q": null,
            "eps_4q_growth_year": null,
            "roe": null,
            "roe_4q": 0,
            "gross_profit": null,
            "gross_margin": null,
            "gross_margin_4q_avg": 0,
            "net_income": null,
            "net_income_4q": null,
            "revenue": null,
            "revenue_4q": null,
            "common_shares": null,
            "book_valuer_per_share": null,
            "book_valuer_per_share_4q_avg": 1.89,
            "equity": null,
            "current_ratio": null,
            "debt_ratio": null,
            "inventory_turnover_ratio": null,
            "account_receivable_turnover_ratio": null,
            "reinvestment_rate": null,
            "research_to_sale_ratio": null,
            "price_fair": 0,
            "eps_avg_yearly": 0,
            "eps_latest_yearly": 0,
            "eps_growth_yearly": 0
        },
        "20112": {
            "year_quarter": 20112,
            "year": 2011,
            "quarter": 2,
            "eps": null,
            "eps_growth_year": null,
            "eps_4q": null,
            "eps_4q_growth_year": null,
            "roe": null,
            "roe_4q": 0,
            "gross_profit": null,
            "gross_margin": null,
            "gross_margin_4q_avg": 0,
            "net_income": null,
            "net_income_4q": null,
            "revenue": null,
            "revenue_4q": null,
            "common_shares": null,
            "book_valuer_per_share": null,
            "book_valuer_per_share_4q_avg": 1.89,
            "equity": null,
            "current_ratio": null,
            "debt_ratio": null,
            "inventory_turnover_ratio": null,
            "account_receivable_turnover_ratio": null,
            "reinvestment_rate": null,
            "research_to_sale_ratio": null,
            "price_fair": 0,
            "eps_avg_yearly": 0,
            "eps_latest_yearly": 0,
            "eps_growth_yearly": 0
        },
        "20113": {
            "year_quarter": 20113,
            "year": 2011,
            "quarter": 3,
            "eps": null,
            "eps_growth_year": null,
            "eps_4q": null,
            "eps_4q_growth_year": null,
            "roe": null,
            "roe_4q": 0,
            "gross_profit": null,
            "gross_margin": null,
            "gross_margin_4q_avg": 0,
            "net_income": null,
            "net_income_4q": null,
            "revenue": null,
            "revenue_4q": null,
            "common_shares": null,
            "book_valuer_per_share": null,
            "book_valuer_per_share_4q_avg": 1.89,
            "equity": null,
            "current_ratio": null,
            "debt_ratio": null,
            "inventory_turnover_ratio": null,
            "account_receivable_turnover_ratio": null,
            "reinvestment_rate": null,
            "research_to_sale_ratio": null,
            "price_fair": 0,
            "eps_avg_yearly": 0,
            "eps_latest_yearly": 0,
            "eps_growth_yearly": 0
        },
        "20114": {
            "year_quarter": 20114,
            "year": 2011,
            "quarter": 4,
            "eps": null,
            "eps_growth_year": null,
            "eps_4q": null,
            "eps_4q_growth_year": null,
            "roe": null,
            "roe_4q": 0,
            "gross_profit": null,
            "gross_margin": null,
            "gross_margin_4q_avg": 0,
            "net_income": null,
            "net_income_4q": null,
            "revenue": null,
            "revenue_4q": null,
            "common_shares": 417090,
            "book_valuer_per_share": 8.06,
            "book_valuer_per_share_4q_avg": 2.02,
            "equity": 385472,
            "current_ratio": 136.39,
            "debt_ratio": 58.26,
            "inventory_turnover_ratio": null,
            "account_receivable_turnover_ratio": null,
            "reinvestment_rate": null,
            "research_to_sale_ratio": null,
            "price_fair": 0,
            "eps_avg_yearly": 0,
            "eps_latest_yearly": 0,
            "eps_growth_yearly": 0
        },
        "20121": {
            "year_quarter": 20121,
            "year": 2012,
            "quarter": 1,
            "eps": null,
            "eps_growth_year": null,
            "eps_4q": null,
            "eps_4q_growth_year": null,
            "roe": null,
            "roe_4q": 0,
            "gross_profit": null,
            "gross_margin": null,
            "gross_margin_4q_avg": 0,
            "net_income": null,
            "net_income_4q": null,
            "revenue": null,
            "revenue_4q": null,
            "common_shares": null,
            "book_valuer_per_share": null,
            "book_valuer_per_share_4q_avg": 2.02,
            "equity": null,
            "current_ratio": null,
            "debt_ratio": null,
            "inventory_turnover_ratio": null,
            "account_receivable_turnover_ratio": null,
            "reinvestment_rate": null,
            "research_to_sale_ratio": null,
            "price_fair": 0,
            "eps_avg_yearly": 0,
            "eps_latest_yearly": 0,
            "eps_growth_yearly": 0
        },
        "20122": {
            "year_quarter": 20122,
            "year": 2012,
            "quarter": 2,
            "eps": null,
            "eps_growth_year": null,
            "eps_4q": null,
            "eps_4q_growth_year": null,
            "roe": null,
            "roe_4q": 0,
            "gross_profit": null,
            "gross_margin": null,
            "gross_margin_4q_avg": 0,
            "net_income": null,
            "net_income_4q": null,
            "revenue": null,
            "revenue_4q": null,
            "common_shares": null,
            "book_valuer_per_share": null,
            "book_valuer_per_share_4q_avg": 2.02,
            "equity": null,
            "current_ratio": null,
            "debt_ratio": null,
            "inventory_turnover_ratio": null,
            "account_receivable_turnover_ratio": null,
            "reinvestment_rate": null,
            "research_to_sale_ratio": null,
            "price_fair": 0,
            "eps_avg_yearly": 0,
            "eps_latest_yearly": 0,
            "eps_growth_yearly": 0
        },
        "20123": {
            "year_quarter": 20123,
            "year": 2012,
            "quarter": 3,
            "eps": null,
            "eps_growth_year": null,
            "eps_4q": null,
            "eps_4q_growth_year": null,
            "roe": null,
            "roe_4q": 0,
            "gross_profit": null,
            "gross_margin": null,
            "gross_margin_4q_avg": 0,
            "net_income": null,
            "net_income_4q": null,
            "revenue": null,
            "revenue_4q": null,
            "common_shares": null,
            "book_valuer_per_share": null,
            "book_valuer_per_share_4q_avg": 2.02,
            "equity": null,
            "current_ratio": null,
            "debt_ratio": null,
            "inventory_turnover_ratio": null,
            "account_receivable_turnover_ratio": null,
            "reinvestment_rate": null,
            "research_to_sale_ratio": null,
            "price_fair": 0,
            "eps_avg_yearly": 0,
            "eps_latest_yearly": 0,
            "eps_growth_yearly": 0
        },
        "20124": {
            "year_quarter": 20124,
            "year": 2012,
            "quarter": 4,
            "eps": null,
            "eps_growth_year": null,
            "eps_4q": null,
            "eps_4q_growth_year": null,
            "roe": null,
            "roe_4q": 0,
            "gross_profit": null,
            "gross_margin": null,
            "gross_margin_4q_avg": 0,
            "net_income": null,
            "net_income_4q": null,
            "revenue": null,
            "revenue_4q": null,
            "common_shares": 417090,
            "book_valuer_per_share": 10.13,
            "book_valuer_per_share_4q_avg": 2.53,
            "equity": 462684,
            "current_ratio": 142.96,
            "debt_ratio": 56.81,
            "inventory_turnover_ratio": null,
            "account_receivable_turnover_ratio": null,
            "reinvestment_rate": null,
            "research_to_sale_ratio": null,
            "price_fair": 0,
            "eps_avg_yearly": 0,
            "eps_latest_yearly": 0,
            "eps_growth_yearly": 0
        },
        "20131": {
            "year_quarter": 20131,
            "year": 2013,
            "quarter": 1,
            "eps": null,
            "eps_growth_year": null,
            "eps_4q": null,
            "eps_4q_growth_year": null,
            "roe": null,
            "roe_4q": 0,
            "gross_profit": null,
            "gross_margin": null,
            "gross_margin_4q_avg": 0,
            "net_income": null,
            "net_income_4q": null,
            "revenue": null,
            "revenue_4q": null,
            "common_shares": null,
            "book_valuer_per_share": null,
            "book_valuer_per_share_4q_avg": 2.53,
            "equity": null,
            "current_ratio": null,
            "debt_ratio": null,
            "inventory_turnover_ratio": null,
            "account_receivable_turnover_ratio": null,
            "reinvestment_rate": null,
            "research_to_sale_ratio": null,
            "price_fair": 0,
            "eps_avg_yearly": 0,
            "eps_latest_yearly": 0,
            "eps_growth_yearly": 0
        },
        "20132": {
            "year_quarter": 20132,
            "year": 2013,
            "quarter": 2,
            "eps": null,
            "eps_growth_year": null,
            "eps_4q": null,
            "eps_4q_growth_year": null,
            "roe": null,
            "roe_4q": 0,
            "gross_profit": null,
            "gross_margin": null,
            "gross_margin_4q_avg": 0,
            "net_income": null,
            "net_income_4q": null,
            "revenue": null,
            "revenue_4q": null,
            "common_shares": 417090,
            "book_valuer_per_share": null,
            "book_valuer_per_share_4q_avg": 2.53,
            "equity": 482776,
            "current_ratio": null,
            "debt_ratio": null,
            "inventory_turnover_ratio": null,
            "account_receivable_turnover_ratio": null,
            "reinvestment_rate": null,
            "research_to_sale_ratio": null,
            "price_fair": 0,
            "eps_avg_yearly": 0,
            "eps_latest_yearly": 0,
            "eps_growth_yearly": 0
        },
        "20133": {
            "year_quarter": 20133,
            "year": 2013,
            "quarter": 3,
            "eps": null,
            "eps_growth_year": null,
            "eps_4q": null,
            "eps_4q_growth_year": null,
            "roe": null,
            "roe_4q": 0,
            "gross_profit": 109361,
            "gross_margin": null,
            "gross_margin_4q_avg": 0,
            "net_income": 16093,
            "net_income_4q": null,
            "revenue": 361732,
            "revenue_4q": null,
            "common_shares": 417090,
            "book_valuer_per_share": null,
            "book_valuer_per_share_4q_avg": 2.53,
            "equity": 579526,
            "current_ratio": null,
            "debt_ratio": null,
            "inventory_turnover_ratio": null,
            "account_receivable_turnover_ratio": null,
            "reinvestment_rate": null,
            "research_to_sale_ratio": null,
            "price_fair": 0,
            "eps_avg_yearly": 0,
            "eps_latest_yearly": 0,
            "eps_growth_yearly": 0
        },
        "20134": {
            "year_quarter": 20134,
            "year": 2013,
            "quarter": 4,
            "eps": null,
            "eps_growth_year": null,
            "eps_4q": null,
            "eps_4q_growth_year": null,
            "roe": null,
            "roe_4q": 0,
            "gross_profit": 63087,
            "gross_margin": null,
            "gross_margin_4q_avg": 0,
            "net_income": -16388,
            "net_income_4q": null,
            "revenue": 381607,
            "revenue_4q": null,
            "common_shares": 447090,
            "book_valuer_per_share": 11.13,
            "book_valuer_per_share_4q_avg": 2.78,
            "equity": 584438,
            "current_ratio": 156.3,
            "debt_ratio": 52.61,
            "inventory_turnover_ratio": null,
            "account_receivable_turnover_ratio": null,
            "reinvestment_rate": null,
            "research_to_sale_ratio": null,
            "price_fair": 0,
            "eps_avg_yearly": 0,
            "eps_latest_yearly": 0,
            "eps_growth_yearly": 0
        },
        "20141": {
            "year_quarter": 20141,
            "year": 2014,
            "quarter": 1,
            "eps": null,
            "eps_growth_year": null,
            "eps_4q": null,
            "eps_4q_growth_year": null,
            "roe": null,
            "roe_4q": 0,
            "gross_profit": 75320,
            "gross_margin": null,
            "gross_margin_4q_avg": 0,
            "net_income": -11421,
            "net_income_4q": null,
            "revenue": 282158,
            "revenue_4q": null,
            "common_shares": 447090,
            "book_valuer_per_share": 10.83,
            "book_valuer_per_share_4q_avg": 5.49,
            "equity": 571674,
            "current_ratio": 149.39,
            "debt_ratio": 55.66,
            "inventory_turnover_ratio": null,
            "account_receivable_turnover_ratio": null,
            "reinvestment_rate": null,
            "research_to_sale_ratio": null,
            "price_fair": 0,
            "eps_avg_yearly": 0,
            "eps_latest_yearly": 0,
            "eps_growth_yearly": 0
        },
        "20142": {
            "year_quarter": 20142,
            "year": 2014,
            "quarter": 2,
            "eps": 0.46,
            "eps_growth_year": null,
            "eps_4q": 0.46,
            "eps_4q_growth_year": null,
            "roe": 3.72,
            "roe_4q": 3.72,
            "gross_profit": 136432,
            "gross_margin": 31.48,
            "gross_margin_4q_avg": 7.87,
            "net_income": 21460,
            "net_income_4q": null,
            "revenue": 433413,
            "revenue_4q": null,
            "common_shares": 447090,
            "book_valuer_per_share": 11.03,
            "book_valuer_per_share_4q_avg": 8.25,
            "equity": 581568,
            "current_ratio": 132.16,
            "debt_ratio": 62.03,
            "inventory_turnover_ratio": 0.84,
            "account_receivable_turnover_ratio": 1.61,
            "reinvestment_rate": null,
            "research_to_sale_ratio": null,
            "price_fair": 0,
            "eps_avg_yearly": 0,
            "eps_latest_yearly": 0,
            "eps_growth_yearly": 0
        },
        "20143": {
            "year_quarter": 20143,
            "year": 2014,
            "quarter": 3,
            "eps": 1.64,
            "eps_growth_year": null,
            "eps_4q": 1.98,
            "eps_4q_growth_year": null,
            "roe": 11.41,
            "roe_4q": 15.13,
            "gross_profit": 234159,
            "gross_margin": 31.98,
            "gross_margin_4q_avg": 15.87,
            "net_income": 72555,
            "net_income_4q": null,
            "revenue": 732236,
            "revenue_4q": null,
            "common_shares": 447090,
            "book_valuer_per_share": 13.44,
            "book_valuer_per_share_4q_avg": 11.61,
            "equity": 689960,
            "current_ratio": 136.39,
            "debt_ratio": 62.62,
            "inventory_turnover_ratio": 1.22,
            "account_receivable_turnover_ratio": 1.14,
            "reinvestment_rate": null,
            "research_to_sale_ratio": 4.5,
            "price_fair": 229.6,
            "eps_avg_yearly": 6.56,
            "eps_latest_yearly": 6.56,
            "eps_growth_yearly": 1026.09
        },
        "20144": {
            "year_quarter": 20144,
            "year": 2014,
            "quarter": 4,
            "eps": 0.71,
            "eps_growth_year": null,
            "eps_4q": 2.56,
            "eps_4q_growth_year": null,
            "roe": 4.56,
            "roe_4q": 19.689999999999998,
            "gross_profit": 138624,
            "gross_margin": 25.4,
            "gross_margin_4q_avg": 22.22,
            "net_income": 34286,
            "net_income_4q": null,
            "revenue": 545719,
            "revenue_4q": null,
            "common_shares": 508090,
            "book_valuer_per_share": 14.27,
            "book_valuer_per_share_4q_avg": 12.39,
            "equity": 814607,
            "current_ratio": 153.94,
            "debt_ratio": 52.33,
            "inventory_turnover_ratio": 1,
            "account_receivable_turnover_ratio": 0.84,
            "reinvestment_rate": null,
            "research_to_sale_ratio": 5.47,
            "price_fair": 164.5,
            "eps_avg_yearly": 4.7,
            "eps_latest_yearly": 2.84,
            "eps_growth_yearly": 399.63
        },
        "20151": {
            "year_quarter": 20151,
            "year": 2015,
            "quarter": 1,
            "eps": 0.31,
            "eps_growth_year": null,
            "eps_4q": 2.86,
            "eps_4q_growth_year": null,
            "roe": 2.04,
            "roe_4q": 21.729999999999997,
            "gross_profit": 138832,
            "gross_margin": 31.12,
            "gross_margin_4q_avg": 30,
            "net_income": 16788,
            "net_income_4q": null,
            "revenue": 446128,
            "revenue_4q": null,
            "common_shares": 508090,
            "book_valuer_per_share": 14.59,
            "book_valuer_per_share_4q_avg": 13.33,
            "equity": 831153,
            "current_ratio": 160.03,
            "debt_ratio": 48.68,
            "inventory_turnover_ratio": 0.81,
            "account_receivable_turnover_ratio": 0.89,
            "reinvestment_rate": null,
            "research_to_sale_ratio": 6.25,
            "price_fair": 124.13,
            "eps_avg_yearly": 3.55,
            "eps_latest_yearly": 1.24,
            "eps_growth_yearly": 191.3
        },
        "20152": {
            "year_quarter": 20152,
            "year": 2015,
            "quarter": 2,
            "eps": -0.14,
            "eps_growth_year": -130.31,
            "eps_4q": 2.11,
            "eps_4q_growth_year": 356.24,
            "roe": -0.89,
            "roe_4q": 17.119999999999997,
            "gross_profit": 98069,
            "gross_margin": 25.94,
            "gross_margin_4q_avg": 28.61,
            "net_income": -7757,
            "net_income_4q": null,
            "revenue": 378122,
            "revenue_4q": null,
            "common_shares": 559090,
            "book_valuer_per_share": 14.64,
            "book_valuer_per_share_4q_avg": 14.24,
            "equity": 906934,
            "current_ratio": 159.17,
            "debt_ratio": 50.02,
            "inventory_turnover_ratio": 0.67,
            "account_receivable_turnover_ratio": 0.81,
            "reinvestment_rate": null,
            "research_to_sale_ratio": 6.58,
            "price_fair": 124.13,
            "eps_avg_yearly": 3.55,
            "eps_latest_yearly": 1.24,
            "eps_growth_yearly": 191.3
        },
        "20153": {
            "year_quarter": 20153,
            "year": 2015,
            "quarter": 3,
            "eps": 0.18,
            "eps_growth_year": -89.02,
            "eps_4q": 0.99,
            "eps_4q_growth_year": -50.17,
            "roe": 1.08,
            "roe_4q": 6.789999999999999,
            "gross_profit": 108044,
            "gross_margin": 28.51,
            "gross_margin_4q_avg": 27.74,
            "net_income": 9746,
            "net_income_4q": null,
            "revenue": 378924,
            "revenue_4q": null,
            "common_shares": 559090,
            "book_valuer_per_share": 14.86,
            "book_valuer_per_share_4q_avg": 14.59,
            "equity": 903764,
            "current_ratio": 174.74,
            "debt_ratio": 47.11,
            "inventory_turnover_ratio": 0.57,
            "account_receivable_turnover_ratio": 0.77,
            "reinvestment_rate": null,
            "research_to_sale_ratio": 7.57,
            "price_fair": 124.13,
            "eps_avg_yearly": 3.55,
            "eps_latest_yearly": 1.24,
            "eps_growth_yearly": 191.3
        },
        "20154": {
            "year_quarter": 20154,
            "year": 2015,
            "quarter": 4,
            "eps": -0.32,
            "eps_growth_year": -145.86,
            "eps_4q": 0.01,
            "eps_4q_growth_year": -99.78,
            "roe": -1.78,
            "roe_4q": 0.4500000000000002,
            "gross_profit": 74392,
            "gross_margin": 21.93,
            "gross_margin_4q_avg": 26.88,
            "net_income": -16045,
            "net_income_4q": null,
            "revenue": 339246,
            "revenue_4q": null,
            "common_shares": 554060,
            "book_valuer_per_share": 14.71,
            "book_valuer_per_share_4q_avg": 14.7,
            "equity": 903373,
            "current_ratio": 218.07,
            "debt_ratio": 51.76,
            "inventory_turnover_ratio": 0.55,
            "account_receivable_turnover_ratio": 0.67,
            "reinvestment_rate": null,
            "research_to_sale_ratio": 8.27,
            "price_fair": 124.13,
            "eps_avg_yearly": 3.55,
            "eps_latest_yearly": 1.24,
            "eps_growth_yearly": 191.3
        },
        "20161": {
            "year_quarter": 20161,
            "year": 2016,
            "quarter": 1,
            "eps": -1.05,
            "eps_growth_year": -438.71,
            "eps_4q": -1.31,
            "eps_4q_growth_year": -145.92,
            "roe": -6.58,
            "roe_4q": -8.17,
            "gross_profit": 49807,
            "gross_margin": 19.94,
            "gross_margin_4q_avg": 24.08,
            "net_income": -57574,
            "net_income_4q": null,
            "revenue": 249814,
            "revenue_4q": null,
            "common_shares": 554590,
            "book_valuer_per_share": 13.64,
            "book_valuer_per_share_4q_avg": 14.46,
            "equity": 847503,
            "current_ratio": 211.3,
            "debt_ratio": 53.19,
            "inventory_turnover_ratio": 0.4,
            "account_receivable_turnover_ratio": 0.51,
            "reinvestment_rate": null,
            "research_to_sale_ratio": 11.4,
            "price_fair": 124.13,
            "eps_avg_yearly": 3.55,
            "eps_latest_yearly": 1.24,
            "eps_growth_yearly": 191.3
        },
        "20162": {
            "year_quarter": 20162,
            "year": 2016,
            "quarter": 2,
            "eps": -0.28,
            "eps_growth_year": null,
            "eps_4q": -1.5,
            "eps_4q_growth_year": -171.16,
            "roe": -1.99,
            "roe_4q": -9.27,
            "gross_profit": 100124,
            "gross_margin": 26.88,
            "gross_margin_4q_avg": 24.32,
            "net_income": -16239,
            "net_income_4q": null,
            "revenue": 372479,
            "revenue_4q": null,
            "common_shares": 551954,
            "book_valuer_per_share": 12.98,
            "book_valuer_per_share_4q_avg": 14.05,
            "equity": 788349,
            "current_ratio": 191.15,
            "debt_ratio": 56.88,
            "inventory_turnover_ratio": 0.52,
            "account_receivable_turnover_ratio": 0.75,
            "reinvestment_rate": null,
            "research_to_sale_ratio": 8.6,
            "price_fair": 124.13,
            "eps_avg_yearly": 3.55,
            "eps_latest_yearly": 1.24,
            "eps_growth_yearly": 191.3
        },
        "20163": {
            "year_quarter": 20163,
            "year": 2016,
            "quarter": 3,
            "eps": -0.35,
            "eps_growth_year": -294.44,
            "eps_4q": -2.03,
            "eps_4q_growth_year": -306.17,
            "roe": -2.63,
            "roe_4q": -12.979999999999999,
            "gross_profit": 106846,
            "gross_margin": 21.9,
            "gross_margin_4q_avg": 22.66,
            "net_income": -20278,
            "net_income_4q": null,
            "revenue": 487949,
            "revenue_4q": null,
            "common_shares": 539476,
            "book_valuer_per_share": 12.5,
            "book_valuer_per_share_4q_avg": 13.46,
            "equity": 755350,
            "current_ratio": 171.07,
            "debt_ratio": 60.01,
            "inventory_turnover_ratio": 0.78,
            "account_receivable_turnover_ratio": 0.85,
            "reinvestment_rate": null,
            "research_to_sale_ratio": 9.99,
            "price_fair": 124.13,
            "eps_avg_yearly": 3.55,
            "eps_latest_yearly": 1.24,
            "eps_growth_yearly": 191.3
        },
        "20164": {
            "year_quarter": 20164,
            "year": 2016,
            "quarter": 4,
            "eps": -0.68,
            "eps_growth_year": null,
            "eps_4q": -2.37,
            "eps_4q_growth_year": -42745.08,
            "roe": -5.35,
            "roe_4q": -16.549999999999997,
            "gross_profit": 71485,
            "gross_margin": 25.4,
            "gross_margin_4q_avg": 23.53,
            "net_income": -39304,
            "net_income_4q": null,
            "revenue": 281425,
            "revenue_4q": null,
            "common_shares": 541841,
            "book_valuer_per_share": 11.76,
            "book_valuer_per_share_4q_avg": 12.72,
            "equity": 715286,
            "current_ratio": 133.06,
            "debt_ratio": 58.71,
            "inventory_turnover_ratio": 0.47,
            "account_receivable_turnover_ratio": 0.5,
            "reinvestment_rate": null,
            "research_to_sale_ratio": 13.81,
            "price_fair": 124.13,
            "eps_avg_yearly": 3.55,
            "eps_latest_yearly": 1.24,
            "eps_growth_yearly": 191.3
        },
        "20171": {
            "year_quarter": 20171,
            "year": 2017,
            "quarter": 1,
            "eps": -0.23,
            "eps_growth_year": null,
            "eps_4q": -1.35,
            "eps_4q_growth_year": null,
            "roe": -2,
            "roe_4q": -11.97,
            "gross_profit": 87401,
            "gross_margin": 28,
            "gross_margin_4q_avg": 25.55,
            "net_income": -15364,
            "net_income_4q": null,
            "revenue": 312140,
            "revenue_4q": null,
            "common_shares": 540050,
            "book_valuer_per_share": 13.77,
            "book_valuer_per_share_4q_avg": 12.75,
            "equity": 822195,
            "current_ratio": 149.03,
            "debt_ratio": 53.62,
            "inventory_turnover_ratio": 0.47,
            "account_receivable_turnover_ratio": 0.62,
            "reinvestment_rate": null,
            "research_to_sale_ratio": 8.68,
            "price_fair": 124.13,
            "eps_avg_yearly": 3.55,
            "eps_latest_yearly": 1.24,
            "eps_growth_yearly": 191.3
        },
        "20172": {
            "year_quarter": 20172,
            "year": 2017,
            "quarter": 2,
            "eps": -0.04,
            "eps_growth_year": null,
            "eps_4q": -1.09,
            "eps_4q_growth_year": null,
            "roe": -0.7,
            "roe_4q": -10.68,
            "gross_profit": 102882,
            "gross_margin": 27.63,
            "gross_margin_4q_avg": 25.73,
            "net_income": -6048,
            "net_income_4q": null,
            "revenue": 372403,
            "revenue_4q": null,
            "common_shares": 616436,
            "book_valuer_per_share": 13.39,
            "book_valuer_per_share_4q_avg": 12.86,
            "equity": 900419,
            "current_ratio": 162.65,
            "debt_ratio": 50.21,
            "inventory_turnover_ratio": 0.54,
            "account_receivable_turnover_ratio": 0.73,
            "reinvestment_rate": null,
            "research_to_sale_ratio": 8.26,
            "price_fair": 124.13,
            "eps_avg_yearly": 3.55,
            "eps_latest_yearly": 1.24,
            "eps_growth_yearly": 191.3
        },
        "20173": {
            "year_quarter": 20173,
            "year": 2017,
            "quarter": 3,
            "eps": -0.39,
            "eps_growth_year": null,
            "eps_4q": -1.05,
            "eps_4q_growth_year": null,
            "roe": -2.85,
            "roe_4q": -10.899999999999999,
            "gross_profit": 92315,
            "gross_margin": 24.23,
            "gross_margin_4q_avg": 26.32,
            "net_income": -29471,
            "net_income_4q": null,
            "revenue": 381042,
            "revenue_4q": null,
            "common_shares": 759962,
            "book_valuer_per_share": 14.43,
            "book_valuer_per_share_4q_avg": 13.34,
            "equity": 1170825,
            "current_ratio": 212.3,
            "debt_ratio": 39.18,
            "inventory_turnover_ratio": 0.58,
            "account_receivable_turnover_ratio": 0.71,
            "reinvestment_rate": null,
            "research_to_sale_ratio": 8.96,
            "price_fair": 124.13,
            "eps_avg_yearly": 3.55,
            "eps_latest_yearly": 1.24,
            "eps_growth_yearly": 191.3
        },
        "20174": {
            "year_quarter": 20174,
            "year": 2017,
            "quarter": 4,
            "eps": -0.54,
            "eps_growth_year": null,
            "eps_4q": -1.11,
            "eps_4q_growth_year": null,
            "roe": -4.05,
            "roe_4q": -9.600000000000001,
            "gross_profit": 77151,
            "gross_margin": 21.38,
            "gross_margin_4q_avg": 25.31,
            "net_income": -47013,
            "net_income_4q": null,
            "revenue": 360856,
            "revenue_4q": null,
            "common_shares": 768723,
            "book_valuer_per_share": 14.03,
            "book_valuer_per_share_4q_avg": 13.91,
            "equity": 1148983,
            "current_ratio": 200.34,
            "debt_ratio": 41.31,
            "inventory_turnover_ratio": 0.54,
            "account_receivable_turnover_ratio": 0.66,
            "reinvestment_rate": null,
            "research_to_sale_ratio": 7.91,
            "price_fair": 124.13,
            "eps_avg_yearly": 3.55,
            "eps_latest_yearly": 1.24,
            "eps_growth_yearly": 191.3
        },
        "20181": {
            "year_quarter": 20181,
            "year": 2018,
            "quarter": 1,
            "eps": 0.12,
            "eps_growth_year": null,
            "eps_4q": -0.82,
            "eps_4q_growth_year": null,
            "roe": 0.5,
            "roe_4q": -7.1000000000000005,
            "gross_profit": 126818,
            "gross_margin": 24.02,
            "gross_margin_4q_avg": 24.32,
            "net_income": 5790,
            "net_income_4q": null,
            "revenue": 528078,
            "revenue_4q": null,
            "common_shares": 781897,
            "book_valuer_per_share": 14.02,
            "book_valuer_per_share_4q_avg": 13.97,
            "equity": 1162313,
            "current_ratio": 196.58,
            "debt_ratio": 43.21,
            "inventory_turnover_ratio": 0.75,
            "account_receivable_turnover_ratio": 0.89,
            "reinvestment_rate": null,
            "research_to_sale_ratio": 5.47,
            "price_fair": 124.13,
            "eps_avg_yearly": 3.55,
            "eps_latest_yearly": 1.24,
            "eps_growth_yearly": 191.3
        },
        "20182": {
            "year_quarter": 20182,
            "year": 2018,
            "quarter": 2,
            "eps": 0.44,
            "eps_growth_year": null,
            "eps_4q": -0.33,
            "eps_4q_growth_year": null,
            "roe": 2.87,
            "roe_4q": -3.53,
            "gross_profit": 143183,
            "gross_margin": 28.59,
            "gross_margin_4q_avg": 24.56,
            "net_income": 34194,
            "net_income_4q": null,
            "revenue": 500872,
            "revenue_4q": null,
            "common_shares": 785852,
            "book_valuer_per_share": 14.75,
            "book_valuer_per_share_4q_avg": 14.31,
            "equity": 1221051,
            "current_ratio": 240.16,
            "debt_ratio": 51.07,
            "inventory_turnover_ratio": 0.64,
            "account_receivable_turnover_ratio": 0.78,
            "reinvestment_rate": null,
            "research_to_sale_ratio": 7.39,
            "price_fair": 108.5,
            "eps_avg_yearly": 3.1,
            "eps_latest_yearly": 1.76,
            "eps_growth_yearly": 410.14
        },
        "20183": {
            "year_quarter": 20183,
            "year": 2018,
            "quarter": 3,
            "eps": 0.02,
            "eps_growth_year": null,
            "eps_4q": 0.05,
            "eps_4q_growth_year": null,
            "roe": 0.19,
            "roe_4q": -0.48999999999999977,
            "gross_profit": 123318,
            "gross_margin": 27.58,
            "gross_margin_4q_avg": 25.39,
            "net_income": 2325,
            "net_income_4q": null,
            "revenue": 447198,
            "revenue_4q": null,
            "common_shares": 792213,
            "book_valuer_per_share": 14.72,
            "book_valuer_per_share_4q_avg": 14.38,
            "equity": 1227406,
            "current_ratio": 261.66,
            "debt_ratio": 49.67,
            "inventory_turnover_ratio": 0.52,
            "account_receivable_turnover_ratio": 0.71,
            "reinvestment_rate": null,
            "research_to_sale_ratio": 7.75,
            "price_fair": 51.8,
            "eps_avg_yearly": 1.48,
            "eps_latest_yearly": 0.08,
            "eps_growth_yearly": 58.17
        },
        "20184": {
            "year_quarter": 20184,
            "year": 2018,
            "quarter": 4,
            "eps": 0.68,
            "eps_growth_year": null,
            "eps_4q": 1.27,
            "eps_4q_growth_year": null,
            "roe": 4.34,
            "roe_4q": 7.9,
            "gross_profit": 185700,
            "gross_margin": 32.28,
            "gross_margin_4q_avg": 28.12,
            "net_income": 53599,
            "net_income_4q": null,
            "revenue": 575217,
            "revenue_4q": null,
            "common_shares": 797828,
            "book_valuer_per_share": 15.35,
            "book_valuer_per_share_4q_avg": 14.71,
            "equity": 1245390,
            "current_ratio": 268.23,
            "debt_ratio": 48.58,
            "inventory_turnover_ratio": 0.6,
            "account_receivable_turnover_ratio": 0.85,
            "reinvestment_rate": null,
            "research_to_sale_ratio": 7.13,
            "price_fair": 50.75,
            "eps_avg_yearly": 1.45,
            "eps_latest_yearly": 2.72,
            "eps_growth_yearly": 3414.87
        },
        "20191": {
            "year_quarter": 20191,
            "year": 2019,
            "quarter": 1,
            "eps": -0.46,
            "eps_growth_year": -483.33,
            "eps_4q": 0.68,
            "eps_4q_growth_year": null,
            "roe": -3,
            "roe_4q": 4.4,
            "gross_profit": 72794,
            "gross_margin": 23.05,
            "gross_margin_4q_avg": 27.88,
            "net_income": -36901,
            "net_income_4q": null,
            "revenue": 315774,
            "revenue_4q": null,
            "common_shares": 797942,
            "book_valuer_per_share": 14.61,
            "book_valuer_per_share_4q_avg": 14.86,
            "equity": 1213839,
            "current_ratio": 260.65,
            "debt_ratio": 50.49,
            "inventory_turnover_ratio": 0.36,
            "account_receivable_turnover_ratio": 0.47,
            "reinvestment_rate": null,
            "research_to_sale_ratio": 9.51,
            "price_fair": 53.2,
            "eps_avg_yearly": 1.52,
            "eps_latest_yearly": 2.72,
            "eps_growth_yearly": 4628.28
        },
        "20192": {
            "year_quarter": 20192,
            "year": 2019,
            "quarter": 2,
            "eps": 0.52,
            "eps_growth_year": 18.18,
            "eps_4q": 0.75,
            "eps_4q_growth_year": null,
            "roe": 3.2,
            "roe_4q": 4.73,
            "gross_profit": 120110,
            "gross_margin": 25.9,
            "gross_margin_4q_avg": 27.2,
            "net_income": 39002,
            "net_income_4q": null,
            "revenue": 463811,
            "revenue_4q": null,
            "common_shares": 798842,
            "book_valuer_per_share": 14.81,
            "book_valuer_per_share_4q_avg": 14.87,
            "equity": 1227123,
            "current_ratio": 274,
            "debt_ratio": 48.75,
            "inventory_turnover_ratio": 0.52,
            "account_receivable_turnover_ratio": 0.75,
            "reinvestment_rate": null,
            "research_to_sale_ratio": 7.72,
            "price_fair": 53.2,
            "eps_avg_yearly": 1.52,
            "eps_latest_yearly": 2.72,
            "eps_growth_yearly": 4628.28
        },
        "20193": {
            "year_quarter": 20193,
            "year": 2019,
            "quarter": 3,
            "eps": -0.27,
            "eps_growth_year": -1450,
            "eps_4q": 0.47,
            "eps_4q_growth_year": 838.44,
            "roe": -1.88,
            "roe_4q": 2.66,
            "gross_profit": 98588,
            "gross_margin": 27.94,
            "gross_margin_4q_avg": 27.29,
            "net_income": -22691,
            "net_income_4q": null,
            "revenue": 352836,
            "revenue_4q": null,
            "common_shares": 798842,
            "book_valuer_per_share": 14.38,
            "book_valuer_per_share_4q_avg": 14.79,
            "equity": 1180758,
            "current_ratio": 308.61,
            "debt_ratio": 47.64,
            "inventory_turnover_ratio": 0.41,
            "account_receivable_turnover_ratio": 0.62,
            "reinvestment_rate": null,
            "research_to_sale_ratio": 9.83,
            "price_fair": 53.2,
            "eps_avg_yearly": 1.52,
            "eps_latest_yearly": 2.72,
            "eps_growth_yearly": 4628.28
        },
        "20194": {
            "year_quarter": 20194,
            "year": 2019,
            "quarter": 4,
            "eps": -0.81,
            "eps_growth_year": -218.47,
            "eps_4q": -1.01,
            "eps_4q_growth_year": -179.71,
            "roe": -5.87,
            "roe_4q": -7.55,
            "gross_profit": 57358,
            "gross_margin": 17.04,
            "gross_margin_4q_avg": 23.48,
            "net_income": -67232,
            "net_income_4q": null,
            "revenue": 336523,
            "revenue_4q": null,
            "common_shares": 814617,
            "book_valuer_per_share": 13.26,
            "book_valuer_per_share_4q_avg": 14.27,
            "equity": 1110763,
            "current_ratio": 285.06,
            "debt_ratio": 49.25,
            "inventory_turnover_ratio": 0.47,
            "account_receivable_turnover_ratio": 0.73,
            "reinvestment_rate": null,
            "research_to_sale_ratio": 11.67,
            "price_fair": 53.2,
            "eps_avg_yearly": 1.52,
            "eps_latest_yearly": 2.72,
            "eps_growth_yearly": 4628.28
        },
        "20201": {
            "year_quarter": 20201,
            "year": 2020,
            "quarter": 1,
            "eps": -0.21,
            "eps_growth_year": null,
            "eps_4q": -0.76,
            "eps_4q_growth_year": -211.69,
            "roe": -1.69,
            "roe_4q": -6.240000000000001,
            "gross_profit": 72800,
            "gross_margin": 22.44,
            "gross_margin_4q_avg": 23.33,
            "net_income": -18633,
            "net_income_4q": null,
            "revenue": 324452,
            "revenue_4q": null,
            "common_shares": 814617,
            "book_valuer_per_share": 13.03,
            "book_valuer_per_share_4q_avg": 13.87,
            "equity": 1096320,
            "current_ratio": 259.08,
            "debt_ratio": 52.41,
            "inventory_turnover_ratio": 0.4,
            "account_receivable_turnover_ratio": 0.77,
            "reinvestment_rate": null,
            "research_to_sale_ratio": 10.31,
            "price_fair": 53.2,
            "eps_avg_yearly": 1.52,
            "eps_latest_yearly": 2.72,
            "eps_growth_yearly": 4628.28
        },
        "20202": {
            "year_quarter": 20202,
            "year": 2020,
            "quarter": 2,
            "eps": 0.72,
            "eps_growth_year": 38.46,
            "eps_4q": -0.56,
            "eps_4q_growth_year": -174.83,
            "roe": 5.04,
            "roe_4q": -4.4,
            "gross_profit": 181724,
            "gross_margin": 32.65,
            "gross_margin_4q_avg": 25.02,
            "net_income": 56926,
            "net_income_4q": null,
            "revenue": 556553,
            "revenue_4q": null,
            "common_shares": 814617,
            "book_valuer_per_share": 13.87,
            "book_valuer_per_share_4q_avg": 13.64,
            "equity": 1161435,
            "current_ratio": 172.89,
            "debt_ratio": 50.55,
            "inventory_turnover_ratio": 0.54,
            "account_receivable_turnover_ratio": 1.15,
            "reinvestment_rate": null,
            "research_to_sale_ratio": 7.58,
            "price_fair": 53.2,
            "eps_avg_yearly": 1.52,
            "eps_latest_yearly": 2.72,
            "eps_growth_yearly": 4628.28
        },
        "20203": {
            "year_quarter": 20203,
            "year": 2020,
            "quarter": 3,
            "eps": 0.67,
            "eps_growth_year": null,
            "eps_4q": 0.36,
            "eps_4q_growth_year": -23.55,
            "roe": 4.13,
            "roe_4q": 1.6100000000000003,
            "gross_profit": 192736,
            "gross_margin": 35.13,
            "gross_margin_4q_avg": 26.82,
            "net_income": 51396,
            "net_income_4q": null,
            "revenue": 548701,
            "revenue_4q": null,
            "common_shares": 814617,
            "book_valuer_per_share": 15.98,
            "book_valuer_per_share_4q_avg": 14.04,
            "equity": 1329038,
            "current_ratio": 189.24,
            "debt_ratio": 45.69,
            "inventory_turnover_ratio": 0.51,
            "account_receivable_turnover_ratio": 0.98,
            "reinvestment_rate": null,
            "research_to_sale_ratio": 7.99,
            "price_fair": 63.35,
            "eps_avg_yearly": 1.81,
            "eps_latest_yearly": 2.68,
            "eps_growth_yearly": 3464.27
        },
        "20204": {
            "year_quarter": 20204,
            "year": 2020,
            "quarter": 4,
            "eps": 0.8,
            "eps_growth_year": null,
            "eps_4q": 1.91,
            "eps_4q_growth_year": null,
            "roe": 4.62,
            "roe_4q": 12.1,
            "gross_profit": 209289,
            "gross_margin": 34.26,
            "gross_margin_4q_avg": 31.12,
            "net_income": 64381,
            "net_income_4q": null,
            "revenue": 610861,
            "revenue_4q": null,
            "common_shares": 841523,
            "book_valuer_per_share": 16.98,
            "book_valuer_per_share_4q_avg": 14.97,
            "equity": 1460483,
            "current_ratio": 203.37,
            "debt_ratio": 42.12,
            "inventory_turnover_ratio": 0.58,
            "account_receivable_turnover_ratio": 1.09,
            "reinvestment_rate": 43.58,
            "research_to_sale_ratio": 5.29,
            "price_fair": 73.08,
            "eps_avg_yearly": 2.09,
            "eps_latest_yearly": 3.2,
            "eps_growth_yearly": 2786.94
        },
        "20211": {
            "year_quarter": 20211,
            "year": 2021,
            "quarter": 1,
            "eps": 1,
            "eps_growth_year": null,
            "eps_4q": 3,
            "eps_4q_growth_year": null,
            "roe": 5.56,
            "roe_4q": 19.349999999999998,
            "gross_profit": 229435,
            "gross_margin": 35.15,
            "gross_margin_4q_avg": 34.3,
            "net_income": 85299,
            "net_income_4q": null,
            "revenue": 652821,
            "revenue_4q": null,
            "common_shares": 854313,
            "book_valuer_per_share": 18.4,
            "book_valuer_per_share_4q_avg": 16.31,
            "equity": 1605191,
            "current_ratio": 200.42,
            "debt_ratio": 43.38,
            "inventory_turnover_ratio": 0.57,
            "account_receivable_turnover_ratio": 0.97,
            "reinvestment_rate": 25.09,
            "research_to_sale_ratio": 6.13,
            "price_fair": 84.23,
            "eps_avg_yearly": 2.41,
            "eps_latest_yearly": 4,
            "eps_growth_yearly": 2339.11
        },
        "20212": {
            "year_quarter": 20212,
            "year": 2021,
            "quarter": 2,
            "eps": 0.67,
            "eps_growth_year": -6.94,
            "eps_4q": 2.96,
            "eps_4q_growth_year": null,
            "roe": 3.58,
            "roe_4q": 17.89,
            "gross_profit": 209128,
            "gross_margin": 33.17,
            "gross_margin_4q_avg": 34.43,
            "net_income": 59530,
            "net_income_4q": null,
            "revenue": 630430,
            "revenue_4q": null,
            "common_shares": 902726,
            "book_valuer_per_share": 18.57,
            "book_valuer_per_share_4q_avg": 17.48,
            "equity": 1723188,
            "current_ratio": 225.5,
            "debt_ratio": 38.82,
            "inventory_turnover_ratio": 0.49,
            "account_receivable_turnover_ratio": 0.85,
            "reinvestment_rate": 11.22,
            "research_to_sale_ratio": 5.48,
            "price_fair": 85.6,
            "eps_avg_yearly": 2.45,
            "eps_latest_yearly": 2.68,
            "eps_growth_yearly": 1986.1
        },
        "20213": {
            "year_quarter": 20213,
            "year": 2021,
            "quarter": 3,
            "eps": 0.57,
            "eps_growth_year": -14.93,
            "eps_4q": 2.71,
            "eps_4q_growth_year": 655.46,
            "roe": 2.79,
            "roe_4q": 16.55,
            "gross_profit": 208745,
            "gross_margin": 33.47,
            "gross_margin_4q_avg": 34.01,
            "net_income": 57461,
            "net_income_4q": null,
            "revenue": 623655,
            "revenue_4q": null,
            "common_shares": 1002726,
            "book_valuer_per_share": 23.52,
            "book_valuer_per_share_4q_avg": 19.37,
            "equity": 2389284,
            "current_ratio": 313.31,
            "debt_ratio": 29.45,
            "inventory_turnover_ratio": 0.41,
            "account_receivable_turnover_ratio": 0.84,
            "reinvestment_rate": 4.81,
            "research_to_sale_ratio": 5.9,
            "price_fair": 84.88,
            "eps_avg_yearly": 2.43,
            "eps_latest_yearly": 2.28,
            "eps_growth_yearly": 1730.37
        },
        "20214": {
            "year_quarter": 20214,
            "year": 2021,
            "quarter": 4,
            "eps": 0.43,
            "eps_growth_year": -45.95,
            "eps_4q": 2.47,
            "eps_4q_growth_year": 28.84,
            "roe": 1.74,
            "roe_4q": 13.669999999999998,
            "gross_profit": 207214,
            "gross_margin": 32.48,
            "gross_margin_4q_avg": 33.57,
            "net_income": 41852,
            "net_income_4q": null,
            "revenue": 637876,
            "revenue_4q": null,
            "common_shares": 1000475,
            "book_valuer_per_share": 23.92,
            "book_valuer_per_share_4q_avg": 21.1,
            "equity": 2425154,
            "current_ratio": 281.46,
            "debt_ratio": 33.09,
            "inventory_turnover_ratio": 0.39,
            "account_receivable_turnover_ratio": 0.83,
            "reinvestment_rate": 10.9,
            "research_to_sale_ratio": 7.57,
            "price_fair": 82.13,
            "eps_avg_yearly": 2.35,
            "eps_latest_yearly": 1.72,
            "eps_growth_yearly": 1527.19
        },
        "20221": {
            "year_quarter": 20221,
            "year": 2022,
            "quarter": 1,
            "eps": 1.18,
            "eps_growth_year": 18,
            "eps_4q": 2.78,
            "eps_4q_growth_year": -7.3,
            "roe": 4.8,
            "roe_4q": 12.91,
            "gross_profit": 286500,
            "gross_margin": 32.89,
            "gross_margin_4q_avg": 33,
            "net_income": 115877,
            "net_income_4q": null,
            "revenue": 871155,
            "revenue_4q": null,
            "common_shares": 1001021,
            "book_valuer_per_share": 23.61,
            "book_valuer_per_share_4q_avg": 22.41,
            "equity": 2399982,
            "current_ratio": 234.24,
            "debt_ratio": 41.32,
            "inventory_turnover_ratio": 0.47,
            "account_receivable_turnover_ratio": 1.04,
            "reinvestment_rate": 12.88,
            "research_to_sale_ratio": 5.32,
            "price_fair": 90.44,
            "eps_avg_yearly": 2.58,
            "eps_latest_yearly": 4.72,
            "eps_growth_yearly": 1444.24
        },
        "20222": {
            "year_quarter": 20222,
            "year": 2022,
            "quarter": 2,
            "eps": 1.69,
            "eps_growth_year": 152.24,
            "eps_4q": 3.86,
            "eps_4q_growth_year": 30.12,
            "roe": 6.74,
            "roe_4q": 16.07,
            "gross_profit": 382307,
            "gross_margin": 35.13,
            "gross_margin_4q_avg": 33.49,
            "net_income": 167777,
            "net_income_4q": null,
            "revenue": 1088179,
            "revenue_4q": null,
            "common_shares": 1001021,
            "book_valuer_per_share": 25.4,
            "book_valuer_per_share_4q_avg": 24.11,
            "equity": 2576528,
            "current_ratio": 259.3,
            "debt_ratio": 37.19,
            "inventory_turnover_ratio": 0.55,
            "account_receivable_turnover_ratio": 1.08,
            "reinvestment_rate": 11.65,
            "research_to_sale_ratio": 5.43,
            "price_fair": 107.94,
            "eps_avg_yearly": 3.08,
            "eps_latest_yearly": 6.76,
            "eps_growth_yearly": 1354.86
        },
        "20223": {
            "year_quarter": 20223,
            "year": 2022,
            "quarter": 3,
            "eps": 0.94,
            "eps_growth_year": 64.91,
            "eps_4q": 4.21,
            "eps_4q_growth_year": 55.57,
            "roe": 3.54,
            "roe_4q": 16.82,
            "gross_profit": 245663,
            "gross_margin": 35.04,
            "gross_margin_4q_avg": 33.89,
            "net_income": 94412,
            "net_income_4q": null,
            "revenue": 701061,
            "revenue_4q": null,
            "common_shares": 1001021,
            "book_valuer_per_share": 26.9,
            "book_valuer_per_share_4q_avg": 24.96,
            "equity": 2755111,
            "current_ratio": 418.54,
            "debt_ratio": 44.82,
            "inventory_turnover_ratio": 0.37,
            "account_receivable_turnover_ratio": 0.66,
            "reinvestment_rate": 18.16,
            "research_to_sale_ratio": 7.26,
            "price_fair": 120.82,
            "eps_avg_yearly": 3.45,
            "eps_latest_yearly": 3.76,
            "eps_growth_yearly": 1375.29
        },
        "20224": {
            "year_quarter": 20224,
            "year": 2022,
            "quarter": 4,
            "eps": 0.13,
            "eps_growth_year": -70.22,
            "eps_4q": 4,
            "eps_4q_growth_year": 62.02,
            "roe": 0.45,
            "roe_4q": 15.530000000000001,
            "gross_profit": 209590,
            "gross_margin": 37.25,
            "gross_margin_4q_avg": 35.08,
            "net_income": 12069,
            "net_income_4q": null,
            "revenue": 562603,
            "revenue_4q": null,
            "common_shares": 1007703,
            "book_valuer_per_share": 26.33,
            "book_valuer_per_share_4q_avg": 25.56,
            "equity": 2635819,
            "current_ratio": 468.61,
            "debt_ratio": 44.38,
            "inventory_turnover_ratio": 0.29,
            "account_receivable_turnover_ratio": 0.63,
            "reinvestment_rate": 29.8,
            "research_to_sale_ratio": 9.27,
            "price_fair": 99.63,
            "eps_avg_yearly": 3.23,
            "eps_latest_yearly": 0.52,
            "eps_growth_yearly": 20.82
        },
        "20231": {
            "year_quarter": 20231,
            "year": 2023,
            "quarter": 1,
            "eps": 0.17,
            "eps_growth_year": -85.59,
            "eps_4q": 2.97,
            "eps_4q_growth_year": 7.07,
            "roe": 0.59,
            "roe_4q": 11.32,
            "gross_profit": 153919,
            "gross_margin": 37.48,
            "gross_margin_4q_avg": 36.23,
            "net_income": 14934,
            "net_income_4q": null,
            "revenue": 410715,
            "revenue_4q": null,
            "common_shares": 995954,
            "book_valuer_per_share": 24.39,
            "book_valuer_per_share_4q_avg": 25.76,
            "equity": 2449576,
            "current_ratio": 441.51,
            "debt_ratio": 46.1,
            "inventory_turnover_ratio": 0.22,
            "account_receivable_turnover_ratio": 0.6,
            "reinvestment_rate": 35.37,
            "research_to_sale_ratio": 11.43,
            "price_fair": 105,
            "eps_avg_yearly": 3,
            "eps_latest_yearly": 0.68,
            "eps_growth_yearly": 30.12
        },
        "20232": {
            "year_quarter": 20232,
            "year": 2023,
            "quarter": 2,
            "eps": -0.24,
            "eps_growth_year": -114.2,
            "eps_4q": 1.04,
            "eps_4q_growth_year": -72.99,
            "roe": -1.04,
            "roe_4q": 3.54,
            "gross_profit": 107652,
            "gross_margin": 38.16,
            "gross_margin_4q_avg": 36.98,
            "net_income": -24899,
            "net_income_4q": null,
            "revenue": 282100,
            "revenue_4q": null,
            "common_shares": 995954,
            "book_valuer_per_share": 23.51,
            "book_valuer_per_share_4q_avg": 25.28,
            "equity": 2317055,
            "current_ratio": 675.95,
            "debt_ratio": 42.78,
            "inventory_turnover_ratio": 0.15,
            "account_receivable_turnover_ratio": 0.53,
            "reinvestment_rate": 47.78,
            "research_to_sale_ratio": 17.87,
            "price_fair": 105,
            "eps_avg_yearly": 3,
            "eps_latest_yearly": 0.68,
            "eps_growth_yearly": 30.12
        },
        "20233": {
            "year_quarter": 20233,
            "year": 2023,
            "quarter": 3,
            "eps": 0.36,
            "eps_growth_year": -61.7,
            "eps_4q": 0.42,
            "eps_4q_growth_year": -90.1,
            "roe": 1.4,
            "roe_4q": 1.4,
            "gross_profit": 174266,
            "gross_margin": 41.19,
            "gross_margin_4q_avg": 38.52,
            "net_income": 32778,
            "net_income_4q": null,
            "revenue": 423056,
            "revenue_4q": null,
            "common_shares": 985954,
            "book_valuer_per_share": 24.11,
            "book_valuer_per_share_4q_avg": 24.59,
            "equity": 2363150,
            "current_ratio": 655.02,
            "debt_ratio": 42.37,
            "inventory_turnover_ratio": 0.23,
            "account_receivable_turnover_ratio": 0.84,
            "reinvestment_rate": 46.59,
            "research_to_sale_ratio": 13.55,
            "price_fair": 105,
            "eps_avg_yearly": 3,
            "eps_latest_yearly": 0.68,
            "eps_growth_yearly": 30.12
        }
    },
    "months": {
        "2013-11": {
            "month": "2013-11",
            "price": "12.72",
            "revenue": 116581
        },
        "2013-12": {
            "month": "2013-12",
            "price": "13.12",
            "revenue": 107599
        },
        "2014-01": {
            "month": "2014-01",
            "price": "13.01",
            "revenue": 58850
        },
        "2014-02": {
            "month": "2014-02",
            "price": "15.62",
            "revenue": 110424
        },
        "2014-03": {
            "month": "2014-03",
            "price": "18.68",
            "revenue": 113444
        },
        "2014-04": {
            "month": "2014-04",
            "price": "18.84",
            "revenue": 124676
        },
        "2014-05": {
            "month": "2014-05",
            "price": "18.18",
            "revenue": 175786
        },
        "2014-06": {
            "month": "2014-06",
            "price": "21.03",
            "revenue": 134256
        },
        "2014-07": {
            "month": "2014-07",
            "price": "29.01",
            "revenue": 181933
        },
        "2014-08": {
            "month": "2014-08",
            "price": "28.62",
            "revenue": 313609
        },
        "2014-09": {
            "month": "2014-09",
            "price": "27.29",
            "revenue": 229438
        },
        "2014-10": {
            "month": "2014-10",
            "price": "25.22",
            "revenue": 176996
        },
        "2014-11": {
            "month": "2014-11",
            "price": "25.00",
            "revenue": 211204
        },
        "2014-12": {
            "month": "2014-12",
            "price": "25.21",
            "revenue": 161324
        },
        "2015-01": {
            "month": "2015-01",
            "price": "26.28",
            "revenue": 246996
        },
        "2015-02": {
            "month": "2015-02",
            "price": "29.47",
            "revenue": 97196
        },
        "2015-03": {
            "month": "2015-03",
            "price": "34.47",
            "revenue": 100860
        },
        "2015-04": {
            "month": "2015-04",
            "price": "37.71",
            "revenue": 113454
        },
        "2015-05": {
            "month": "2015-05",
            "price": "37.00",
            "revenue": 137629
        },
        "2015-06": {
            "month": "2015-06",
            "price": "34.18",
            "revenue": 132020
        },
        "2015-07": {
            "month": "2015-07",
            "price": "28.01",
            "revenue": 120731
        },
        "2015-08": {
            "month": "2015-08",
            "price": "18.76",
            "revenue": 133469
        },
        "2015-09": {
            "month": "2015-09",
            "price": "19.42",
            "revenue": 121601
        },
        "2015-10": {
            "month": "2015-10",
            "price": "21.63",
            "revenue": 74535
        },
        "2015-11": {
            "month": "2015-11",
            "price": "20.20",
            "revenue": 141934
        },
        "2015-12": {
            "month": "2015-12",
            "price": "20.26",
            "revenue": 122885
        },
        "2016-01": {
            "month": "2016-01",
            "price": "18.38",
            "revenue": 88910
        },
        "2016-02": {
            "month": "2016-02",
            "price": "19.00",
            "revenue": 66278
        },
        "2016-03": {
            "month": "2016-03",
            "price": "18.31",
            "revenue": 95128
        },
        "2016-04": {
            "month": "2016-04",
            "price": "17.79",
            "revenue": 140311
        },
        "2016-05": {
            "month": "2016-05",
            "price": "16.63",
            "revenue": 103770
        },
        "2016-06": {
            "month": "2016-06",
            "price": "16.19",
            "revenue": 128249
        },
        "2016-07": {
            "month": "2016-07",
            "price": "16.22",
            "revenue": 151051
        },
        "2016-08": {
            "month": "2016-08",
            "price": "18.76",
            "revenue": 200140
        },
        "2016-09": {
            "month": "2016-09",
            "price": "20.41",
            "revenue": 135831
        },
        "2016-10": {
            "month": "2016-10",
            "price": "16.29",
            "revenue": 116612
        },
        "2016-11": {
            "month": "2016-11",
            "price": "14.22",
            "revenue": 94913
        },
        "2016-12": {
            "month": "2016-12",
            "price": "13.64",
            "revenue": 69991
        },
        "2017-01": {
            "month": "2017-01",
            "price": "16.10",
            "revenue": 72884
        },
        "2017-02": {
            "month": "2017-02",
            "price": "19.37",
            "revenue": 80845
        },
        "2017-03": {
            "month": "2017-03",
            "price": "27.67",
            "revenue": 159463
        },
        "2017-04": {
            "month": "2017-04",
            "price": "32.62",
            "revenue": 117982
        },
        "2017-05": {
            "month": "2017-05",
            "price": "33.92",
            "revenue": 131060
        },
        "2017-06": {
            "month": "2017-06",
            "price": "31.10",
            "revenue": 122921
        },
        "2017-07": {
            "month": "2017-07",
            "price": "30.24",
            "revenue": 134926
        },
        "2017-08": {
            "month": "2017-08",
            "price": "28.07",
            "revenue": 125323
        },
        "2017-09": {
            "month": "2017-09",
            "price": "32.25",
            "revenue": 119860
        },
        "2017-10": {
            "month": "2017-10",
            "price": "38.77",
            "revenue": 83406
        },
        "2017-11": {
            "month": "2017-11",
            "price": "37.01",
            "revenue": 117166
        },
        "2017-12": {
            "month": "2017-12",
            "price": "38.99",
            "revenue": 156588
        },
        "2018-01": {
            "month": "2018-01",
            "price": "43.98",
            "revenue": 139419
        },
        "2018-02": {
            "month": "2018-02",
            "price": "45.59",
            "revenue": 143972
        },
        "2018-03": {
            "month": "2018-03",
            "price": "45.77",
            "revenue": 244826
        },
        "2018-04": {
            "month": "2018-04",
            "price": "43.75",
            "revenue": 147900
        },
        "2018-05": {
            "month": "2018-05",
            "price": "39.52",
            "revenue": 138781
        },
        "2018-06": {
            "month": "2018-06",
            "price": "41.08",
            "revenue": 213783
        },
        "2018-07": {
            "month": "2018-07",
            "price": "42.93",
            "revenue": 142603
        },
        "2018-08": {
            "month": "2018-08",
            "price": "39.78",
            "revenue": 159513
        },
        "2018-09": {
            "month": "2018-09",
            "price": "37.96",
            "revenue": 146168
        },
        "2018-10": {
            "month": "2018-10",
            "price": "31.15",
            "revenue": 231339
        },
        "2018-11": {
            "month": "2018-11",
            "price": "28.39",
            "revenue": 159873
        },
        "2018-12": {
            "month": "2018-12",
            "price": "30.86",
            "revenue": 183463
        },
        "2019-01": {
            "month": "2019-01",
            "price": "30.98",
            "revenue": 102569
        },
        "2019-02": {
            "month": "2019-02",
            "price": "30.43",
            "revenue": 70191
        },
        "2019-03": {
            "month": "2019-03",
            "price": "30.29",
            "revenue": 143066
        },
        "2019-04": {
            "month": "2019-04",
            "price": "29.98",
            "revenue": 132306
        },
        "2019-05": {
            "month": "2019-05",
            "price": "29.36",
            "revenue": 180091
        },
        "2019-06": {
            "month": "2019-06",
            "price": "28.81",
            "revenue": 151481
        },
        "2019-07": {
            "month": "2019-07",
            "price": "28.45",
            "revenue": 113199
        },
        "2019-08": {
            "month": "2019-08",
            "price": "28.99",
            "revenue": 140715
        },
        "2019-09": {
            "month": "2019-09",
            "price": "32.12",
            "revenue": 98843
        },
        "2019-10": {
            "month": "2019-10",
            "price": "34.35",
            "revenue": 92583
        },
        "2019-11": {
            "month": "2019-11",
            "price": "32.60",
            "revenue": 102630
        },
        "2019-12": {
            "month": "2019-12",
            "price": "33.98",
            "revenue": 140991
        },
        "2020-01": {
            "month": "2020-01",
            "price": "32.11",
            "revenue": 127324
        },
        "2020-02": {
            "month": "2020-02",
            "price": "28.95",
            "revenue": 93204
        },
        "2020-03": {
            "month": "2020-03",
            "price": "25.10",
            "revenue": 103924
        },
        "2020-04": {
            "month": "2020-04",
            "price": "29.50",
            "revenue": 109116
        },
        "2020-05": {
            "month": "2020-05",
            "price": "32.98",
            "revenue": 223979
        },
        "2020-06": {
            "month": "2020-06",
            "price": "44.57",
            "revenue": 223448
        },
        "2020-07": {
            "month": "2020-07",
            "price": "53.97",
            "revenue": 212014
        },
        "2020-08": {
            "month": "2020-08",
            "price": "55.40",
            "revenue": 216728
        },
        "2020-09": {
            "month": "2020-09",
            "price": "72.75",
            "revenue": 119904
        },
        "2020-10": {
            "month": "2020-10",
            "price": "72.22",
            "revenue": 141970
        },
        "2020-11": {
            "month": "2020-11",
            "price": "74.03",
            "revenue": 204577
        },
        "2020-12": {
            "month": "2020-12",
            "price": "90.11",
            "revenue": 264329
        },
        "2021-01": {
            "month": "2021-01",
            "price": "89.20",
            "revenue": 223042
        },
        "2021-02": {
            "month": "2021-02",
            "price": "83.76",
            "revenue": 180055
        },
        "2021-03": {
            "month": "2021-03",
            "price": "88.17",
            "revenue": 249724
        },
        "2021-04": {
            "month": "2021-04",
            "price": "86.58",
            "revenue": 147108
        },
        "2021-05": {
            "month": "2021-05",
            "price": "71.43",
            "revenue": 217755
        },
        "2021-06": {
            "month": "2021-06",
            "price": "69.99",
            "revenue": 265567
        },
        "2021-07": {
            "month": "2021-07",
            "price": "72.52",
            "revenue": 213002
        },
        "2021-08": {
            "month": "2021-08",
            "price": "65.53",
            "revenue": 216377
        },
        "2021-09": {
            "month": "2021-09",
            "price": "65.42",
            "revenue": 194276
        },
        "2021-10": {
            "month": "2021-10",
            "price": "63.20",
            "revenue": 219593
        },
        "2021-11": {
            "month": "2021-11",
            "price": "66.56",
            "revenue": 167048
        },
        "2021-12": {
            "month": "2021-12",
            "price": "74.88",
            "revenue": 251235
        },
        "2022-01": {
            "month": "2022-01",
            "price": "77.86",
            "revenue": 226267
        },
        "2022-02": {
            "month": "2022-02",
            "price": "72.36",
            "revenue": 202011
        },
        "2022-03": {
            "month": "2022-03",
            "price": "71.35",
            "revenue": 442877
        },
        "2022-04": {
            "month": "2022-04",
            "price": "73.59",
            "revenue": 448800
        },
        "2022-05": {
            "month": "2022-05",
            "price": "75.45",
            "revenue": 327026
        },
        "2022-06": {
            "month": "2022-06",
            "price": "72.22",
            "revenue": 312354
        },
        "2022-07": {
            "month": "2022-07",
            "price": "64.53",
            "revenue": 140478
        },
        "2022-08": {
            "month": "2022-08",
            "price": "67.74",
            "revenue": 255359
        },
        "2022-09": {
            "month": "2022-09",
            "price": "62.64",
            "revenue": 305230
        },
        "2022-10": {
            "month": "2022-10",
            "price": "52.63",
            "revenue": 198904
        },
        "2022-11": {
            "month": "2022-11",
            "price": "54.11",
            "revenue": 156833
        },
        "2022-12": {
            "month": "2022-12",
            "price": "53.57",
            "revenue": 206859
        },
        "2023-01": {
            "month": "2023-01",
            "price": "50.60",
            "revenue": 113848
        },
        "2023-02": {
            "month": "2023-02",
            "price": "53.03",
            "revenue": 103539
        },
        "2023-03": {
            "month": "2023-03",
            "price": "52.49",
            "revenue": 193315
        },
        "2023-04": {
            "month": "2023-04",
            "price": "53.32",
            "revenue": 63794
        },
        "2023-05": {
            "month": "2023-05",
            "price": "46.16",
            "revenue": 96326
        },
        "2023-06": {
            "month": "2023-06",
            "price": "58.60",
            "revenue": 121993
        },
        "2023-07": {
            "month": "2023-07",
            "price": "59.93",
            "revenue": 125712
        },
        "2023-08": {
            "month": "2023-08",
            "price": "71.04",
            "revenue": 171205
        },
        "2023-09": {
            "month": "2023-09",
            "price": "68.88",
            "revenue": 126139
        },
        "2023-10": {
            "month": "2023-10",
            "price": "64.43",
            "revenue": 111937
        },
        "2023-11": {
            "month": "2023-11",
            "price": "65.91",
            "revenue": 125717
        }
    }
}
