{
    "summary": {
        "stock_name": "昇陽半導體",
        "stock_id": "8028",
        "category": "半導體",
        "main_business": "晶圓再生及晶圓薄化代工服務",
        "website_url": "http://www.psi.com.tw",
        "ceo": "蔡幸川",
        "pe_ratio": 28,
        "report_year_from": 2001,
        "report_year_to": 2023,
        "age": 22,
        "eps_negative_percentage": 0,
        "eps_growth_avg": {
            "last_all": 17.92,
            "last_2y": 12.24,
            "last_4y": null,
            "last_8y": null,
            "last_12y": null,
            "last_16y": null,
            "last_20y": null,
            "at_2006_last_3y": null,
            "at_2007_last_3y": null,
            "at_2008_last_3y": null,
            "at_2009_last_3y": null,
            "at_2010_last_3y": null,
            "at_2011_last_3y": null,
            "at_2012_last_3y": null,
            "at_2013_last_3y": null,
            "at_2014_last_3y": null,
            "at_2015_last_3y": null,
            "at_2016_last_3y": null,
            "at_2017_last_3y": null,
            "at_2018_last_3y": null,
            "at_2019_last_3y": null,
            "at_2020_last_3y": null,
            "at_2021_last_3y": null,
            "at_2022_last_3y": 17.92,
            "at_2023_last_3y": 17.92,
            "at_2006_last_all": null,
            "at_2007_last_all": null,
            "at_2008_last_all": null,
            "at_2009_last_all": null,
            "at_2010_last_all": null,
            "at_2011_last_all": null,
            "at_2012_last_all": null,
            "at_2013_last_all": null,
            "at_2014_last_all": null,
            "at_2015_last_all": null,
            "at_2016_last_all": null,
            "at_2017_last_all": null,
            "at_2018_last_all": null,
            "at_2019_last_all": null,
            "at_2020_last_all": -12.21,
            "at_2021_last_all": 14.08,
            "at_2022_last_all": 17.92,
            "at_2023_last_all": 17.92
        },
        "latest_eps": 2.09,
        "latest_price": 58.9,
        "latest_roe": 11.33,
        "latest_gross_margin": 23.95,
        "latest_equity": 3052999,
        "latest_revenue": 852251,
        "latest_gross_profit": 204125,
        "latest_net_income": 61589,
        "latest_debt_ratio": 64.75,
        "latest_current_ratio": 156.73,
        "latest_account_receivable_turnover_ratio": 1.99,
        "latest_inventory_turnover_ratio": 2.52,
        "latest_reinvestment_rate": 394.16,
        "latest_research_to_sale_ratio": 4.06
    },
    "eps_dividends": {
        "2001": {
            "cash": 0,
            "stock": 0,
            "eps": 0
        },
        "2002": {
            "cash": 0,
            "stock": 0,
            "eps": 0
        },
        "2003": {
            "cash": 0,
            "stock": 0,
            "eps": 0
        },
        "2004": {
            "cash": 0,
            "stock": 0,
            "eps": 0
        },
        "2005": {
            "cash": 0,
            "stock": 0,
            "eps": 0
        },
        "2006": {
            "cash": 0,
            "stock": 0,
            "eps": 0
        },
        "2007": {
            "cash": 0,
            "stock": 0,
            "eps": 0
        },
        "2008": {
            "cash": 0,
            "stock": 0,
            "eps": 0
        },
        "2009": {
            "cash": 0,
            "stock": 0,
            "eps": 0
        },
        "2010": {
            "cash": 0,
            "stock": 0,
            "eps": 0
        },
        "2011": {
            "cash": 0,
            "stock": 0,
            "eps": 0
        },
        "2012": {
            "cash": 0,
            "stock": 0,
            "eps": 0
        },
        "2013": {
            "cash": 0,
            "stock": 0,
            "eps": 0
        },
        "2014": {
            "cash": 0,
            "stock": 0,
            "eps": 0
        },
        "2015": {
            "cash": 1,
            "stock": 0,
            "eps": 0
        },
        "2016": {
            "cash": 1.5,
            "stock": 0,
            "eps": 0
        },
        "2017": {
            "cash": 1.5,
            "stock": 0,
            "eps": 0
        },
        "2018": {
            "cash": 1.6,
            "stock": 0,
            "eps": 1.86
        },
        "2019": {
            "cash": 1.6,
            "stock": 0,
            "eps": 2.51
        },
        "2020": {
            "cash": 2,
            "stock": 0,
            "eps": 1.02
        },
        "2021": {
            "cash": 0.6,
            "stock": 0.6,
            "eps": 1.7
        },
        "2022": {
            "cash": 0.8,
            "stock": 0.6,
            "eps": 2.2
        },
        "2023": {
            "cash": 1.8,
            "stock": 0,
            "eps": 0.4
        }
    },
    "dividends": {
        "2015-07-30": {
            "cash": 1,
            "stock": 0
        },
        "2016-08-15": {
            "cash": 1.5,
            "stock": 0
        },
        "2017-07-10": {
            "cash": 1.5,
            "stock": 0
        },
        "2018-07-18": {
            "cash": 1.6,
            "stock": 0
        },
        "2019-07-10": {
            "cash": 1.6,
            "stock": 0
        },
        "2020-07-28": {
            "cash": 2,
            "stock": 0
        },
        "2021-10-05": {
            "cash": 0.6,
            "stock": 0.6
        },
        "2022-08-26": {
            "cash": 0.8,
            "stock": 0.6
        },
        "2023-07-10": {
            "cash": 1.8,
            "stock": 0
        }
    },
    "prices": {
        "200101": "無",
        "200102": "無",
        "200103": "無",
        "200104": "無",
        "200105": "無",
        "200106": "無",
        "200107": "無",
        "200108": "無",
        "200109": "無",
        "200110": "無",
        "200111": "無",
        "200112": "無",
        "200201": "無",
        "200202": "無",
        "200203": "無",
        "200204": "無",
        "200205": "無",
        "200206": "無",
        "200207": "無",
        "200208": "無",
        "200209": "無",
        "200210": "無",
        "200211": "無",
        "200212": "無",
        "200301": "無",
        "200302": "無",
        "200303": "無",
        "200304": "無",
        "200305": "無",
        "200306": "無",
        "200307": "無",
        "200308": "無",
        "200309": "無",
        "200310": "無",
        "200311": "無",
        "200312": "無",
        "200401": "無",
        "200402": "無",
        "200403": "無",
        "200404": "無",
        "200405": "無",
        "200406": "無",
        "200407": "無",
        "200408": "無",
        "200409": "無",
        "200410": "無",
        "200411": "無",
        "200412": "無",
        "200501": "無",
        "200502": "無",
        "200503": "無",
        "200504": "無",
        "200505": "無",
        "200506": "無",
        "200507": "無",
        "200508": "無",
        "200509": "無",
        "200510": "無",
        "200511": "無",
        "200512": "無",
        "200601": "無",
        "200602": "無",
        "200603": "無",
        "200604": "無",
        "200605": "無",
        "200606": "無",
        "200607": "無",
        "200608": "無",
        "200609": "無",
        "200610": "無",
        "200611": "無",
        "200612": "無",
        "200701": "無",
        "200702": "無",
        "200703": "無",
        "200704": "無",
        "200705": "無",
        "200706": "無",
        "200707": "無",
        "200708": "無",
        "200709": "無",
        "200710": "無",
        "200711": "無",
        "200712": "無",
        "200801": "無",
        "200802": "無",
        "200803": "無",
        "200804": "無",
        "200805": "無",
        "200806": "無",
        "200807": "無",
        "200808": "無",
        "200809": "無",
        "200810": "無",
        "200811": "無",
        "200812": "無",
        "200901": "無",
        "200902": "無",
        "200903": "無",
        "200904": "無",
        "200905": "無",
        "200906": "無",
        "200907": "無",
        "200908": "無",
        "200909": "無",
        "200910": "無",
        "200911": "無",
        "200912": "無",
        "201001": "無",
        "201002": "無",
        "201003": "無",
        "201004": "無",
        "201005": "無",
        "201006": "無",
        "201007": "無",
        "201008": "無",
        "201009": "無",
        "201010": "無",
        "201011": "無",
        "201012": "無",
        "201101": "無",
        "201102": "無",
        "201103": "無",
        "201104": "無",
        "201105": "無",
        "201106": "無",
        "201107": "無",
        "201108": "無",
        "201109": "無",
        "201110": "無",
        "201111": "無",
        "201112": "無",
        "201201": "無",
        "201202": "無",
        "201203": "無",
        "201204": "無",
        "201205": "無",
        "201206": "無",
        "201207": "無",
        "201208": "無",
        "201209": "無",
        "201210": "無",
        "201211": "無",
        "201212": "無",
        "201301": "無",
        "201302": "無",
        "201303": "無",
        "201304": "無",
        "201305": "無",
        "201306": "無",
        "201307": "無",
        "201308": "無",
        "201309": "無",
        "201310": "無",
        "201311": "無",
        "201312": "無",
        "201401": "無",
        "201402": "無",
        "201403": "無",
        "201404": "無",
        "201405": "無",
        "201406": "無",
        "201407": "無",
        "201408": "無",
        "201409": "無",
        "201410": "無",
        "201411": "無",
        "201412": "48.89",
        "201501": "46.74",
        "201502": "38.71",
        "201503": "37.18",
        "201504": "36.15",
        "201505": "30.61",
        "201506": "26.30",
        "201507": "20.23",
        "201508": "20.03",
        "201509": "20.89",
        "201510": "24.58",
        "201511": "22.73",
        "201512": "23.17",
        "201601": "20.83",
        "201602": "21.44",
        "201603": "22.93",
        "201604": "23.23",
        "201605": "21.72",
        "201606": "22.36",
        "201607": "22.39",
        "201608": "20.71",
        "201609": "20.10",
        "201610": "18.56",
        "201611": "17.93",
        "201612": "19.32",
        "201701": "21.35",
        "201702": "26.37",
        "201703": "28.94",
        "201704": "29.49",
        "201705": "31.33",
        "201706": "33.51",
        "201707": "30.90",
        "201708": "29.79",
        "201709": "29.45",
        "201710": "30.05",
        "201711": "29.02",
        "201712": "30.51",
        "201801": "39.66",
        "201802": "40.32",
        "201803": "39.75",
        "201804": "37.23",
        "201805": "34.47",
        "201806": "38.89",
        "201807": "44.12",
        "201808": "42.66",
        "201809": "35.51",
        "201810": "29.76",
        "201811": "31.22",
        "201812": "37.52",
        "201901": "37.23",
        "201902": "45.35",
        "201903": "46.08",
        "201904": "48.13",
        "201905": "43.98",
        "201906": "43.51",
        "201907": "57.88",
        "201908": "77.69",
        "201909": "72.50",
        "201910": "73.62",
        "201911": "73.83",
        "201912": "71.87",
        "202001": "69.14",
        "202002": "64.33",
        "202003": "49.40",
        "202004": "49.88",
        "202005": "49.88",
        "202006": "55.70",
        "202007": "52.67",
        "202008": "47.49",
        "202009": "47.77",
        "202010": "48.27",
        "202011": "49.72",
        "202012": "59.08",
        "202101": "54.58",
        "202102": "52.10",
        "202103": "54.45",
        "202104": "53.48",
        "202105": "45.08",
        "202106": "46.43",
        "202107": "52.02",
        "202108": "52.92",
        "202109": "51.96",
        "202110": "47.31",
        "202111": "50.82",
        "202112": "50.39",
        "202201": "52.06",
        "202202": "51.29",
        "202203": "53.13",
        "202204": "56.46",
        "202205": "57.75",
        "202206": "65.27",
        "202207": "62.89",
        "202208": "69.16",
        "202209": "62.39",
        "202210": "51.14",
        "202211": "54.35",
        "202212": "59.21",
        "202301": "57.37",
        "202302": "58.49",
        "202303": "58.22",
        "202304": "60.08",
        "202305": "57.67"
    },
    "quarters": {
        "20011": {
            "year_quarter": 20011,
            "year": 2001,
            "quarter": 1,
            "eps": null,
            "eps_growth_year": null,
            "eps_4q": null,
            "eps_4q_growth_year": null,
            "roe": null,
            "roe_4q": 0,
            "gross_profit": null,
            "gross_margin": null,
            "gross_margin_4q_avg": 0,
            "net_income": null,
            "revenue": null,
            "common_shares": null,
            "book_valuer_per_share": null,
            "book_valuer_per_share_4q_avg": 0,
            "equity": null,
            "current_ratio": null,
            "debt_ratio": null,
            "inventory_turnover_ratio": null,
            "account_receivable_turnover_ratio": null,
            "reinvestment_rate": null,
            "research_to_sale_ratio": null,
            "price_fair": 0,
            "eps_avg_yearly": 0,
            "eps_latest_yearly": 0,
            "eps_growth_yearly": 0
        },
        "20012": {
            "year_quarter": 20012,
            "year": 2001,
            "quarter": 2,
            "eps": null,
            "eps_growth_year": null,
            "eps_4q": null,
            "eps_4q_growth_year": null,
            "roe": null,
            "roe_4q": 0,
            "gross_profit": null,
            "gross_margin": null,
            "gross_margin_4q_avg": 0,
            "net_income": null,
            "revenue": null,
            "common_shares": null,
            "book_valuer_per_share": null,
            "book_valuer_per_share_4q_avg": 0,
            "equity": null,
            "current_ratio": null,
            "debt_ratio": null,
            "inventory_turnover_ratio": null,
            "account_receivable_turnover_ratio": null,
            "reinvestment_rate": null,
            "research_to_sale_ratio": null,
            "price_fair": 0,
            "eps_avg_yearly": 0,
            "eps_latest_yearly": 0,
            "eps_growth_yearly": 0
        },
        "20013": {
            "year_quarter": 20013,
            "year": 2001,
            "quarter": 3,
            "eps": null,
            "eps_growth_year": null,
            "eps_4q": null,
            "eps_4q_growth_year": null,
            "roe": null,
            "roe_4q": 0,
            "gross_profit": null,
            "gross_margin": null,
            "gross_margin_4q_avg": 0,
            "net_income": null,
            "revenue": null,
            "common_shares": null,
            "book_valuer_per_share": null,
            "book_valuer_per_share_4q_avg": 0,
            "equity": null,
            "current_ratio": null,
            "debt_ratio": null,
            "inventory_turnover_ratio": null,
            "account_receivable_turnover_ratio": null,
            "reinvestment_rate": null,
            "research_to_sale_ratio": null,
            "price_fair": 0,
            "eps_avg_yearly": 0,
            "eps_latest_yearly": 0,
            "eps_growth_yearly": 0
        },
        "20014": {
            "year_quarter": 20014,
            "year": 2001,
            "quarter": 4,
            "eps": null,
            "eps_growth_year": null,
            "eps_4q": null,
            "eps_4q_growth_year": null,
            "roe": null,
            "roe_4q": 0,
            "gross_profit": null,
            "gross_margin": null,
            "gross_margin_4q_avg": 0,
            "net_income": null,
            "revenue": null,
            "common_shares": null,
            "book_valuer_per_share": null,
            "book_valuer_per_share_4q_avg": 0,
            "equity": null,
            "current_ratio": null,
            "debt_ratio": null,
            "inventory_turnover_ratio": null,
            "account_receivable_turnover_ratio": null,
            "reinvestment_rate": null,
            "research_to_sale_ratio": null,
            "price_fair": 0,
            "eps_avg_yearly": 0,
            "eps_latest_yearly": 0,
            "eps_growth_yearly": 0
        },
        "20021": {
            "year_quarter": 20021,
            "year": 2002,
            "quarter": 1,
            "eps": null,
            "eps_growth_year": null,
            "eps_4q": null,
            "eps_4q_growth_year": null,
            "roe": null,
            "roe_4q": 0,
            "gross_profit": null,
            "gross_margin": null,
            "gross_margin_4q_avg": 0,
            "net_income": null,
            "revenue": null,
            "common_shares": null,
            "book_valuer_per_share": null,
            "book_valuer_per_share_4q_avg": 0,
            "equity": null,
            "current_ratio": null,
            "debt_ratio": null,
            "inventory_turnover_ratio": null,
            "account_receivable_turnover_ratio": null,
            "reinvestment_rate": null,
            "research_to_sale_ratio": null,
            "price_fair": 0,
            "eps_avg_yearly": 0,
            "eps_latest_yearly": 0,
            "eps_growth_yearly": 0
        },
        "20022": {
            "year_quarter": 20022,
            "year": 2002,
            "quarter": 2,
            "eps": null,
            "eps_growth_year": null,
            "eps_4q": null,
            "eps_4q_growth_year": null,
            "roe": null,
            "roe_4q": 0,
            "gross_profit": null,
            "gross_margin": null,
            "gross_margin_4q_avg": 0,
            "net_income": null,
            "revenue": null,
            "common_shares": null,
            "book_valuer_per_share": null,
            "book_valuer_per_share_4q_avg": 0,
            "equity": null,
            "current_ratio": null,
            "debt_ratio": null,
            "inventory_turnover_ratio": null,
            "account_receivable_turnover_ratio": null,
            "reinvestment_rate": null,
            "research_to_sale_ratio": null,
            "price_fair": 0,
            "eps_avg_yearly": 0,
            "eps_latest_yearly": 0,
            "eps_growth_yearly": 0
        },
        "20023": {
            "year_quarter": 20023,
            "year": 2002,
            "quarter": 3,
            "eps": null,
            "eps_growth_year": null,
            "eps_4q": null,
            "eps_4q_growth_year": null,
            "roe": null,
            "roe_4q": 0,
            "gross_profit": null,
            "gross_margin": null,
            "gross_margin_4q_avg": 0,
            "net_income": null,
            "revenue": null,
            "common_shares": null,
            "book_valuer_per_share": null,
            "book_valuer_per_share_4q_avg": 0,
            "equity": null,
            "current_ratio": null,
            "debt_ratio": null,
            "inventory_turnover_ratio": null,
            "account_receivable_turnover_ratio": null,
            "reinvestment_rate": null,
            "research_to_sale_ratio": null,
            "price_fair": 0,
            "eps_avg_yearly": 0,
            "eps_latest_yearly": 0,
            "eps_growth_yearly": 0
        },
        "20024": {
            "year_quarter": 20024,
            "year": 2002,
            "quarter": 4,
            "eps": null,
            "eps_growth_year": null,
            "eps_4q": null,
            "eps_4q_growth_year": null,
            "roe": null,
            "roe_4q": 0,
            "gross_profit": null,
            "gross_margin": null,
            "gross_margin_4q_avg": 0,
            "net_income": null,
            "revenue": null,
            "common_shares": null,
            "book_valuer_per_share": null,
            "book_valuer_per_share_4q_avg": 0,
            "equity": null,
            "current_ratio": null,
            "debt_ratio": null,
            "inventory_turnover_ratio": null,
            "account_receivable_turnover_ratio": null,
            "reinvestment_rate": null,
            "research_to_sale_ratio": null,
            "price_fair": 0,
            "eps_avg_yearly": 0,
            "eps_latest_yearly": 0,
            "eps_growth_yearly": 0
        },
        "20031": {
            "year_quarter": 20031,
            "year": 2003,
            "quarter": 1,
            "eps": null,
            "eps_growth_year": null,
            "eps_4q": null,
            "eps_4q_growth_year": null,
            "roe": null,
            "roe_4q": 0,
            "gross_profit": null,
            "gross_margin": null,
            "gross_margin_4q_avg": 0,
            "net_income": null,
            "revenue": null,
            "common_shares": null,
            "book_valuer_per_share": null,
            "book_valuer_per_share_4q_avg": 0,
            "equity": null,
            "current_ratio": null,
            "debt_ratio": null,
            "inventory_turnover_ratio": null,
            "account_receivable_turnover_ratio": null,
            "reinvestment_rate": null,
            "research_to_sale_ratio": null,
            "price_fair": 0,
            "eps_avg_yearly": 0,
            "eps_latest_yearly": 0,
            "eps_growth_yearly": 0
        },
        "20032": {
            "year_quarter": 20032,
            "year": 2003,
            "quarter": 2,
            "eps": null,
            "eps_growth_year": null,
            "eps_4q": null,
            "eps_4q_growth_year": null,
            "roe": null,
            "roe_4q": 0,
            "gross_profit": null,
            "gross_margin": null,
            "gross_margin_4q_avg": 0,
            "net_income": null,
            "revenue": null,
            "common_shares": null,
            "book_valuer_per_share": null,
            "book_valuer_per_share_4q_avg": 0,
            "equity": null,
            "current_ratio": null,
            "debt_ratio": null,
            "inventory_turnover_ratio": null,
            "account_receivable_turnover_ratio": null,
            "reinvestment_rate": null,
            "research_to_sale_ratio": null,
            "price_fair": 0,
            "eps_avg_yearly": 0,
            "eps_latest_yearly": 0,
            "eps_growth_yearly": 0
        },
        "20033": {
            "year_quarter": 20033,
            "year": 2003,
            "quarter": 3,
            "eps": null,
            "eps_growth_year": null,
            "eps_4q": null,
            "eps_4q_growth_year": null,
            "roe": null,
            "roe_4q": 0,
            "gross_profit": null,
            "gross_margin": null,
            "gross_margin_4q_avg": 0,
            "net_income": null,
            "revenue": null,
            "common_shares": null,
            "book_valuer_per_share": null,
            "book_valuer_per_share_4q_avg": 0,
            "equity": null,
            "current_ratio": null,
            "debt_ratio": null,
            "inventory_turnover_ratio": null,
            "account_receivable_turnover_ratio": null,
            "reinvestment_rate": null,
            "research_to_sale_ratio": null,
            "price_fair": 0,
            "eps_avg_yearly": 0,
            "eps_latest_yearly": 0,
            "eps_growth_yearly": 0
        },
        "20034": {
            "year_quarter": 20034,
            "year": 2003,
            "quarter": 4,
            "eps": null,
            "eps_growth_year": null,
            "eps_4q": null,
            "eps_4q_growth_year": null,
            "roe": null,
            "roe_4q": 0,
            "gross_profit": null,
            "gross_margin": null,
            "gross_margin_4q_avg": 0,
            "net_income": null,
            "revenue": null,
            "common_shares": null,
            "book_valuer_per_share": null,
            "book_valuer_per_share_4q_avg": 0,
            "equity": null,
            "current_ratio": null,
            "debt_ratio": null,
            "inventory_turnover_ratio": null,
            "account_receivable_turnover_ratio": null,
            "reinvestment_rate": null,
            "research_to_sale_ratio": null,
            "price_fair": 0,
            "eps_avg_yearly": 0,
            "eps_latest_yearly": 0,
            "eps_growth_yearly": 0
        },
        "20041": {
            "year_quarter": 20041,
            "year": 2004,
            "quarter": 1,
            "eps": null,
            "eps_growth_year": null,
            "eps_4q": null,
            "eps_4q_growth_year": null,
            "roe": null,
            "roe_4q": 0,
            "gross_profit": null,
            "gross_margin": null,
            "gross_margin_4q_avg": 0,
            "net_income": null,
            "revenue": null,
            "common_shares": null,
            "book_valuer_per_share": null,
            "book_valuer_per_share_4q_avg": 0,
            "equity": null,
            "current_ratio": null,
            "debt_ratio": null,
            "inventory_turnover_ratio": null,
            "account_receivable_turnover_ratio": null,
            "reinvestment_rate": null,
            "research_to_sale_ratio": null,
            "price_fair": 0,
            "eps_avg_yearly": 0,
            "eps_latest_yearly": 0,
            "eps_growth_yearly": 0
        },
        "20042": {
            "year_quarter": 20042,
            "year": 2004,
            "quarter": 2,
            "eps": null,
            "eps_growth_year": null,
            "eps_4q": null,
            "eps_4q_growth_year": null,
            "roe": null,
            "roe_4q": 0,
            "gross_profit": null,
            "gross_margin": null,
            "gross_margin_4q_avg": 0,
            "net_income": null,
            "revenue": null,
            "common_shares": null,
            "book_valuer_per_share": null,
            "book_valuer_per_share_4q_avg": 0,
            "equity": null,
            "current_ratio": null,
            "debt_ratio": null,
            "inventory_turnover_ratio": null,
            "account_receivable_turnover_ratio": null,
            "reinvestment_rate": null,
            "research_to_sale_ratio": null,
            "price_fair": 0,
            "eps_avg_yearly": 0,
            "eps_latest_yearly": 0,
            "eps_growth_yearly": 0
        },
        "20043": {
            "year_quarter": 20043,
            "year": 2004,
            "quarter": 3,
            "eps": null,
            "eps_growth_year": null,
            "eps_4q": null,
            "eps_4q_growth_year": null,
            "roe": null,
            "roe_4q": 0,
            "gross_profit": null,
            "gross_margin": null,
            "gross_margin_4q_avg": 0,
            "net_income": null,
            "revenue": null,
            "common_shares": null,
            "book_valuer_per_share": null,
            "book_valuer_per_share_4q_avg": 0,
            "equity": null,
            "current_ratio": null,
            "debt_ratio": null,
            "inventory_turnover_ratio": null,
            "account_receivable_turnover_ratio": null,
            "reinvestment_rate": null,
            "research_to_sale_ratio": null,
            "price_fair": 0,
            "eps_avg_yearly": 0,
            "eps_latest_yearly": 0,
            "eps_growth_yearly": 0
        },
        "20044": {
            "year_quarter": 20044,
            "year": 2004,
            "quarter": 4,
            "eps": null,
            "eps_growth_year": null,
            "eps_4q": null,
            "eps_4q_growth_year": null,
            "roe": null,
            "roe_4q": 0,
            "gross_profit": null,
            "gross_margin": null,
            "gross_margin_4q_avg": 0,
            "net_income": null,
            "revenue": null,
            "common_shares": null,
            "book_valuer_per_share": null,
            "book_valuer_per_share_4q_avg": 0,
            "equity": null,
            "current_ratio": null,
            "debt_ratio": null,
            "inventory_turnover_ratio": null,
            "account_receivable_turnover_ratio": null,
            "reinvestment_rate": null,
            "research_to_sale_ratio": null,
            "price_fair": 0,
            "eps_avg_yearly": 0,
            "eps_latest_yearly": 0,
            "eps_growth_yearly": 0
        },
        "20051": {
            "year_quarter": 20051,
            "year": 2005,
            "quarter": 1,
            "eps": null,
            "eps_growth_year": null,
            "eps_4q": null,
            "eps_4q_growth_year": null,
            "roe": null,
            "roe_4q": 0,
            "gross_profit": null,
            "gross_margin": null,
            "gross_margin_4q_avg": 0,
            "net_income": null,
            "revenue": null,
            "common_shares": null,
            "book_valuer_per_share": null,
            "book_valuer_per_share_4q_avg": 0,
            "equity": null,
            "current_ratio": null,
            "debt_ratio": null,
            "inventory_turnover_ratio": null,
            "account_receivable_turnover_ratio": null,
            "reinvestment_rate": null,
            "research_to_sale_ratio": null,
            "price_fair": 0,
            "eps_avg_yearly": 0,
            "eps_latest_yearly": 0,
            "eps_growth_yearly": 0
        },
        "20052": {
            "year_quarter": 20052,
            "year": 2005,
            "quarter": 2,
            "eps": null,
            "eps_growth_year": null,
            "eps_4q": null,
            "eps_4q_growth_year": null,
            "roe": null,
            "roe_4q": 0,
            "gross_profit": null,
            "gross_margin": null,
            "gross_margin_4q_avg": 0,
            "net_income": null,
            "revenue": null,
            "common_shares": null,
            "book_valuer_per_share": null,
            "book_valuer_per_share_4q_avg": 0,
            "equity": null,
            "current_ratio": null,
            "debt_ratio": null,
            "inventory_turnover_ratio": null,
            "account_receivable_turnover_ratio": null,
            "reinvestment_rate": null,
            "research_to_sale_ratio": null,
            "price_fair": 0,
            "eps_avg_yearly": 0,
            "eps_latest_yearly": 0,
            "eps_growth_yearly": 0
        },
        "20053": {
            "year_quarter": 20053,
            "year": 2005,
            "quarter": 3,
            "eps": null,
            "eps_growth_year": null,
            "eps_4q": null,
            "eps_4q_growth_year": null,
            "roe": null,
            "roe_4q": 0,
            "gross_profit": null,
            "gross_margin": null,
            "gross_margin_4q_avg": 0,
            "net_income": null,
            "revenue": null,
            "common_shares": null,
            "book_valuer_per_share": null,
            "book_valuer_per_share_4q_avg": 0,
            "equity": null,
            "current_ratio": null,
            "debt_ratio": null,
            "inventory_turnover_ratio": null,
            "account_receivable_turnover_ratio": null,
            "reinvestment_rate": null,
            "research_to_sale_ratio": null,
            "price_fair": 0,
            "eps_avg_yearly": 0,
            "eps_latest_yearly": 0,
            "eps_growth_yearly": 0
        },
        "20054": {
            "year_quarter": 20054,
            "year": 2005,
            "quarter": 4,
            "eps": null,
            "eps_growth_year": null,
            "eps_4q": null,
            "eps_4q_growth_year": null,
            "roe": null,
            "roe_4q": 0,
            "gross_profit": null,
            "gross_margin": null,
            "gross_margin_4q_avg": 0,
            "net_income": null,
            "revenue": null,
            "common_shares": null,
            "book_valuer_per_share": null,
            "book_valuer_per_share_4q_avg": 0,
            "equity": null,
            "current_ratio": null,
            "debt_ratio": null,
            "inventory_turnover_ratio": null,
            "account_receivable_turnover_ratio": null,
            "reinvestment_rate": null,
            "research_to_sale_ratio": null,
            "price_fair": 0,
            "eps_avg_yearly": 0,
            "eps_latest_yearly": 0,
            "eps_growth_yearly": 0
        },
        "20061": {
            "year_quarter": 20061,
            "year": 2006,
            "quarter": 1,
            "eps": null,
            "eps_growth_year": null,
            "eps_4q": null,
            "eps_4q_growth_year": null,
            "roe": null,
            "roe_4q": 0,
            "gross_profit": null,
            "gross_margin": null,
            "gross_margin_4q_avg": 0,
            "net_income": null,
            "revenue": null,
            "common_shares": null,
            "book_valuer_per_share": null,
            "book_valuer_per_share_4q_avg": 0,
            "equity": null,
            "current_ratio": null,
            "debt_ratio": null,
            "inventory_turnover_ratio": null,
            "account_receivable_turnover_ratio": null,
            "reinvestment_rate": null,
            "research_to_sale_ratio": null,
            "price_fair": 0,
            "eps_avg_yearly": 0,
            "eps_latest_yearly": 0,
            "eps_growth_yearly": 0
        },
        "20062": {
            "year_quarter": 20062,
            "year": 2006,
            "quarter": 2,
            "eps": null,
            "eps_growth_year": null,
            "eps_4q": null,
            "eps_4q_growth_year": null,
            "roe": null,
            "roe_4q": 0,
            "gross_profit": null,
            "gross_margin": null,
            "gross_margin_4q_avg": 0,
            "net_income": null,
            "revenue": null,
            "common_shares": null,
            "book_valuer_per_share": null,
            "book_valuer_per_share_4q_avg": 0,
            "equity": null,
            "current_ratio": null,
            "debt_ratio": null,
            "inventory_turnover_ratio": null,
            "account_receivable_turnover_ratio": null,
            "reinvestment_rate": null,
            "research_to_sale_ratio": null,
            "price_fair": 0,
            "eps_avg_yearly": 0,
            "eps_latest_yearly": 0,
            "eps_growth_yearly": 0
        },
        "20063": {
            "year_quarter": 20063,
            "year": 2006,
            "quarter": 3,
            "eps": null,
            "eps_growth_year": null,
            "eps_4q": null,
            "eps_4q_growth_year": null,
            "roe": null,
            "roe_4q": 0,
            "gross_profit": null,
            "gross_margin": null,
            "gross_margin_4q_avg": 0,
            "net_income": null,
            "revenue": null,
            "common_shares": null,
            "book_valuer_per_share": null,
            "book_valuer_per_share_4q_avg": 0,
            "equity": null,
            "current_ratio": null,
            "debt_ratio": null,
            "inventory_turnover_ratio": null,
            "account_receivable_turnover_ratio": null,
            "reinvestment_rate": null,
            "research_to_sale_ratio": null,
            "price_fair": 0,
            "eps_avg_yearly": 0,
            "eps_latest_yearly": 0,
            "eps_growth_yearly": 0
        },
        "20064": {
            "year_quarter": 20064,
            "year": 2006,
            "quarter": 4,
            "eps": null,
            "eps_growth_year": null,
            "eps_4q": null,
            "eps_4q_growth_year": null,
            "roe": null,
            "roe_4q": 0,
            "gross_profit": null,
            "gross_margin": null,
            "gross_margin_4q_avg": 0,
            "net_income": null,
            "revenue": null,
            "common_shares": null,
            "book_valuer_per_share": null,
            "book_valuer_per_share_4q_avg": 0,
            "equity": null,
            "current_ratio": null,
            "debt_ratio": null,
            "inventory_turnover_ratio": null,
            "account_receivable_turnover_ratio": null,
            "reinvestment_rate": null,
            "research_to_sale_ratio": null,
            "price_fair": 0,
            "eps_avg_yearly": 0,
            "eps_latest_yearly": 0,
            "eps_growth_yearly": 0
        },
        "20071": {
            "year_quarter": 20071,
            "year": 2007,
            "quarter": 1,
            "eps": null,
            "eps_growth_year": null,
            "eps_4q": null,
            "eps_4q_growth_year": null,
            "roe": null,
            "roe_4q": 0,
            "gross_profit": null,
            "gross_margin": null,
            "gross_margin_4q_avg": 0,
            "net_income": null,
            "revenue": null,
            "common_shares": null,
            "book_valuer_per_share": null,
            "book_valuer_per_share_4q_avg": 0,
            "equity": null,
            "current_ratio": null,
            "debt_ratio": null,
            "inventory_turnover_ratio": null,
            "account_receivable_turnover_ratio": null,
            "reinvestment_rate": null,
            "research_to_sale_ratio": null,
            "price_fair": 0,
            "eps_avg_yearly": 0,
            "eps_latest_yearly": 0,
            "eps_growth_yearly": 0
        },
        "20072": {
            "year_quarter": 20072,
            "year": 2007,
            "quarter": 2,
            "eps": null,
            "eps_growth_year": null,
            "eps_4q": null,
            "eps_4q_growth_year": null,
            "roe": null,
            "roe_4q": 0,
            "gross_profit": null,
            "gross_margin": null,
            "gross_margin_4q_avg": 0,
            "net_income": null,
            "revenue": null,
            "common_shares": null,
            "book_valuer_per_share": null,
            "book_valuer_per_share_4q_avg": 0,
            "equity": null,
            "current_ratio": null,
            "debt_ratio": null,
            "inventory_turnover_ratio": null,
            "account_receivable_turnover_ratio": null,
            "reinvestment_rate": null,
            "research_to_sale_ratio": null,
            "price_fair": 0,
            "eps_avg_yearly": 0,
            "eps_latest_yearly": 0,
            "eps_growth_yearly": 0
        },
        "20073": {
            "year_quarter": 20073,
            "year": 2007,
            "quarter": 3,
            "eps": null,
            "eps_growth_year": null,
            "eps_4q": null,
            "eps_4q_growth_year": null,
            "roe": null,
            "roe_4q": 0,
            "gross_profit": null,
            "gross_margin": null,
            "gross_margin_4q_avg": 0,
            "net_income": null,
            "revenue": null,
            "common_shares": null,
            "book_valuer_per_share": null,
            "book_valuer_per_share_4q_avg": 0,
            "equity": null,
            "current_ratio": null,
            "debt_ratio": null,
            "inventory_turnover_ratio": null,
            "account_receivable_turnover_ratio": null,
            "reinvestment_rate": null,
            "research_to_sale_ratio": null,
            "price_fair": 0,
            "eps_avg_yearly": 0,
            "eps_latest_yearly": 0,
            "eps_growth_yearly": 0
        },
        "20074": {
            "year_quarter": 20074,
            "year": 2007,
            "quarter": 4,
            "eps": null,
            "eps_growth_year": null,
            "eps_4q": null,
            "eps_4q_growth_year": null,
            "roe": null,
            "roe_4q": 0,
            "gross_profit": null,
            "gross_margin": null,
            "gross_margin_4q_avg": 0,
            "net_income": null,
            "revenue": null,
            "common_shares": null,
            "book_valuer_per_share": null,
            "book_valuer_per_share_4q_avg": 0,
            "equity": null,
            "current_ratio": null,
            "debt_ratio": null,
            "inventory_turnover_ratio": null,
            "account_receivable_turnover_ratio": null,
            "reinvestment_rate": null,
            "research_to_sale_ratio": null,
            "price_fair": 0,
            "eps_avg_yearly": 0,
            "eps_latest_yearly": 0,
            "eps_growth_yearly": 0
        },
        "20081": {
            "year_quarter": 20081,
            "year": 2008,
            "quarter": 1,
            "eps": null,
            "eps_growth_year": null,
            "eps_4q": null,
            "eps_4q_growth_year": null,
            "roe": null,
            "roe_4q": 0,
            "gross_profit": null,
            "gross_margin": null,
            "gross_margin_4q_avg": 0,
            "net_income": null,
            "revenue": null,
            "common_shares": null,
            "book_valuer_per_share": null,
            "book_valuer_per_share_4q_avg": 0,
            "equity": null,
            "current_ratio": null,
            "debt_ratio": null,
            "inventory_turnover_ratio": null,
            "account_receivable_turnover_ratio": null,
            "reinvestment_rate": null,
            "research_to_sale_ratio": null,
            "price_fair": 0,
            "eps_avg_yearly": 0,
            "eps_latest_yearly": 0,
            "eps_growth_yearly": 0
        },
        "20082": {
            "year_quarter": 20082,
            "year": 2008,
            "quarter": 2,
            "eps": null,
            "eps_growth_year": null,
            "eps_4q": null,
            "eps_4q_growth_year": null,
            "roe": null,
            "roe_4q": 0,
            "gross_profit": null,
            "gross_margin": null,
            "gross_margin_4q_avg": 0,
            "net_income": null,
            "revenue": null,
            "common_shares": null,
            "book_valuer_per_share": null,
            "book_valuer_per_share_4q_avg": 0,
            "equity": null,
            "current_ratio": null,
            "debt_ratio": null,
            "inventory_turnover_ratio": null,
            "account_receivable_turnover_ratio": null,
            "reinvestment_rate": null,
            "research_to_sale_ratio": null,
            "price_fair": 0,
            "eps_avg_yearly": 0,
            "eps_latest_yearly": 0,
            "eps_growth_yearly": 0
        },
        "20083": {
            "year_quarter": 20083,
            "year": 2008,
            "quarter": 3,
            "eps": null,
            "eps_growth_year": null,
            "eps_4q": null,
            "eps_4q_growth_year": null,
            "roe": null,
            "roe_4q": 0,
            "gross_profit": null,
            "gross_margin": null,
            "gross_margin_4q_avg": 0,
            "net_income": null,
            "revenue": null,
            "common_shares": null,
            "book_valuer_per_share": null,
            "book_valuer_per_share_4q_avg": 0,
            "equity": null,
            "current_ratio": null,
            "debt_ratio": null,
            "inventory_turnover_ratio": null,
            "account_receivable_turnover_ratio": null,
            "reinvestment_rate": null,
            "research_to_sale_ratio": null,
            "price_fair": 0,
            "eps_avg_yearly": 0,
            "eps_latest_yearly": 0,
            "eps_growth_yearly": 0
        },
        "20084": {
            "year_quarter": 20084,
            "year": 2008,
            "quarter": 4,
            "eps": null,
            "eps_growth_year": null,
            "eps_4q": null,
            "eps_4q_growth_year": null,
            "roe": null,
            "roe_4q": 0,
            "gross_profit": null,
            "gross_margin": null,
            "gross_margin_4q_avg": 0,
            "net_income": null,
            "revenue": null,
            "common_shares": null,
            "book_valuer_per_share": null,
            "book_valuer_per_share_4q_avg": 0,
            "equity": null,
            "current_ratio": null,
            "debt_ratio": null,
            "inventory_turnover_ratio": null,
            "account_receivable_turnover_ratio": null,
            "reinvestment_rate": null,
            "research_to_sale_ratio": null,
            "price_fair": 0,
            "eps_avg_yearly": 0,
            "eps_latest_yearly": 0,
            "eps_growth_yearly": 0
        },
        "20091": {
            "year_quarter": 20091,
            "year": 2009,
            "quarter": 1,
            "eps": null,
            "eps_growth_year": null,
            "eps_4q": null,
            "eps_4q_growth_year": null,
            "roe": null,
            "roe_4q": 0,
            "gross_profit": null,
            "gross_margin": null,
            "gross_margin_4q_avg": 0,
            "net_income": null,
            "revenue": null,
            "common_shares": null,
            "book_valuer_per_share": null,
            "book_valuer_per_share_4q_avg": 0,
            "equity": null,
            "current_ratio": null,
            "debt_ratio": null,
            "inventory_turnover_ratio": null,
            "account_receivable_turnover_ratio": null,
            "reinvestment_rate": null,
            "research_to_sale_ratio": null,
            "price_fair": 0,
            "eps_avg_yearly": 0,
            "eps_latest_yearly": 0,
            "eps_growth_yearly": 0
        },
        "20092": {
            "year_quarter": 20092,
            "year": 2009,
            "quarter": 2,
            "eps": null,
            "eps_growth_year": null,
            "eps_4q": null,
            "eps_4q_growth_year": null,
            "roe": null,
            "roe_4q": 0,
            "gross_profit": null,
            "gross_margin": null,
            "gross_margin_4q_avg": 0,
            "net_income": null,
            "revenue": null,
            "common_shares": null,
            "book_valuer_per_share": null,
            "book_valuer_per_share_4q_avg": 0,
            "equity": null,
            "current_ratio": null,
            "debt_ratio": null,
            "inventory_turnover_ratio": null,
            "account_receivable_turnover_ratio": null,
            "reinvestment_rate": null,
            "research_to_sale_ratio": null,
            "price_fair": 0,
            "eps_avg_yearly": 0,
            "eps_latest_yearly": 0,
            "eps_growth_yearly": 0
        },
        "20093": {
            "year_quarter": 20093,
            "year": 2009,
            "quarter": 3,
            "eps": null,
            "eps_growth_year": null,
            "eps_4q": null,
            "eps_4q_growth_year": null,
            "roe": null,
            "roe_4q": 0,
            "gross_profit": null,
            "gross_margin": null,
            "gross_margin_4q_avg": 0,
            "net_income": null,
            "revenue": null,
            "common_shares": null,
            "book_valuer_per_share": null,
            "book_valuer_per_share_4q_avg": 0,
            "equity": null,
            "current_ratio": null,
            "debt_ratio": null,
            "inventory_turnover_ratio": null,
            "account_receivable_turnover_ratio": null,
            "reinvestment_rate": null,
            "research_to_sale_ratio": null,
            "price_fair": 0,
            "eps_avg_yearly": 0,
            "eps_latest_yearly": 0,
            "eps_growth_yearly": 0
        },
        "20094": {
            "year_quarter": 20094,
            "year": 2009,
            "quarter": 4,
            "eps": null,
            "eps_growth_year": null,
            "eps_4q": null,
            "eps_4q_growth_year": null,
            "roe": null,
            "roe_4q": 0,
            "gross_profit": null,
            "gross_margin": null,
            "gross_margin_4q_avg": 0,
            "net_income": null,
            "revenue": null,
            "common_shares": null,
            "book_valuer_per_share": null,
            "book_valuer_per_share_4q_avg": 0,
            "equity": null,
            "current_ratio": null,
            "debt_ratio": null,
            "inventory_turnover_ratio": null,
            "account_receivable_turnover_ratio": null,
            "reinvestment_rate": null,
            "research_to_sale_ratio": null,
            "price_fair": 0,
            "eps_avg_yearly": 0,
            "eps_latest_yearly": 0,
            "eps_growth_yearly": 0
        },
        "20101": {
            "year_quarter": 20101,
            "year": 2010,
            "quarter": 1,
            "eps": null,
            "eps_growth_year": null,
            "eps_4q": null,
            "eps_4q_growth_year": null,
            "roe": null,
            "roe_4q": 0,
            "gross_profit": null,
            "gross_margin": null,
            "gross_margin_4q_avg": 0,
            "net_income": null,
            "revenue": null,
            "common_shares": null,
            "book_valuer_per_share": null,
            "book_valuer_per_share_4q_avg": 0,
            "equity": null,
            "current_ratio": null,
            "debt_ratio": null,
            "inventory_turnover_ratio": null,
            "account_receivable_turnover_ratio": null,
            "reinvestment_rate": null,
            "research_to_sale_ratio": null,
            "price_fair": 0,
            "eps_avg_yearly": 0,
            "eps_latest_yearly": 0,
            "eps_growth_yearly": 0
        },
        "20102": {
            "year_quarter": 20102,
            "year": 2010,
            "quarter": 2,
            "eps": null,
            "eps_growth_year": null,
            "eps_4q": null,
            "eps_4q_growth_year": null,
            "roe": null,
            "roe_4q": 0,
            "gross_profit": null,
            "gross_margin": null,
            "gross_margin_4q_avg": 0,
            "net_income": null,
            "revenue": null,
            "common_shares": null,
            "book_valuer_per_share": null,
            "book_valuer_per_share_4q_avg": 0,
            "equity": null,
            "current_ratio": null,
            "debt_ratio": null,
            "inventory_turnover_ratio": null,
            "account_receivable_turnover_ratio": null,
            "reinvestment_rate": null,
            "research_to_sale_ratio": null,
            "price_fair": 0,
            "eps_avg_yearly": 0,
            "eps_latest_yearly": 0,
            "eps_growth_yearly": 0
        },
        "20103": {
            "year_quarter": 20103,
            "year": 2010,
            "quarter": 3,
            "eps": null,
            "eps_growth_year": null,
            "eps_4q": null,
            "eps_4q_growth_year": null,
            "roe": null,
            "roe_4q": 0,
            "gross_profit": null,
            "gross_margin": null,
            "gross_margin_4q_avg": 0,
            "net_income": null,
            "revenue": null,
            "common_shares": null,
            "book_valuer_per_share": null,
            "book_valuer_per_share_4q_avg": 0,
            "equity": null,
            "current_ratio": null,
            "debt_ratio": null,
            "inventory_turnover_ratio": null,
            "account_receivable_turnover_ratio": null,
            "reinvestment_rate": null,
            "research_to_sale_ratio": null,
            "price_fair": 0,
            "eps_avg_yearly": 0,
            "eps_latest_yearly": 0,
            "eps_growth_yearly": 0
        },
        "20104": {
            "year_quarter": 20104,
            "year": 2010,
            "quarter": 4,
            "eps": null,
            "eps_growth_year": null,
            "eps_4q": null,
            "eps_4q_growth_year": null,
            "roe": null,
            "roe_4q": 0,
            "gross_profit": null,
            "gross_margin": null,
            "gross_margin_4q_avg": 0,
            "net_income": null,
            "revenue": null,
            "common_shares": null,
            "book_valuer_per_share": null,
            "book_valuer_per_share_4q_avg": 0,
            "equity": null,
            "current_ratio": null,
            "debt_ratio": null,
            "inventory_turnover_ratio": null,
            "account_receivable_turnover_ratio": null,
            "reinvestment_rate": null,
            "research_to_sale_ratio": null,
            "price_fair": 0,
            "eps_avg_yearly": 0,
            "eps_latest_yearly": 0,
            "eps_growth_yearly": 0
        },
        "20111": {
            "year_quarter": 20111,
            "year": 2011,
            "quarter": 1,
            "eps": null,
            "eps_growth_year": null,
            "eps_4q": null,
            "eps_4q_growth_year": null,
            "roe": null,
            "roe_4q": 0,
            "gross_profit": null,
            "gross_margin": null,
            "gross_margin_4q_avg": 0,
            "net_income": null,
            "revenue": null,
            "common_shares": null,
            "book_valuer_per_share": null,
            "book_valuer_per_share_4q_avg": 0,
            "equity": null,
            "current_ratio": null,
            "debt_ratio": null,
            "inventory_turnover_ratio": null,
            "account_receivable_turnover_ratio": null,
            "reinvestment_rate": null,
            "research_to_sale_ratio": null,
            "price_fair": 0,
            "eps_avg_yearly": 0,
            "eps_latest_yearly": 0,
            "eps_growth_yearly": 0
        },
        "20112": {
            "year_quarter": 20112,
            "year": 2011,
            "quarter": 2,
            "eps": null,
            "eps_growth_year": null,
            "eps_4q": null,
            "eps_4q_growth_year": null,
            "roe": null,
            "roe_4q": 0,
            "gross_profit": null,
            "gross_margin": null,
            "gross_margin_4q_avg": 0,
            "net_income": null,
            "revenue": null,
            "common_shares": null,
            "book_valuer_per_share": null,
            "book_valuer_per_share_4q_avg": 0,
            "equity": null,
            "current_ratio": null,
            "debt_ratio": null,
            "inventory_turnover_ratio": null,
            "account_receivable_turnover_ratio": null,
            "reinvestment_rate": null,
            "research_to_sale_ratio": null,
            "price_fair": 0,
            "eps_avg_yearly": 0,
            "eps_latest_yearly": 0,
            "eps_growth_yearly": 0
        },
        "20113": {
            "year_quarter": 20113,
            "year": 2011,
            "quarter": 3,
            "eps": null,
            "eps_growth_year": null,
            "eps_4q": null,
            "eps_4q_growth_year": null,
            "roe": null,
            "roe_4q": 0,
            "gross_profit": null,
            "gross_margin": null,
            "gross_margin_4q_avg": 0,
            "net_income": null,
            "revenue": null,
            "common_shares": null,
            "book_valuer_per_share": null,
            "book_valuer_per_share_4q_avg": 0,
            "equity": null,
            "current_ratio": null,
            "debt_ratio": null,
            "inventory_turnover_ratio": null,
            "account_receivable_turnover_ratio": null,
            "reinvestment_rate": null,
            "research_to_sale_ratio": null,
            "price_fair": 0,
            "eps_avg_yearly": 0,
            "eps_latest_yearly": 0,
            "eps_growth_yearly": 0
        },
        "20114": {
            "year_quarter": 20114,
            "year": 2011,
            "quarter": 4,
            "eps": null,
            "eps_growth_year": null,
            "eps_4q": null,
            "eps_4q_growth_year": null,
            "roe": null,
            "roe_4q": 0,
            "gross_profit": null,
            "gross_margin": null,
            "gross_margin_4q_avg": 0,
            "net_income": null,
            "revenue": null,
            "common_shares": null,
            "book_valuer_per_share": null,
            "book_valuer_per_share_4q_avg": 0,
            "equity": null,
            "current_ratio": null,
            "debt_ratio": null,
            "inventory_turnover_ratio": null,
            "account_receivable_turnover_ratio": null,
            "reinvestment_rate": null,
            "research_to_sale_ratio": null,
            "price_fair": 0,
            "eps_avg_yearly": 0,
            "eps_latest_yearly": 0,
            "eps_growth_yearly": 0
        },
        "20121": {
            "year_quarter": 20121,
            "year": 2012,
            "quarter": 1,
            "eps": null,
            "eps_growth_year": null,
            "eps_4q": null,
            "eps_4q_growth_year": null,
            "roe": null,
            "roe_4q": 0,
            "gross_profit": null,
            "gross_margin": null,
            "gross_margin_4q_avg": 0,
            "net_income": null,
            "revenue": null,
            "common_shares": null,
            "book_valuer_per_share": null,
            "book_valuer_per_share_4q_avg": 0,
            "equity": null,
            "current_ratio": null,
            "debt_ratio": null,
            "inventory_turnover_ratio": null,
            "account_receivable_turnover_ratio": null,
            "reinvestment_rate": null,
            "research_to_sale_ratio": null,
            "price_fair": 0,
            "eps_avg_yearly": 0,
            "eps_latest_yearly": 0,
            "eps_growth_yearly": 0
        },
        "20122": {
            "year_quarter": 20122,
            "year": 2012,
            "quarter": 2,
            "eps": null,
            "eps_growth_year": null,
            "eps_4q": null,
            "eps_4q_growth_year": null,
            "roe": null,
            "roe_4q": 0,
            "gross_profit": null,
            "gross_margin": null,
            "gross_margin_4q_avg": 0,
            "net_income": null,
            "revenue": null,
            "common_shares": null,
            "book_valuer_per_share": null,
            "book_valuer_per_share_4q_avg": 0,
            "equity": null,
            "current_ratio": null,
            "debt_ratio": null,
            "inventory_turnover_ratio": null,
            "account_receivable_turnover_ratio": null,
            "reinvestment_rate": null,
            "research_to_sale_ratio": null,
            "price_fair": 0,
            "eps_avg_yearly": 0,
            "eps_latest_yearly": 0,
            "eps_growth_yearly": 0
        },
        "20123": {
            "year_quarter": 20123,
            "year": 2012,
            "quarter": 3,
            "eps": null,
            "eps_growth_year": null,
            "eps_4q": null,
            "eps_4q_growth_year": null,
            "roe": null,
            "roe_4q": 0,
            "gross_profit": null,
            "gross_margin": null,
            "gross_margin_4q_avg": 0,
            "net_income": null,
            "revenue": null,
            "common_shares": null,
            "book_valuer_per_share": null,
            "book_valuer_per_share_4q_avg": 0,
            "equity": null,
            "current_ratio": null,
            "debt_ratio": null,
            "inventory_turnover_ratio": null,
            "account_receivable_turnover_ratio": null,
            "reinvestment_rate": null,
            "research_to_sale_ratio": null,
            "price_fair": 0,
            "eps_avg_yearly": 0,
            "eps_latest_yearly": 0,
            "eps_growth_yearly": 0
        },
        "20124": {
            "year_quarter": 20124,
            "year": 2012,
            "quarter": 4,
            "eps": null,
            "eps_growth_year": null,
            "eps_4q": null,
            "eps_4q_growth_year": null,
            "roe": null,
            "roe_4q": 0,
            "gross_profit": null,
            "gross_margin": null,
            "gross_margin_4q_avg": 0,
            "net_income": null,
            "revenue": null,
            "common_shares": null,
            "book_valuer_per_share": null,
            "book_valuer_per_share_4q_avg": 0,
            "equity": null,
            "current_ratio": null,
            "debt_ratio": null,
            "inventory_turnover_ratio": null,
            "account_receivable_turnover_ratio": null,
            "reinvestment_rate": null,
            "research_to_sale_ratio": null,
            "price_fair": 0,
            "eps_avg_yearly": 0,
            "eps_latest_yearly": 0,
            "eps_growth_yearly": 0
        },
        "20131": {
            "year_quarter": 20131,
            "year": 2013,
            "quarter": 1,
            "eps": null,
            "eps_growth_year": null,
            "eps_4q": null,
            "eps_4q_growth_year": null,
            "roe": null,
            "roe_4q": 0,
            "gross_profit": null,
            "gross_margin": null,
            "gross_margin_4q_avg": 0,
            "net_income": null,
            "revenue": null,
            "common_shares": null,
            "book_valuer_per_share": null,
            "book_valuer_per_share_4q_avg": 0,
            "equity": null,
            "current_ratio": null,
            "debt_ratio": null,
            "inventory_turnover_ratio": null,
            "account_receivable_turnover_ratio": null,
            "reinvestment_rate": null,
            "research_to_sale_ratio": null,
            "price_fair": 0,
            "eps_avg_yearly": 0,
            "eps_latest_yearly": 0,
            "eps_growth_yearly": 0
        },
        "20132": {
            "year_quarter": 20132,
            "year": 2013,
            "quarter": 2,
            "eps": null,
            "eps_growth_year": null,
            "eps_4q": null,
            "eps_4q_growth_year": null,
            "roe": null,
            "roe_4q": 0,
            "gross_profit": null,
            "gross_margin": null,
            "gross_margin_4q_avg": 0,
            "net_income": null,
            "revenue": null,
            "common_shares": null,
            "book_valuer_per_share": null,
            "book_valuer_per_share_4q_avg": 0,
            "equity": null,
            "current_ratio": null,
            "debt_ratio": null,
            "inventory_turnover_ratio": null,
            "account_receivable_turnover_ratio": null,
            "reinvestment_rate": null,
            "research_to_sale_ratio": null,
            "price_fair": 0,
            "eps_avg_yearly": 0,
            "eps_latest_yearly": 0,
            "eps_growth_yearly": 0
        },
        "20133": {
            "year_quarter": 20133,
            "year": 2013,
            "quarter": 3,
            "eps": null,
            "eps_growth_year": null,
            "eps_4q": null,
            "eps_4q_growth_year": null,
            "roe": null,
            "roe_4q": 0,
            "gross_profit": null,
            "gross_margin": null,
            "gross_margin_4q_avg": 0,
            "net_income": null,
            "revenue": null,
            "common_shares": null,
            "book_valuer_per_share": null,
            "book_valuer_per_share_4q_avg": 0,
            "equity": null,
            "current_ratio": null,
            "debt_ratio": null,
            "inventory_turnover_ratio": null,
            "account_receivable_turnover_ratio": null,
            "reinvestment_rate": null,
            "research_to_sale_ratio": null,
            "price_fair": 0,
            "eps_avg_yearly": 0,
            "eps_latest_yearly": 0,
            "eps_growth_yearly": 0
        },
        "20134": {
            "year_quarter": 20134,
            "year": 2013,
            "quarter": 4,
            "eps": null,
            "eps_growth_year": null,
            "eps_4q": null,
            "eps_4q_growth_year": null,
            "roe": null,
            "roe_4q": 0,
            "gross_profit": null,
            "gross_margin": null,
            "gross_margin_4q_avg": 0,
            "net_income": null,
            "revenue": null,
            "common_shares": 1128280,
            "book_valuer_per_share": null,
            "book_valuer_per_share_4q_avg": 0,
            "equity": 899137,
            "current_ratio": null,
            "debt_ratio": null,
            "inventory_turnover_ratio": null,
            "account_receivable_turnover_ratio": null,
            "reinvestment_rate": null,
            "research_to_sale_ratio": null,
            "price_fair": 0,
            "eps_avg_yearly": 0,
            "eps_latest_yearly": 0,
            "eps_growth_yearly": 0
        },
        "20141": {
            "year_quarter": 20141,
            "year": 2014,
            "quarter": 1,
            "eps": null,
            "eps_growth_year": null,
            "eps_4q": null,
            "eps_4q_growth_year": null,
            "roe": null,
            "roe_4q": 0,
            "gross_profit": null,
            "gross_margin": null,
            "gross_margin_4q_avg": 0,
            "net_income": null,
            "revenue": null,
            "common_shares": null,
            "book_valuer_per_share": null,
            "book_valuer_per_share_4q_avg": 0,
            "equity": null,
            "current_ratio": null,
            "debt_ratio": null,
            "inventory_turnover_ratio": null,
            "account_receivable_turnover_ratio": null,
            "reinvestment_rate": null,
            "research_to_sale_ratio": null,
            "price_fair": 0,
            "eps_avg_yearly": 0,
            "eps_latest_yearly": 0,
            "eps_growth_yearly": 0
        },
        "20142": {
            "year_quarter": 20142,
            "year": 2014,
            "quarter": 2,
            "eps": null,
            "eps_growth_year": null,
            "eps_4q": null,
            "eps_4q_growth_year": null,
            "roe": null,
            "roe_4q": 0,
            "gross_profit": null,
            "gross_margin": null,
            "gross_margin_4q_avg": 0,
            "net_income": null,
            "revenue": null,
            "common_shares": 1128280,
            "book_valuer_per_share": null,
            "book_valuer_per_share_4q_avg": 0,
            "equity": 1094771,
            "current_ratio": null,
            "debt_ratio": null,
            "inventory_turnover_ratio": null,
            "account_receivable_turnover_ratio": null,
            "reinvestment_rate": null,
            "research_to_sale_ratio": null,
            "price_fair": 0,
            "eps_avg_yearly": 0,
            "eps_latest_yearly": 0,
            "eps_growth_yearly": 0
        },
        "20143": {
            "year_quarter": 20143,
            "year": 2014,
            "quarter": 3,
            "eps": null,
            "eps_growth_year": null,
            "eps_4q": null,
            "eps_4q_growth_year": null,
            "roe": null,
            "roe_4q": 0,
            "gross_profit": null,
            "gross_margin": null,
            "gross_margin_4q_avg": 0,
            "net_income": null,
            "revenue": null,
            "common_shares": null,
            "book_valuer_per_share": null,
            "book_valuer_per_share_4q_avg": 0,
            "equity": null,
            "current_ratio": null,
            "debt_ratio": null,
            "inventory_turnover_ratio": null,
            "account_receivable_turnover_ratio": null,
            "reinvestment_rate": null,
            "research_to_sale_ratio": null,
            "price_fair": 0,
            "eps_avg_yearly": 0,
            "eps_latest_yearly": 0,
            "eps_growth_yearly": 0
        },
        "20144": {
            "year_quarter": 20144,
            "year": 2014,
            "quarter": 4,
            "eps": null,
            "eps_growth_year": null,
            "eps_4q": null,
            "eps_4q_growth_year": null,
            "roe": null,
            "roe_4q": 0,
            "gross_profit": null,
            "gross_margin": null,
            "gross_margin_4q_avg": 0,
            "net_income": null,
            "revenue": null,
            "common_shares": 1168280,
            "book_valuer_per_share": 13.14,
            "book_valuer_per_share_4q_avg": 3.29,
            "equity": 1535587,
            "current_ratio": 241.24,
            "debt_ratio": 30.83,
            "inventory_turnover_ratio": null,
            "account_receivable_turnover_ratio": null,
            "reinvestment_rate": null,
            "research_to_sale_ratio": null,
            "price_fair": 0,
            "eps_avg_yearly": 0,
            "eps_latest_yearly": 0,
            "eps_growth_yearly": 0
        },
        "20151": {
            "year_quarter": 20151,
            "year": 2015,
            "quarter": 1,
            "eps": null,
            "eps_growth_year": null,
            "eps_4q": null,
            "eps_4q_growth_year": null,
            "roe": null,
            "roe_4q": 0,
            "gross_profit": null,
            "gross_margin": null,
            "gross_margin_4q_avg": 0,
            "net_income": null,
            "revenue": null,
            "common_shares": null,
            "book_valuer_per_share": null,
            "book_valuer_per_share_4q_avg": 3.29,
            "equity": null,
            "current_ratio": null,
            "debt_ratio": null,
            "inventory_turnover_ratio": null,
            "account_receivable_turnover_ratio": null,
            "reinvestment_rate": null,
            "research_to_sale_ratio": null,
            "price_fair": 0,
            "eps_avg_yearly": 0,
            "eps_latest_yearly": 0,
            "eps_growth_yearly": 0
        },
        "20152": {
            "year_quarter": 20152,
            "year": 2015,
            "quarter": 2,
            "eps": null,
            "eps_growth_year": null,
            "eps_4q": null,
            "eps_4q_growth_year": null,
            "roe": null,
            "roe_4q": 0,
            "gross_profit": null,
            "gross_margin": null,
            "gross_margin_4q_avg": 0,
            "net_income": null,
            "revenue": null,
            "common_shares": 1168280,
            "book_valuer_per_share": 12.65,
            "book_valuer_per_share_4q_avg": 6.45,
            "equity": 1477935,
            "current_ratio": 148.87,
            "debt_ratio": 37.05,
            "inventory_turnover_ratio": null,
            "account_receivable_turnover_ratio": null,
            "reinvestment_rate": null,
            "research_to_sale_ratio": null,
            "price_fair": 0,
            "eps_avg_yearly": 0,
            "eps_latest_yearly": 0,
            "eps_growth_yearly": 0
        },
        "20153": {
            "year_quarter": 20153,
            "year": 2015,
            "quarter": 3,
            "eps": null,
            "eps_growth_year": null,
            "eps_4q": null,
            "eps_4q_growth_year": null,
            "roe": null,
            "roe_4q": 0,
            "gross_profit": null,
            "gross_margin": null,
            "gross_margin_4q_avg": 0,
            "net_income": null,
            "revenue": null,
            "common_shares": null,
            "book_valuer_per_share": null,
            "book_valuer_per_share_4q_avg": 6.45,
            "equity": null,
            "current_ratio": null,
            "debt_ratio": null,
            "inventory_turnover_ratio": null,
            "account_receivable_turnover_ratio": null,
            "reinvestment_rate": null,
            "research_to_sale_ratio": null,
            "price_fair": 0,
            "eps_avg_yearly": 0,
            "eps_latest_yearly": 0,
            "eps_growth_yearly": 0
        },
        "20154": {
            "year_quarter": 20154,
            "year": 2015,
            "quarter": 4,
            "eps": null,
            "eps_growth_year": null,
            "eps_4q": null,
            "eps_4q_growth_year": null,
            "roe": null,
            "roe_4q": 0,
            "gross_profit": null,
            "gross_margin": null,
            "gross_margin_4q_avg": 0,
            "net_income": null,
            "revenue": null,
            "common_shares": 1168280,
            "book_valuer_per_share": 13.69,
            "book_valuer_per_share_4q_avg": 6.59,
            "equity": 1599322,
            "current_ratio": 203.44,
            "debt_ratio": 37.17,
            "inventory_turnover_ratio": null,
            "account_receivable_turnover_ratio": null,
            "reinvestment_rate": null,
            "research_to_sale_ratio": null,
            "price_fair": 0,
            "eps_avg_yearly": 0,
            "eps_latest_yearly": 0,
            "eps_growth_yearly": 0
        },
        "20161": {
            "year_quarter": 20161,
            "year": 2016,
            "quarter": 1,
            "eps": null,
            "eps_growth_year": null,
            "eps_4q": null,
            "eps_4q_growth_year": null,
            "roe": null,
            "roe_4q": 0,
            "gross_profit": null,
            "gross_margin": null,
            "gross_margin_4q_avg": 0,
            "net_income": null,
            "revenue": null,
            "common_shares": null,
            "book_valuer_per_share": null,
            "book_valuer_per_share_4q_avg": 6.59,
            "equity": null,
            "current_ratio": null,
            "debt_ratio": null,
            "inventory_turnover_ratio": null,
            "account_receivable_turnover_ratio": null,
            "reinvestment_rate": null,
            "research_to_sale_ratio": null,
            "price_fair": 0,
            "eps_avg_yearly": 0,
            "eps_latest_yearly": 0,
            "eps_growth_yearly": 0
        },
        "20162": {
            "year_quarter": 20162,
            "year": 2016,
            "quarter": 2,
            "eps": null,
            "eps_growth_year": null,
            "eps_4q": null,
            "eps_4q_growth_year": null,
            "roe": null,
            "roe_4q": 0,
            "gross_profit": null,
            "gross_margin": null,
            "gross_margin_4q_avg": 0,
            "net_income": null,
            "revenue": null,
            "common_shares": 1168280,
            "book_valuer_per_share": 12.87,
            "book_valuer_per_share_4q_avg": 6.64,
            "equity": 1504073,
            "current_ratio": 167.53,
            "debt_ratio": 44.64,
            "inventory_turnover_ratio": null,
            "account_receivable_turnover_ratio": null,
            "reinvestment_rate": null,
            "research_to_sale_ratio": null,
            "price_fair": 0,
            "eps_avg_yearly": 0,
            "eps_latest_yearly": 0,
            "eps_growth_yearly": 0
        },
        "20163": {
            "year_quarter": 20163,
            "year": 2016,
            "quarter": 3,
            "eps": null,
            "eps_growth_year": null,
            "eps_4q": null,
            "eps_4q_growth_year": null,
            "roe": null,
            "roe_4q": 0,
            "gross_profit": null,
            "gross_margin": null,
            "gross_margin_4q_avg": 0,
            "net_income": null,
            "revenue": null,
            "common_shares": null,
            "book_valuer_per_share": null,
            "book_valuer_per_share_4q_avg": 6.64,
            "equity": null,
            "current_ratio": null,
            "debt_ratio": null,
            "inventory_turnover_ratio": null,
            "account_receivable_turnover_ratio": null,
            "reinvestment_rate": null,
            "research_to_sale_ratio": null,
            "price_fair": 0,
            "eps_avg_yearly": 0,
            "eps_latest_yearly": 0,
            "eps_growth_yearly": 0
        },
        "20164": {
            "year_quarter": 20164,
            "year": 2016,
            "quarter": 4,
            "eps": null,
            "eps_growth_year": null,
            "eps_4q": null,
            "eps_4q_growth_year": null,
            "roe": null,
            "roe_4q": 0,
            "gross_profit": null,
            "gross_margin": null,
            "gross_margin_4q_avg": 0,
            "net_income": null,
            "revenue": null,
            "common_shares": 1168280,
            "book_valuer_per_share": 13.79,
            "book_valuer_per_share_4q_avg": 6.67,
            "equity": 1610924,
            "current_ratio": 173.36,
            "debt_ratio": 39.58,
            "inventory_turnover_ratio": null,
            "account_receivable_turnover_ratio": null,
            "reinvestment_rate": null,
            "research_to_sale_ratio": null,
            "price_fair": 0,
            "eps_avg_yearly": 0,
            "eps_latest_yearly": 0,
            "eps_growth_yearly": 0
        },
        "20171": {
            "year_quarter": 20171,
            "year": 2017,
            "quarter": 1,
            "eps": null,
            "eps_growth_year": null,
            "eps_4q": null,
            "eps_4q_growth_year": null,
            "roe": null,
            "roe_4q": 0,
            "gross_profit": null,
            "gross_margin": null,
            "gross_margin_4q_avg": 0,
            "net_income": null,
            "revenue": null,
            "common_shares": null,
            "book_valuer_per_share": null,
            "book_valuer_per_share_4q_avg": 6.67,
            "equity": null,
            "current_ratio": null,
            "debt_ratio": null,
            "inventory_turnover_ratio": null,
            "account_receivable_turnover_ratio": null,
            "reinvestment_rate": null,
            "research_to_sale_ratio": null,
            "price_fair": 0,
            "eps_avg_yearly": 0,
            "eps_latest_yearly": 0,
            "eps_growth_yearly": 0
        },
        "20172": {
            "year_quarter": 20172,
            "year": 2017,
            "quarter": 2,
            "eps": null,
            "eps_growth_year": null,
            "eps_4q": null,
            "eps_4q_growth_year": null,
            "roe": null,
            "roe_4q": 0,
            "gross_profit": null,
            "gross_margin": null,
            "gross_margin_4q_avg": 0,
            "net_income": null,
            "revenue": null,
            "common_shares": 1168280,
            "book_valuer_per_share": 13.22,
            "book_valuer_per_share_4q_avg": 6.75,
            "equity": 1544840,
            "current_ratio": 141.71,
            "debt_ratio": 43.83,
            "inventory_turnover_ratio": null,
            "account_receivable_turnover_ratio": null,
            "reinvestment_rate": null,
            "research_to_sale_ratio": null,
            "price_fair": 0,
            "eps_avg_yearly": 0,
            "eps_latest_yearly": 0,
            "eps_growth_yearly": 0
        },
        "20173": {
            "year_quarter": 20173,
            "year": 2017,
            "quarter": 3,
            "eps": null,
            "eps_growth_year": null,
            "eps_4q": null,
            "eps_4q_growth_year": null,
            "roe": null,
            "roe_4q": 0,
            "gross_profit": null,
            "gross_margin": null,
            "gross_margin_4q_avg": 0,
            "net_income": null,
            "revenue": null,
            "common_shares": null,
            "book_valuer_per_share": null,
            "book_valuer_per_share_4q_avg": 6.75,
            "equity": null,
            "current_ratio": null,
            "debt_ratio": null,
            "inventory_turnover_ratio": null,
            "account_receivable_turnover_ratio": null,
            "reinvestment_rate": null,
            "research_to_sale_ratio": null,
            "price_fair": 0,
            "eps_avg_yearly": 0,
            "eps_latest_yearly": 0,
            "eps_growth_yearly": 0
        },
        "20174": {
            "year_quarter": 20174,
            "year": 2017,
            "quarter": 4,
            "eps": null,
            "eps_growth_year": null,
            "eps_4q": null,
            "eps_4q_growth_year": null,
            "roe": null,
            "roe_4q": 0,
            "gross_profit": null,
            "gross_margin": null,
            "gross_margin_4q_avg": 0,
            "net_income": null,
            "revenue": null,
            "common_shares": 1168280,
            "book_valuer_per_share": 13.7,
            "book_valuer_per_share_4q_avg": 6.73,
            "equity": 1601064,
            "current_ratio": 156.77,
            "debt_ratio": 43.44,
            "inventory_turnover_ratio": null,
            "account_receivable_turnover_ratio": null,
            "reinvestment_rate": null,
            "research_to_sale_ratio": null,
            "price_fair": 0,
            "eps_avg_yearly": 0,
            "eps_latest_yearly": 0,
            "eps_growth_yearly": 0
        },
        "20181": {
            "year_quarter": 20181,
            "year": 2018,
            "quarter": 1,
            "eps": 0.32,
            "eps_growth_year": null,
            "eps_4q": null,
            "eps_4q_growth_year": null,
            "roe": 1.81,
            "roe_4q": 1.81,
            "gross_profit": 144367,
            "gross_margin": 31.2,
            "gross_margin_4q_avg": 7.8,
            "net_income": 30471,
            "revenue": 462757,
            "common_shares": 1168280,
            "book_valuer_per_share": 14.49,
            "book_valuer_per_share_4q_avg": 10.35,
            "equity": 1769785,
            "current_ratio": 165.82,
            "debt_ratio": 38.76,
            "inventory_turnover_ratio": 1.29,
            "account_receivable_turnover_ratio": 1.43,
            "reinvestment_rate": null,
            "research_to_sale_ratio": 7.52,
            "price_fair": 0,
            "eps_avg_yearly": 0,
            "eps_latest_yearly": 0,
            "eps_growth_yearly": 0
        },
        "20182": {
            "year_quarter": 20182,
            "year": 2018,
            "quarter": 2,
            "eps": 0.48,
            "eps_growth_year": null,
            "eps_4q": null,
            "eps_4q_growth_year": null,
            "roe": 2.71,
            "roe_4q": 4.52,
            "gross_profit": 184381,
            "gross_margin": 35.31,
            "gross_margin_4q_avg": 16.63,
            "net_income": 46762,
            "revenue": 522106,
            "common_shares": 1168280,
            "book_valuer_per_share": 13.61,
            "book_valuer_per_share_4q_avg": 10.45,
            "equity": 1681577,
            "current_ratio": 142.31,
            "debt_ratio": 42.31,
            "inventory_turnover_ratio": 1.53,
            "account_receivable_turnover_ratio": 1.45,
            "reinvestment_rate": null,
            "research_to_sale_ratio": 7.7,
            "price_fair": 67.2,
            "eps_avg_yearly": 1.92,
            "eps_latest_yearly": 1.92,
            "eps_growth_yearly": 200
        },
        "20183": {
            "year_quarter": 20183,
            "year": 2018,
            "quarter": 3,
            "eps": 0.49,
            "eps_growth_year": null,
            "eps_4q": null,
            "eps_4q_growth_year": null,
            "roe": 2.86,
            "roe_4q": 7.380000000000001,
            "gross_profit": 195944,
            "gross_margin": 34.78,
            "gross_margin_4q_avg": 25.32,
            "net_income": 55200,
            "revenue": 563316,
            "common_shares": 1324080,
            "book_valuer_per_share": 15.96,
            "book_valuer_per_share_4q_avg": 14.44,
            "equity": 2171848,
            "current_ratio": 213.64,
            "debt_ratio": 32.8,
            "inventory_turnover_ratio": 1.79,
            "account_receivable_turnover_ratio": 1.41,
            "reinvestment_rate": null,
            "research_to_sale_ratio": 6.9,
            "price_fair": 67.9,
            "eps_avg_yearly": 1.94,
            "eps_latest_yearly": 1.96,
            "eps_growth_yearly": 104.17
        },
        "20184": {
            "year_quarter": 20184,
            "year": 2018,
            "quarter": 4,
            "eps": 0.57,
            "eps_growth_year": null,
            "eps_4q": 1.76,
            "eps_4q_growth_year": null,
            "roe": 3.01,
            "roe_4q": 10.389999999999999,
            "gross_profit": 196254,
            "gross_margin": 34.21,
            "gross_margin_4q_avg": 33.88,
            "net_income": 66452,
            "revenue": 573694,
            "common_shares": 1324080,
            "book_valuer_per_share": 16.53,
            "book_valuer_per_share_4q_avg": 15.15,
            "equity": 2238815,
            "current_ratio": 215.03,
            "debt_ratio": 32.37,
            "inventory_turnover_ratio": 1.9,
            "account_receivable_turnover_ratio": 1.43,
            "reinvestment_rate": null,
            "research_to_sale_ratio": 5.67,
            "price_fair": 71.87,
            "eps_avg_yearly": 2.05,
            "eps_latest_yearly": 2.28,
            "eps_growth_yearly": 91.21
        },
        "20191": {
            "year_quarter": 20191,
            "year": 2019,
            "quarter": 1,
            "eps": 0.53,
            "eps_growth_year": 65.62,
            "eps_4q": 2,
            "eps_4q_growth_year": null,
            "roe": 2.75,
            "roe_4q": 11.329999999999998,
            "gross_profit": 195031,
            "gross_margin": 32.78,
            "gross_margin_4q_avg": 34.27,
            "net_income": 62345,
            "revenue": 594950,
            "common_shares": 1324080,
            "book_valuer_per_share": 17.06,
            "book_valuer_per_share_4q_avg": 15.79,
            "equity": 2301160,
            "current_ratio": 180.57,
            "debt_ratio": 36.39,
            "inventory_turnover_ratio": 2.03,
            "account_receivable_turnover_ratio": 1.53,
            "reinvestment_rate": null,
            "research_to_sale_ratio": 5.73,
            "price_fair": 72.45,
            "eps_avg_yearly": 2.07,
            "eps_latest_yearly": 2.12,
            "eps_growth_yearly": 61.39
        },
        "20192": {
            "year_quarter": 20192,
            "year": 2019,
            "quarter": 2,
            "eps": 0.71,
            "eps_growth_year": 47.92,
            "eps_4q": 2.3,
            "eps_4q_growth_year": null,
            "roe": 4.03,
            "roe_4q": 12.649999999999999,
            "gross_profit": 236410,
            "gross_margin": 35.79,
            "gross_margin_4q_avg": 34.39,
            "net_income": 90180,
            "revenue": 660505,
            "common_shares": 1324080,
            "book_valuer_per_share": 16.17,
            "book_valuer_per_share_4q_avg": 16.43,
            "equity": 2179487,
            "current_ratio": 139.83,
            "debt_ratio": 46.63,
            "inventory_turnover_ratio": 2.05,
            "account_receivable_turnover_ratio": 1.63,
            "reinvestment_rate": null,
            "research_to_sale_ratio": 5.56,
            "price_fair": 77.84,
            "eps_avg_yearly": 2.22,
            "eps_latest_yearly": 2.84,
            "eps_growth_yearly": 76.28
        },
        "20193": {
            "year_quarter": 20193,
            "year": 2019,
            "quarter": 3,
            "eps": 0.83,
            "eps_growth_year": 69.39,
            "eps_4q": 2.64,
            "eps_4q_growth_year": null,
            "roe": 4.78,
            "roe_4q": 14.57,
            "gross_profit": 268639,
            "gross_margin": 36.62,
            "gross_margin_4q_avg": 34.85,
            "net_income": 106746,
            "revenue": 733565,
            "common_shares": 1324080,
            "book_valuer_per_share": 17,
            "book_valuer_per_share_4q_avg": 16.69,
            "equity": 2286233,
            "current_ratio": 163.1,
            "debt_ratio": 47.36,
            "inventory_turnover_ratio": 2.11,
            "account_receivable_turnover_ratio": 1.58,
            "reinvestment_rate": null,
            "research_to_sale_ratio": 5.48,
            "price_fair": 84.23,
            "eps_avg_yearly": 2.41,
            "eps_latest_yearly": 3.32,
            "eps_growth_yearly": 74.84
        },
        "20194": {
            "year_quarter": 20194,
            "year": 2019,
            "quarter": 4,
            "eps": 0.44,
            "eps_growth_year": -22.5,
            "eps_4q": 2.51,
            "eps_4q_growth_year": 42.75,
            "roe": 2.43,
            "roe_4q": 13.990000000000002,
            "gross_profit": 189360,
            "gross_margin": 28.69,
            "gross_margin_4q_avg": 33.47,
            "net_income": 57757,
            "revenue": 660039,
            "common_shares": 1324080,
            "book_valuer_per_share": 18.41,
            "book_valuer_per_share_4q_avg": 17.16,
            "equity": 2472596,
            "current_ratio": 249.42,
            "debt_ratio": 54.27,
            "inventory_turnover_ratio": 2,
            "account_receivable_turnover_ratio": 1.55,
            "reinvestment_rate": null,
            "research_to_sale_ratio": 6.22,
            "price_fair": 81,
            "eps_avg_yearly": 2.31,
            "eps_latest_yearly": 1.76,
            "eps_growth_yearly": 37.3
        },
        "20201": {
            "year_quarter": 20201,
            "year": 2020,
            "quarter": 1,
            "eps": 0.28,
            "eps_growth_year": -47.17,
            "eps_4q": 2.26,
            "eps_4q_growth_year": 12.59,
            "roe": 1.31,
            "roe_4q": 12.55,
            "gross_profit": 155275,
            "gross_margin": 24.78,
            "gross_margin_4q_avg": 31.47,
            "net_income": 32542,
            "revenue": 626533,
            "common_shares": 1324080,
            "book_valuer_per_share": 18.69,
            "book_valuer_per_share_4q_avg": 17.57,
            "equity": 2505138,
            "current_ratio": 259.07,
            "debt_ratio": 52.58,
            "inventory_turnover_ratio": 1.89,
            "account_receivable_turnover_ratio": 1.7,
            "reinvestment_rate": null,
            "research_to_sale_ratio": 6.8,
            "price_fair": 52.94,
            "eps_avg_yearly": 2.17,
            "eps_latest_yearly": 1.12,
            "eps_growth_yearly": 14.45
        },
        "20202": {
            "year_quarter": 20202,
            "year": 2020,
            "quarter": 2,
            "eps": 0.31,
            "eps_growth_year": -56.34,
            "eps_4q": 1.85,
            "eps_4q_growth_year": -19.4,
            "roe": 1.4,
            "roe_4q": 9.920000000000002,
            "gross_profit": 105384,
            "gross_margin": 18.1,
            "gross_margin_4q_avg": 27.05,
            "net_income": 33383,
            "revenue": 582216,
            "common_shares": 1324080,
            "book_valuer_per_share": 16.99,
            "book_valuer_per_share_4q_avg": 17.77,
            "equity": 2273705,
            "current_ratio": 180.34,
            "debt_ratio": 56.31,
            "inventory_turnover_ratio": 1.87,
            "account_receivable_turnover_ratio": 1.56,
            "reinvestment_rate": null,
            "research_to_sale_ratio": 7.41,
            "price_fair": 56.93,
            "eps_avg_yearly": 2.06,
            "eps_latest_yearly": 1.24,
            "eps_growth_yearly": 17.61
        },
        "20203": {
            "year_quarter": 20203,
            "year": 2020,
            "quarter": 3,
            "eps": 0.11,
            "eps_growth_year": -86.75,
            "eps_4q": 1.13,
            "eps_4q_growth_year": -57.04,
            "roe": 0.44,
            "roe_4q": 5.58,
            "gross_profit": 121387,
            "gross_margin": 20.52,
            "gross_margin_4q_avg": 23.02,
            "net_income": 10092,
            "revenue": 591483,
            "common_shares": 1324080,
            "book_valuer_per_share": 17.1,
            "book_valuer_per_share_4q_avg": 17.8,
            "equity": 2283797,
            "current_ratio": 214.13,
            "debt_ratio": 54.64,
            "inventory_turnover_ratio": 1.81,
            "account_receivable_turnover_ratio": 1.59,
            "reinvestment_rate": null,
            "research_to_sale_ratio": 5.42,
            "price_fair": 5.7,
            "eps_avg_yearly": 1.9,
            "eps_latest_yearly": 0.44,
            "eps_growth_yearly": -9.96
        },
        "20204": {
            "year_quarter": 20204,
            "year": 2020,
            "quarter": 4,
            "eps": 0.32,
            "eps_growth_year": -26.46,
            "eps_4q": 1.02,
            "eps_4q_growth_year": -59.48,
            "roe": 1.72,
            "roe_4q": 4.87,
            "gross_profit": 145355,
            "gross_margin": 22.64,
            "gross_margin_4q_avg": 21.51,
            "net_income": 39541,
            "revenue": 641944,
            "common_shares": 1324080,
            "book_valuer_per_share": 17.43,
            "book_valuer_per_share_4q_avg": 17.55,
            "equity": 2323896,
            "current_ratio": 108.85,
            "debt_ratio": 54.64,
            "inventory_turnover_ratio": 1.95,
            "account_receivable_turnover_ratio": 1.74,
            "reinvestment_rate": null,
            "research_to_sale_ratio": 4.88,
            "price_fair": 64.53,
            "eps_avg_yearly": 1.84,
            "eps_latest_yearly": 1.28,
            "eps_growth_yearly": 60.37
        },
        "20211": {
            "year_quarter": 20211,
            "year": 2021,
            "quarter": 1,
            "eps": 0.17,
            "eps_growth_year": -39.29,
            "eps_4q": 0.91,
            "eps_4q_growth_year": -59.7,
            "roe": 0.81,
            "roe_4q": 4.37,
            "gross_profit": 150853,
            "gross_margin": 22.46,
            "gross_margin_4q_avg": 20.93,
            "net_income": 18890,
            "revenue": 671742,
            "common_shares": 1324080,
            "book_valuer_per_share": 17.6,
            "book_valuer_per_share_4q_avg": 17.28,
            "equity": 2342786,
            "current_ratio": 104.32,
            "debt_ratio": 54.19,
            "inventory_turnover_ratio": 2.03,
            "account_receivable_turnover_ratio": 1.75,
            "reinvestment_rate": null,
            "research_to_sale_ratio": 5.46,
            "price_fair": 61.13,
            "eps_avg_yearly": 1.75,
            "eps_latest_yearly": 0.68,
            "eps_growth_yearly": 39.71
        },
        "20212": {
            "year_quarter": 20212,
            "year": 2021,
            "quarter": 2,
            "eps": 0.31,
            "eps_growth_year": 0,
            "eps_4q": 0.91,
            "eps_4q_growth_year": -50.81,
            "roe": 1.52,
            "roe_4q": 4.49,
            "gross_profit": 157746,
            "gross_margin": 22.28,
            "gross_margin_4q_avg": 21.98,
            "net_income": 35765,
            "revenue": 708152,
            "common_shares": 1324080,
            "book_valuer_per_share": 17.91,
            "book_valuer_per_share_4q_avg": 17.51,
            "equity": 2378551,
            "current_ratio": 105.67,
            "debt_ratio": 53.37,
            "inventory_turnover_ratio": 2.08,
            "account_receivable_turnover_ratio": 1.85,
            "reinvestment_rate": null,
            "research_to_sale_ratio": 5.51,
            "price_fair": 59.77,
            "eps_avg_yearly": 1.71,
            "eps_latest_yearly": 1.24,
            "eps_growth_yearly": 62
        },
        "20213": {
            "year_quarter": 20213,
            "year": 2021,
            "quarter": 3,
            "eps": 0.39,
            "eps_growth_year": 254.55,
            "eps_4q": 1.15,
            "eps_4q_growth_year": 1.77,
            "roe": 2.5,
            "roe_4q": 6.55,
            "gross_profit": 165412,
            "gross_margin": 23.33,
            "gross_margin_4q_avg": 22.68,
            "net_income": 59279,
            "revenue": 708977,
            "common_shares": 1403525,
            "book_valuer_per_share": 16.72,
            "book_valuer_per_share_4q_avg": 17.42,
            "equity": 2358385,
            "current_ratio": 75.88,
            "debt_ratio": 57.99,
            "inventory_turnover_ratio": 1.98,
            "account_receivable_turnover_ratio": 1.78,
            "reinvestment_rate": null,
            "research_to_sale_ratio": 5.41,
            "price_fair": 59.4,
            "eps_avg_yearly": 1.7,
            "eps_latest_yearly": 1.56,
            "eps_growth_yearly": 64.94
        },
        "20214": {
            "year_quarter": 20214,
            "year": 2021,
            "quarter": 4,
            "eps": 0.83,
            "eps_growth_year": 157.79,
            "eps_4q": 1.68,
            "eps_4q_growth_year": 65.22,
            "roe": 4.25,
            "roe_4q": 9.08,
            "gross_profit": 192631,
            "gross_margin": 34.24,
            "gross_margin_4q_avg": 25.58,
            "net_income": 103529,
            "revenue": 562515,
            "common_shares": 1403525,
            "book_valuer_per_share": 17.93,
            "book_valuer_per_share_4q_avg": 17.54,
            "equity": 2517056,
            "current_ratio": 106.91,
            "debt_ratio": 60.22,
            "inventory_turnover_ratio": 1.64,
            "account_receivable_turnover_ratio": 1.25,
            "reinvestment_rate": 234.85,
            "research_to_sale_ratio": 3.31,
            "price_fair": 63.19,
            "eps_avg_yearly": 1.81,
            "eps_latest_yearly": 3.32,
            "eps_growth_yearly": 90.7
        },
        "20221": {
            "year_quarter": 20221,
            "year": 2022,
            "quarter": 1,
            "eps": 0.48,
            "eps_growth_year": 182.35,
            "eps_4q": 2,
            "eps_4q_growth_year": 119.55,
            "roe": 2.64,
            "roe_4q": 10.91,
            "gross_profit": 196636,
            "gross_margin": 27.05,
            "gross_margin_4q_avg": 26.73,
            "net_income": 67361,
            "revenue": 727061,
            "common_shares": 1403525,
            "book_valuer_per_share": 18.41,
            "book_valuer_per_share_4q_avg": 17.74,
            "equity": 2584417,
            "current_ratio": 113.09,
            "debt_ratio": 59.58,
            "inventory_turnover_ratio": 3.17,
            "account_receivable_turnover_ratio": 1.57,
            "reinvestment_rate": 212.53,
            "research_to_sale_ratio": 4.44,
            "price_fair": 63.44,
            "eps_avg_yearly": 1.81,
            "eps_latest_yearly": 1.92,
            "eps_growth_yearly": 74.49
        },
        "20222": {
            "year_quarter": 20222,
            "year": 2022,
            "quarter": 2,
            "eps": 0.62,
            "eps_growth_year": 100,
            "eps_4q": 2.37,
            "eps_4q_growth_year": 159.69,
            "roe": 3.6,
            "roe_4q": 12.99,
            "gross_profit": 197547,
            "gross_margin": 27.06,
            "gross_margin_4q_avg": 27.92,
            "net_income": 92704,
            "revenue": 730043,
            "common_shares": 1403525,
            "book_valuer_per_share": 18.27,
            "book_valuer_per_share_4q_avg": 17.83,
            "equity": 2564839,
            "current_ratio": 84.01,
            "debt_ratio": 65.34,
            "inventory_turnover_ratio": 2.92,
            "account_receivable_turnover_ratio": 1.73,
            "reinvestment_rate": 297.67,
            "research_to_sale_ratio": 5.13,
            "price_fair": 64.66,
            "eps_avg_yearly": 1.85,
            "eps_latest_yearly": 2.48,
            "eps_growth_yearly": 69.28
        },
        "20223": {
            "year_quarter": 20223,
            "year": 2022,
            "quarter": 3,
            "eps": 0.82,
            "eps_growth_year": 110.26,
            "eps_4q": 2.62,
            "eps_4q_growth_year": 127.09,
            "roe": 4.46,
            "roe_4q": 14.950000000000001,
            "gross_profit": 224065,
            "gross_margin": 27.19,
            "gross_margin_4q_avg": 28.89,
            "net_income": 122681,
            "revenue": 824049,
            "common_shares": 1526280,
            "book_valuer_per_share": 19.23,
            "book_valuer_per_share_4q_avg": 18.46,
            "equity": 2934773,
            "current_ratio": 127.25,
            "debt_ratio": 64.33,
            "inventory_turnover_ratio": 2.87,
            "account_receivable_turnover_ratio": 1.98,
            "reinvestment_rate": 366.26,
            "research_to_sale_ratio": 4.93,
            "price_fair": 67.55,
            "eps_avg_yearly": 1.93,
            "eps_latest_yearly": 3.28,
            "eps_growth_yearly": 76.82
        },
        "20224": {
            "year_quarter": 20224,
            "year": 2022,
            "quarter": 4,
            "eps": 0.28,
            "eps_growth_year": -66.48,
            "eps_4q": 2.13,
            "eps_4q_growth_year": 26.92,
            "roe": 1.43,
            "roe_4q": 12.13,
            "gross_profit": 213542,
            "gross_margin": 24.92,
            "gross_margin_4q_avg": 26.56,
            "net_income": 42505,
            "revenue": 856900,
            "common_shares": 1526280,
            "book_valuer_per_share": 19.6,
            "book_valuer_per_share_4q_avg": 18.88,
            "equity": 2991308,
            "current_ratio": 163.52,
            "debt_ratio": 65.21,
            "inventory_turnover_ratio": 2.67,
            "account_receivable_turnover_ratio": 1.97,
            "reinvestment_rate": 404.6,
            "research_to_sale_ratio": 3.85,
            "price_fair": 65.01,
            "eps_avg_yearly": 1.86,
            "eps_latest_yearly": 1.12,
            "eps_growth_yearly": 56.28
        },
        "20231": {
            "year_quarter": 20231,
            "year": 2023,
            "quarter": 1,
            "eps": 0.4,
            "eps_growth_year": -16.67,
            "eps_4q": 2.09,
            "eps_4q_growth_year": 4.84,
            "roe": 2.04,
            "roe_4q": 11.53,
            "gross_profit": 204125,
            "gross_margin": 23.95,
            "gross_margin_4q_avg": 25.78,
            "net_income": 61589,
            "revenue": 852251,
            "common_shares": 1526280,
            "book_valuer_per_share": 20,
            "book_valuer_per_share_4q_avg": 19.28,
            "equity": 3052999,
            "current_ratio": 156.73,
            "debt_ratio": 64.75,
            "inventory_turnover_ratio": 2.52,
            "account_receivable_turnover_ratio": 1.99,
            "reinvestment_rate": 394.16,
            "research_to_sale_ratio": 4.06,
            "price_fair": 63.88,
            "eps_avg_yearly": 1.83,
            "eps_latest_yearly": 1.6,
            "eps_growth_yearly": 68.75
        }
    },
    "months": {
        "2014-12": {
            "month": "2014-12",
            "price": "48.89",
            "revenue": 146774
        },
        "2015-01": {
            "month": "2015-01",
            "price": "46.74",
            "revenue": 102038
        },
        "2015-02": {
            "month": "2015-02",
            "price": "38.71",
            "revenue": 110498
        },
        "2015-03": {
            "month": "2015-03",
            "price": "37.18",
            "revenue": 134530
        },
        "2015-04": {
            "month": "2015-04",
            "price": "36.15",
            "revenue": 117858
        },
        "2015-05": {
            "month": "2015-05",
            "price": "30.61",
            "revenue": 109308
        },
        "2015-06": {
            "month": "2015-06",
            "price": "26.30",
            "revenue": 105740
        },
        "2015-07": {
            "month": "2015-07",
            "price": "20.23",
            "revenue": 122028
        },
        "2015-08": {
            "month": "2015-08",
            "price": "20.03",
            "revenue": 122991
        },
        "2015-09": {
            "month": "2015-09",
            "price": "20.89",
            "revenue": 140853
        },
        "2015-10": {
            "month": "2015-10",
            "price": "24.58",
            "revenue": 148908
        },
        "2015-11": {
            "month": "2015-11",
            "price": "22.73",
            "revenue": 158026
        },
        "2015-12": {
            "month": "2015-12",
            "price": "23.17",
            "revenue": 148229
        },
        "2016-01": {
            "month": "2016-01",
            "price": "20.83",
            "revenue": 137200
        },
        "2016-02": {
            "month": "2016-02",
            "price": "21.44",
            "revenue": 131814
        },
        "2016-03": {
            "month": "2016-03",
            "price": "22.93",
            "revenue": 138031
        },
        "2016-04": {
            "month": "2016-04",
            "price": "23.23",
            "revenue": 135236
        },
        "2016-05": {
            "month": "2016-05",
            "price": "21.72",
            "revenue": 141589
        },
        "2016-06": {
            "month": "2016-06",
            "price": "22.36",
            "revenue": 136442
        },
        "2016-07": {
            "month": "2016-07",
            "price": "22.39",
            "revenue": 132920
        },
        "2016-08": {
            "month": "2016-08",
            "price": "20.71",
            "revenue": 137052
        },
        "2016-09": {
            "month": "2016-09",
            "price": "20.10",
            "revenue": 140654
        },
        "2016-10": {
            "month": "2016-10",
            "price": "18.56",
            "revenue": 155567
        },
        "2016-11": {
            "month": "2016-11",
            "price": "17.93",
            "revenue": 162999
        },
        "2016-12": {
            "month": "2016-12",
            "price": "19.32",
            "revenue": 160025
        },
        "2017-01": {
            "month": "2017-01",
            "price": "21.35",
            "revenue": 141844
        },
        "2017-02": {
            "month": "2017-02",
            "price": "26.37",
            "revenue": 147668
        },
        "2017-03": {
            "month": "2017-03",
            "price": "28.94",
            "revenue": 170178
        },
        "2017-04": {
            "month": "2017-04",
            "price": "29.49",
            "revenue": 147940
        },
        "2017-05": {
            "month": "2017-05",
            "price": "31.33",
            "revenue": 160810
        },
        "2017-06": {
            "month": "2017-06",
            "price": "33.51",
            "revenue": 162237
        },
        "2017-07": {
            "month": "2017-07",
            "price": "30.90",
            "revenue": 141136
        },
        "2017-08": {
            "month": "2017-08",
            "price": "29.79",
            "revenue": 146423
        },
        "2017-09": {
            "month": "2017-09",
            "price": "29.45",
            "revenue": 166251
        },
        "2017-10": {
            "month": "2017-10",
            "price": "30.05",
            "revenue": 149824
        },
        "2017-11": {
            "month": "2017-11",
            "price": "29.02",
            "revenue": 159171
        },
        "2017-12": {
            "month": "2017-12",
            "price": "30.51",
            "revenue": 162338
        },
        "2018-01": {
            "month": "2018-01",
            "price": "39.66",
            "revenue": 156711
        },
        "2018-02": {
            "month": "2018-02",
            "price": "40.32",
            "revenue": 150522
        },
        "2018-03": {
            "month": "2018-03",
            "price": "39.75",
            "revenue": 155524
        },
        "2018-04": {
            "month": "2018-04",
            "price": "37.23",
            "revenue": 164797
        },
        "2018-05": {
            "month": "2018-05",
            "price": "34.47",
            "revenue": 186020
        },
        "2018-06": {
            "month": "2018-06",
            "price": "38.89",
            "revenue": 171289
        },
        "2018-07": {
            "month": "2018-07",
            "price": "44.12",
            "revenue": 182008
        },
        "2018-08": {
            "month": "2018-08",
            "price": "42.66",
            "revenue": 186398
        },
        "2018-09": {
            "month": "2018-09",
            "price": "35.51",
            "revenue": 194908
        },
        "2018-10": {
            "month": "2018-10",
            "price": "29.76",
            "revenue": 199471
        },
        "2018-11": {
            "month": "2018-11",
            "price": "31.22",
            "revenue": 187397
        },
        "2018-12": {
            "month": "2018-12",
            "price": "37.52",
            "revenue": 187177
        },
        "2019-01": {
            "month": "2019-01",
            "price": "37.23",
            "revenue": 199796
        },
        "2019-02": {
            "month": "2019-02",
            "price": "45.35",
            "revenue": 178842
        },
        "2019-03": {
            "month": "2019-03",
            "price": "46.08",
            "revenue": 216312
        },
        "2019-04": {
            "month": "2019-04",
            "price": "48.13",
            "revenue": 212824
        },
        "2019-05": {
            "month": "2019-05",
            "price": "43.98",
            "revenue": 222008
        },
        "2019-06": {
            "month": "2019-06",
            "price": "43.51",
            "revenue": 225673
        },
        "2019-07": {
            "month": "2019-07",
            "price": "57.88",
            "revenue": 251278
        },
        "2019-08": {
            "month": "2019-08",
            "price": "77.69",
            "revenue": 252076
        },
        "2019-09": {
            "month": "2019-09",
            "price": "72.50",
            "revenue": 230211
        },
        "2019-10": {
            "month": "2019-10",
            "price": "73.62",
            "revenue": 226951
        },
        "2019-11": {
            "month": "2019-11",
            "price": "73.83",
            "revenue": 232629
        },
        "2019-12": {
            "month": "2019-12",
            "price": "71.87",
            "revenue": 200459
        },
        "2020-01": {
            "month": "2020-01",
            "price": "69.14",
            "revenue": 187911
        },
        "2020-02": {
            "month": "2020-02",
            "price": "64.33",
            "revenue": 214313
        },
        "2020-03": {
            "month": "2020-03",
            "price": "49.40",
            "revenue": 224309
        },
        "2020-04": {
            "month": "2020-04",
            "price": "49.88",
            "revenue": 203680
        },
        "2020-05": {
            "month": "2020-05",
            "price": "49.88",
            "revenue": 193663
        },
        "2020-06": {
            "month": "2020-06",
            "price": "55.70",
            "revenue": 184874
        },
        "2020-07": {
            "month": "2020-07",
            "price": "52.67",
            "revenue": 197146
        },
        "2020-08": {
            "month": "2020-08",
            "price": "47.49",
            "revenue": 199546
        },
        "2020-09": {
            "month": "2020-09",
            "price": "47.77",
            "revenue": 194791
        },
        "2020-10": {
            "month": "2020-10",
            "price": "48.27",
            "revenue": 211479
        },
        "2020-11": {
            "month": "2020-11",
            "price": "49.72",
            "revenue": 213249
        },
        "2020-12": {
            "month": "2020-12",
            "price": "59.08",
            "revenue": 217216
        },
        "2021-01": {
            "month": "2021-01",
            "price": "54.58",
            "revenue": 226546
        },
        "2021-02": {
            "month": "2021-02",
            "price": "52.10",
            "revenue": 218515
        },
        "2021-03": {
            "month": "2021-03",
            "price": "54.45",
            "revenue": 226681
        },
        "2021-04": {
            "month": "2021-04",
            "price": "53.48",
            "revenue": 233617
        },
        "2021-05": {
            "month": "2021-05",
            "price": "45.08",
            "revenue": 230231
        },
        "2021-06": {
            "month": "2021-06",
            "price": "46.43",
            "revenue": 244303
        },
        "2021-07": {
            "month": "2021-07",
            "price": "52.02",
            "revenue": 225562
        },
        "2021-08": {
            "month": "2021-08",
            "price": "52.92",
            "revenue": 241587
        },
        "2021-09": {
            "month": "2021-09",
            "price": "51.96",
            "revenue": 241827
        },
        "2021-10": {
            "month": "2021-10",
            "price": "47.31",
            "revenue": 255005
        },
        "2021-11": {
            "month": "2021-11",
            "price": "50.82",
            "revenue": 253611
        },
        "2021-12": {
            "month": "2021-12",
            "price": "50.39",
            "revenue": 247734
        },
        "2022-01": {
            "month": "2022-01",
            "price": "52.06",
            "revenue": 260045
        },
        "2022-02": {
            "month": "2022-02",
            "price": "51.29",
            "revenue": 218593
        },
        "2022-03": {
            "month": "2022-03",
            "price": "53.13",
            "revenue": 248423
        },
        "2022-04": {
            "month": "2022-04",
            "price": "56.46",
            "revenue": 254780
        },
        "2022-05": {
            "month": "2022-05",
            "price": "57.75",
            "revenue": 221570
        },
        "2022-06": {
            "month": "2022-06",
            "price": "65.27",
            "revenue": 253693
        },
        "2022-07": {
            "month": "2022-07",
            "price": "62.89",
            "revenue": 266695
        },
        "2022-08": {
            "month": "2022-08",
            "price": "69.16",
            "revenue": 275108
        },
        "2022-09": {
            "month": "2022-09",
            "price": "62.39",
            "revenue": 282246
        },
        "2022-10": {
            "month": "2022-10",
            "price": "51.14",
            "revenue": 300211
        },
        "2022-11": {
            "month": "2022-11",
            "price": "54.35",
            "revenue": 292680
        },
        "2022-12": {
            "month": "2022-12",
            "price": "59.21",
            "revenue": 264009
        },
        "2023-01": {
            "month": "2023-01",
            "price": "57.37",
            "revenue": 260402
        },
        "2023-02": {
            "month": "2023-02",
            "price": "58.49",
            "revenue": 279464
        },
        "2023-03": {
            "month": "2023-03",
            "price": "58.22",
            "revenue": 312385
        },
        "2023-04": {
            "month": "2023-04",
            "price": "60.08",
            "revenue": 307135
        }
    }
}
