{
    "summary": {
        "stock_name": "光菱",
        "stock_id": "8032",
        "category": "電子通路",
        "main_business": "電腦及電腦週邊設備之製造及進出口<br>電子零件、組件之製造及進出口<br>電視機、錄影機、收錄音機等電器用品及其零組件之進出口",
        "website_url": "http://www.koryo.com.tw",
        "ceo": "陳建龍",
        "pe_ratio": 12,
        "report_year_from": 2001,
        "report_year_to": 2023,
        "age": 22,
        "eps_negative_percentage": 0,
        "eps_growth_avg": {
            "last_all": 6.62,
            "last_2y": 35.58,
            "last_4y": 17.26,
            "last_8y": 3.72,
            "last_12y": 13.36,
            "last_16y": 14.36,
            "last_20y": null,
            "at_2006_last_3y": -33.76,
            "at_2007_last_3y": -1.47,
            "at_2008_last_3y": -9.93,
            "at_2009_last_3y": 17.61,
            "at_2010_last_3y": 48.42,
            "at_2011_last_3y": 19.11,
            "at_2012_last_3y": 24.25,
            "at_2013_last_3y": 35.06,
            "at_2014_last_3y": 8.05,
            "at_2015_last_3y": 4.46,
            "at_2016_last_3y": 8.93,
            "at_2017_last_3y": -13.2,
            "at_2018_last_3y": -4.41,
            "at_2019_last_3y": -8.41,
            "at_2020_last_3y": -10.11,
            "at_2021_last_3y": 16.06,
            "at_2022_last_3y": 14.8,
            "at_2023_last_3y": 14.8,
            "at_2006_last_all": -33.76,
            "at_2007_last_all": -7.01,
            "at_2008_last_all": -13.67,
            "at_2009_last_all": -5.91,
            "at_2010_last_all": 7.33,
            "at_2011_last_all": 4.6,
            "at_2012_last_all": 1.5,
            "at_2013_last_all": 8.99,
            "at_2014_last_all": 7.57,
            "at_2015_last_all": 4.56,
            "at_2016_last_all": 3.62,
            "at_2017_last_all": 3.07,
            "at_2018_last_all": 4.57,
            "at_2019_last_all": 1.51,
            "at_2020_last_all": 0.57,
            "at_2021_last_all": 5.8,
            "at_2022_last_all": 6.62,
            "at_2023_last_all": 6.62
        },
        "latest_eps": 2.75,
        "latest_price": 32,
        "latest_roe": 7.97,
        "latest_gross_margin": 12.2,
        "latest_equity": 1777793,
        "latest_revenue": 774577,
        "latest_gross_profit": 94480,
        "latest_net_income": 13056,
        "latest_debt_ratio": 49.23,
        "latest_current_ratio": 163.22,
        "latest_account_receivable_turnover_ratio": 0.71,
        "latest_inventory_turnover_ratio": 0.84,
        "latest_reinvestment_rate": 43.87,
        "latest_research_to_sale_ratio": 1.43
    },
    "eps_dividends": {
        "2001": {
            "cash": 0,
            "stock": 0,
            "eps": 0
        },
        "2002": {
            "cash": 0,
            "stock": 0,
            "eps": 5.28
        },
        "2003": {
            "cash": 1.6,
            "stock": 0.8,
            "eps": 3.74
        },
        "2004": {
            "cash": 1.6,
            "stock": 0.8,
            "eps": 3.25
        },
        "2005": {
            "cash": 1,
            "stock": 1,
            "eps": 0.99
        },
        "2006": {
            "cash": 0.6,
            "stock": 0.4,
            "eps": 0.76
        },
        "2007": {
            "cash": 0.7,
            "stock": 0,
            "eps": 1.81
        },
        "2008": {
            "cash": 1.4,
            "stock": 0,
            "eps": 0.96
        },
        "2009": {
            "cash": 0.5,
            "stock": 0,
            "eps": 1.35
        },
        "2010": {
            "cash": 1,
            "stock": 0,
            "eps": 3.66
        },
        "2011": {
            "cash": 1.2,
            "stock": 0,
            "eps": 3.03
        },
        "2012": {
            "cash": 1.3,
            "stock": 0,
            "eps": 2.23
        },
        "2013": {
            "cash": 1.3,
            "stock": 0,
            "eps": 4.1
        },
        "2014": {
            "cash": 2.2,
            "stock": 0,
            "eps": 3.77
        },
        "2015": {
            "cash": 2.3,
            "stock": 0,
            "eps": 2.58
        },
        "2016": {
            "cash": 1.3,
            "stock": 0,
            "eps": 2.36
        },
        "2017": {
            "cash": 1.8,
            "stock": 0,
            "eps": 2.25
        },
        "2018": {
            "cash": 1.7,
            "stock": 0,
            "eps": 2.86
        },
        "2019": {
            "cash": 2,
            "stock": 0,
            "eps": 1.5
        },
        "2020": {
            "cash": 1.13,
            "stock": 0,
            "eps": 1.27
        },
        "2021": {
            "cash": 1,
            "stock": 0,
            "eps": 2.9
        },
        "2022": {
            "cash": 1.8,
            "stock": 0,
            "eps": 3.54
        },
        "2023": {
            "cash": 2.2,
            "stock": 0,
            "eps": 0.25
        }
    },
    "dividends": {
        "2003-06-25": {
            "cash": 1.6,
            "stock": 0.8
        },
        "2004-03-31": {
            "cash": 1.6,
            "stock": 0.8
        },
        "2005-04-25": {
            "cash": 1,
            "stock": 1
        },
        "2006-04-17": {
            "cash": 0.6,
            "stock": 0.4
        },
        "2007-04-10": {
            "cash": 0.7,
            "stock": 0
        },
        "2008-04-03": {
            "cash": 1.4,
            "stock": 0
        },
        "2009-03-31": {
            "cash": 0.5,
            "stock": 0
        },
        "2010-03-26": {
            "cash": 1,
            "stock": 0
        },
        "2011-03-30": {
            "cash": 1.2,
            "stock": 0
        },
        "2012-06-28": {
            "cash": 1.3,
            "stock": 0
        },
        "2013-06-18": {
            "cash": 1.3,
            "stock": 0
        },
        "2014-08-15": {
            "cash": 2.2,
            "stock": 0
        },
        "2015-08-14": {
            "cash": 2.3,
            "stock": 0
        },
        "2016-08-12": {
            "cash": 1.3,
            "stock": 0
        },
        "2017-08-11": {
            "cash": 1.8,
            "stock": 0
        },
        "2018-08-17": {
            "cash": 1.7,
            "stock": 0
        },
        "2019-08-09": {
            "cash": 2,
            "stock": 0
        },
        "2020-08-07": {
            "cash": 1.13,
            "stock": 0
        },
        "2021-09-17": {
            "cash": 1,
            "stock": 0
        },
        "2022-09-16": {
            "cash": 1.8,
            "stock": 0
        },
        "2023-03-23": {
            "cash": 2.2,
            "stock": 0
        }
    },
    "prices": {
        "200101": "無",
        "200102": "無",
        "200103": "無",
        "200104": "無",
        "200105": "無",
        "200106": "無",
        "200107": "無",
        "200108": "無",
        "200109": "無",
        "200110": "無",
        "200111": "無",
        "200112": "無",
        "200201": "無",
        "200202": "無",
        "200203": "無",
        "200204": "無",
        "200205": "無",
        "200206": "無",
        "200207": "無",
        "200208": "無",
        "200209": "無",
        "200210": "無",
        "200211": "無",
        "200212": "無",
        "200301": "無",
        "200302": "無",
        "200303": "無",
        "200304": "無",
        "200305": "無",
        "200306": "無",
        "200307": "無",
        "200308": "無",
        "200309": "無",
        "200310": "35.15",
        "200311": "37.22",
        "200312": "38.27",
        "200401": "38.53",
        "200402": "42.02",
        "200403": "41.55",
        "200404": "41.47",
        "200405": "35.62",
        "200406": "33.32",
        "200407": "29.42",
        "200408": "23.87",
        "200409": "26.48",
        "200410": "27.56",
        "200411": "25.89",
        "200412": "24.55",
        "200501": "23.20",
        "200502": "24.87",
        "200503": "25.92",
        "200504": "25.51",
        "200505": "24.49",
        "200506": "25.48",
        "200507": "29.94",
        "200508": "39.01",
        "200509": "38.55",
        "200510": "30.11",
        "200511": "26.70",
        "200512": "26.80",
        "200601": "27.38",
        "200602": "25.94",
        "200603": "25.37",
        "200604": "25.69",
        "200605": "24.86",
        "200606": "17.19",
        "200607": "15.49",
        "200608": "15.92",
        "200609": "13.89",
        "200610": "13.90",
        "200611": "15.83",
        "200612": "16.00",
        "200701": "16.99",
        "200702": "15.57",
        "200703": "15.29",
        "200704": "17.35",
        "200705": "17.88",
        "200706": "21.00",
        "200707": "21.53",
        "200708": "19.82",
        "200709": "20.37",
        "200710": "21.56",
        "200711": "20.01",
        "200712": "17.64",
        "200801": "15.41",
        "200802": "14.59",
        "200803": "15.36",
        "200804": "17.14",
        "200805": "16.93",
        "200806": "15.11",
        "200807": "13.55",
        "200808": "11.80",
        "200809": "9.09",
        "200810": "7.36",
        "200811": "7.05",
        "200812": "6.59",
        "200901": "6.21",
        "200902": "6.53",
        "200903": "7.84",
        "200904": "9.53",
        "200905": "10.69",
        "200906": "10.29",
        "200907": "11.34",
        "200908": "12.62",
        "200909": "15.19",
        "200910": "19.16",
        "200911": "18.13",
        "200912": "18.78",
        "201001": "19.24",
        "201002": "17.91",
        "201003": "20.12",
        "201004": "26.87",
        "201005": "27.35",
        "201006": "25.90",
        "201007": "28.52",
        "201008": "35.02",
        "201009": "35.29",
        "201010": "36.95",
        "201011": "32.60",
        "201012": "34.21",
        "201101": "33.29",
        "201102": "31.69",
        "201103": "30.26",
        "201104": "27.86",
        "201105": "25.58",
        "201106": "23.46",
        "201107": "23.02",
        "201108": "25.64",
        "201109": "34.26",
        "201110": "32.47",
        "201111": "29.54",
        "201112": "27.06",
        "201201": "25.45",
        "201202": "28.08",
        "201203": "28.65",
        "201204": "26.29",
        "201205": "26.78",
        "201206": "26.13",
        "201207": "26.41",
        "201208": "25.11",
        "201209": "24.39",
        "201210": "22.82",
        "201211": "21.75",
        "201212": "22.00",
        "201301": "23.33",
        "201302": "25.43",
        "201303": "25.75",
        "201304": "25.99",
        "201305": "28.70",
        "201306": "29.55",
        "201307": "28.90",
        "201308": "33.13",
        "201309": "34.12",
        "201310": "34.52",
        "201311": "34.46",
        "201312": "35.75",
        "201401": "37.78",
        "201402": "39.44",
        "201403": "38.45",
        "201404": "37.15",
        "201405": "36.10",
        "201406": "37.69",
        "201407": "36.52",
        "201408": "36.07",
        "201409": "35.52",
        "201410": "32.79",
        "201411": "32.50",
        "201412": "32.11",
        "201501": "32.58",
        "201502": "32.57",
        "201503": "32.53",
        "201504": "33.30",
        "201505": "32.14",
        "201506": "30.70",
        "201507": "31.44",
        "201508": "28.71",
        "201509": "27.71",
        "201510": "27.61",
        "201511": "28.31",
        "201512": "27.98",
        "201601": "27.11",
        "201602": "26.97",
        "201603": "29.83",
        "201604": "28.76",
        "201605": "25.75",
        "201606": "24.74",
        "201607": "24.80",
        "201608": "24.97",
        "201609": "25.16",
        "201610": "25.06",
        "201611": "24.58",
        "201612": "24.63",
        "201701": "24.90",
        "201702": "24.89",
        "201703": "25.24",
        "201704": "26.48",
        "201705": "25.62",
        "201706": "25.21",
        "201707": "24.68",
        "201708": "24.50",
        "201709": "24.52",
        "201710": "23.34",
        "201711": "23.61",
        "201712": "23.75",
        "201801": "23.97",
        "201802": "23.67",
        "201803": "24.28",
        "201804": "26.06",
        "201805": "25.31",
        "201806": "28.23",
        "201807": "27.61",
        "201808": "26.06",
        "201809": "25.51",
        "201810": "24.00",
        "201811": "24.32",
        "201812": "24.82",
        "201901": "25.26",
        "201902": "26.05",
        "201903": "27.11",
        "201904": "27.53",
        "201905": "27.58",
        "201906": "27.67",
        "201907": "27.22",
        "201908": "25.18",
        "201909": "25.11",
        "201910": "24.83",
        "201911": "24.74",
        "201912": "25.19",
        "202001": "25.08",
        "202002": "24.09",
        "202003": "22.38",
        "202004": "22.26",
        "202005": "22.57",
        "202006": "22.97",
        "202007": "22.14",
        "202008": "21.25",
        "202009": "21.39",
        "202010": "21.45",
        "202011": "21.32",
        "202012": "21.68",
        "202101": "22.09",
        "202102": "22.18",
        "202103": "23.10",
        "202104": "24.46",
        "202105": "23.15",
        "202106": "23.76",
        "202107": "24.29",
        "202108": "25.75",
        "202109": "29.64",
        "202110": "30.70",
        "202111": "28.63",
        "202112": "28.65",
        "202201": "27.84",
        "202202": "28.48",
        "202203": "28.18",
        "202204": "28.22",
        "202205": "28.35",
        "202206": "31.43",
        "202207": "30.34",
        "202208": "33.66",
        "202209": "30.84",
        "202210": "29.16",
        "202211": "29.79",
        "202212": "29.72",
        "202301": "30.14",
        "202302": "31.18",
        "202303": "31.81",
        "202304": "31.56",
        "202305": "30.75",
        "202306": "31.72"
    },
    "quarters": {
        "20011": {
            "year_quarter": 20011,
            "year": 2001,
            "quarter": 1,
            "eps": null,
            "eps_growth_year": null,
            "eps_4q": null,
            "eps_4q_growth_year": null,
            "roe": null,
            "roe_4q": 0,
            "gross_profit": null,
            "gross_margin": null,
            "gross_margin_4q_avg": 0,
            "net_income": null,
            "revenue": null,
            "common_shares": null,
            "book_valuer_per_share": null,
            "book_valuer_per_share_4q_avg": 0,
            "equity": null,
            "current_ratio": null,
            "debt_ratio": null,
            "inventory_turnover_ratio": null,
            "account_receivable_turnover_ratio": null,
            "reinvestment_rate": null,
            "research_to_sale_ratio": null,
            "price_fair": 0,
            "eps_avg_yearly": 0,
            "eps_latest_yearly": 0,
            "eps_growth_yearly": 0
        },
        "20012": {
            "year_quarter": 20012,
            "year": 2001,
            "quarter": 2,
            "eps": null,
            "eps_growth_year": null,
            "eps_4q": null,
            "eps_4q_growth_year": null,
            "roe": null,
            "roe_4q": 0,
            "gross_profit": null,
            "gross_margin": null,
            "gross_margin_4q_avg": 0,
            "net_income": null,
            "revenue": null,
            "common_shares": null,
            "book_valuer_per_share": null,
            "book_valuer_per_share_4q_avg": 0,
            "equity": null,
            "current_ratio": null,
            "debt_ratio": null,
            "inventory_turnover_ratio": null,
            "account_receivable_turnover_ratio": null,
            "reinvestment_rate": null,
            "research_to_sale_ratio": null,
            "price_fair": 0,
            "eps_avg_yearly": 0,
            "eps_latest_yearly": 0,
            "eps_growth_yearly": 0
        },
        "20013": {
            "year_quarter": 20013,
            "year": 2001,
            "quarter": 3,
            "eps": null,
            "eps_growth_year": null,
            "eps_4q": null,
            "eps_4q_growth_year": null,
            "roe": null,
            "roe_4q": 0,
            "gross_profit": null,
            "gross_margin": null,
            "gross_margin_4q_avg": 0,
            "net_income": null,
            "revenue": null,
            "common_shares": null,
            "book_valuer_per_share": null,
            "book_valuer_per_share_4q_avg": 0,
            "equity": null,
            "current_ratio": null,
            "debt_ratio": null,
            "inventory_turnover_ratio": null,
            "account_receivable_turnover_ratio": null,
            "reinvestment_rate": null,
            "research_to_sale_ratio": null,
            "price_fair": 0,
            "eps_avg_yearly": 0,
            "eps_latest_yearly": 0,
            "eps_growth_yearly": 0
        },
        "20014": {
            "year_quarter": 20014,
            "year": 2001,
            "quarter": 4,
            "eps": null,
            "eps_growth_year": null,
            "eps_4q": null,
            "eps_4q_growth_year": null,
            "roe": null,
            "roe_4q": 0,
            "gross_profit": null,
            "gross_margin": null,
            "gross_margin_4q_avg": 0,
            "net_income": null,
            "revenue": null,
            "common_shares": 339780,
            "book_valuer_per_share": 15.95,
            "book_valuer_per_share_4q_avg": 3.99,
            "equity": 542093,
            "current_ratio": 150.71,
            "debt_ratio": 50.13,
            "inventory_turnover_ratio": null,
            "account_receivable_turnover_ratio": null,
            "reinvestment_rate": null,
            "research_to_sale_ratio": null,
            "price_fair": 0,
            "eps_avg_yearly": 0,
            "eps_latest_yearly": 0,
            "eps_growth_yearly": 0
        },
        "20021": {
            "year_quarter": 20021,
            "year": 2002,
            "quarter": 1,
            "eps": 1.79,
            "eps_growth_year": null,
            "eps_4q": null,
            "eps_4q_growth_year": null,
            "roe": 10.63,
            "roe_4q": 10.63,
            "gross_profit": 88146,
            "gross_margin": 12.9,
            "gross_margin_4q_avg": 3.23,
            "net_income": 60884,
            "revenue": 683300,
            "common_shares": 339780,
            "book_valuer_per_share": 17.75,
            "book_valuer_per_share_4q_avg": 8.43,
            "equity": 603069,
            "current_ratio": 147.49,
            "debt_ratio": 49.91,
            "inventory_turnover_ratio": 5.77,
            "account_receivable_turnover_ratio": null,
            "reinvestment_rate": null,
            "research_to_sale_ratio": null,
            "price_fair": 0,
            "eps_avg_yearly": 0,
            "eps_latest_yearly": 0,
            "eps_growth_yearly": 0
        },
        "20022": {
            "year_quarter": 20022,
            "year": 2002,
            "quarter": 2,
            "eps": 1.11,
            "eps_growth_year": null,
            "eps_4q": null,
            "eps_4q_growth_year": null,
            "roe": 7.49,
            "roe_4q": 18.12,
            "gross_profit": 19942,
            "gross_margin": 2.86,
            "gross_margin_4q_avg": 3.94,
            "net_income": 45499,
            "revenue": 696454,
            "common_shares": 339780,
            "book_valuer_per_share": 17.99,
            "book_valuer_per_share_4q_avg": 12.92,
            "equity": 611220,
            "current_ratio": 136.19,
            "debt_ratio": 57.77,
            "inventory_turnover_ratio": 5.27,
            "account_receivable_turnover_ratio": null,
            "reinvestment_rate": null,
            "research_to_sale_ratio": null,
            "price_fair": 13.32,
            "eps_avg_yearly": 4.44,
            "eps_latest_yearly": 4.44,
            "eps_growth_yearly": -151.96
        },
        "20023": {
            "year_quarter": 20023,
            "year": 2002,
            "quarter": 3,
            "eps": 0.96,
            "eps_growth_year": null,
            "eps_4q": null,
            "eps_4q_growth_year": null,
            "roe": 5.74,
            "roe_4q": 23.86,
            "gross_profit": 66093,
            "gross_margin": 9.39,
            "gross_margin_4q_avg": 6.29,
            "net_income": 36118,
            "revenue": 703676,
            "common_shares": 377000,
            "book_valuer_per_share": 17.17,
            "book_valuer_per_share_4q_avg": 17.22,
            "equity": 647276,
            "current_ratio": 148.9,
            "debt_ratio": 51.98,
            "inventory_turnover_ratio": 2.96,
            "account_receivable_turnover_ratio": null,
            "reinvestment_rate": null,
            "research_to_sale_ratio": null,
            "price_fair": 12.42,
            "eps_avg_yearly": 4.14,
            "eps_latest_yearly": 3.84,
            "eps_growth_yearly": -103
        },
        "20024": {
            "year_quarter": 20024,
            "year": 2002,
            "quarter": 4,
            "eps": 1.42,
            "eps_growth_year": null,
            "eps_4q": 5.21,
            "eps_4q_growth_year": null,
            "roe": 7.92,
            "roe_4q": 31.78,
            "gross_profit": 77374,
            "gross_margin": 10.24,
            "gross_margin_4q_avg": 8.85,
            "net_income": 53355,
            "revenue": 755413,
            "common_shares": 377000,
            "book_valuer_per_share": 18.59,
            "book_valuer_per_share_4q_avg": 17.88,
            "equity": 700666,
            "current_ratio": 136.2,
            "debt_ratio": 62.47,
            "inventory_turnover_ratio": 2.53,
            "account_receivable_turnover_ratio": null,
            "reinvestment_rate": null,
            "research_to_sale_ratio": null,
            "price_fair": 13.96,
            "eps_avg_yearly": 4.65,
            "eps_latest_yearly": 5.68,
            "eps_growth_yearly": -4.78
        },
        "20031": {
            "year_quarter": 20031,
            "year": 2003,
            "quarter": 1,
            "eps": 1.01,
            "eps_growth_year": -43.58,
            "eps_4q": 4.58,
            "eps_4q_growth_year": null,
            "roe": 5.31,
            "roe_4q": 26.46,
            "gross_profit": 72176,
            "gross_margin": 10.97,
            "gross_margin_4q_avg": 8.37,
            "net_income": 38236,
            "revenue": 657756,
            "common_shares": 377000,
            "book_valuer_per_share": 19.59,
            "book_valuer_per_share_4q_avg": 18.34,
            "equity": 738714,
            "current_ratio": 159.79,
            "debt_ratio": 47.35,
            "inventory_turnover_ratio": 2.48,
            "account_receivable_turnover_ratio": null,
            "reinvestment_rate": null,
            "research_to_sale_ratio": null,
            "price_fair": 13.5,
            "eps_avg_yearly": 4.5,
            "eps_latest_yearly": 4.04,
            "eps_growth_yearly": -32.46
        },
        "20032": {
            "year_quarter": 20032,
            "year": 2003,
            "quarter": 2,
            "eps": 0.58,
            "eps_growth_year": -47.75,
            "eps_4q": 3.69,
            "eps_4q_growth_year": null,
            "roe": 3.33,
            "roe_4q": 22.300000000000004,
            "gross_profit": 67374,
            "gross_margin": 9.89,
            "gross_margin_4q_avg": 10.12,
            "net_income": 23804,
            "revenue": 681321,
            "common_shares": 377000,
            "book_valuer_per_share": 18.34,
            "book_valuer_per_share_4q_avg": 18.42,
            "equity": 691419,
            "current_ratio": 148.48,
            "debt_ratio": 52.11,
            "inventory_turnover_ratio": 2.96,
            "account_receivable_turnover_ratio": null,
            "reinvestment_rate": null,
            "research_to_sale_ratio": null,
            "price_fair": 12.19,
            "eps_avg_yearly": 4.06,
            "eps_latest_yearly": 2.32,
            "eps_growth_yearly": -60.03
        },
        "20033": {
            "year_quarter": 20033,
            "year": 2003,
            "quarter": 3,
            "eps": 1.19,
            "eps_growth_year": 23.96,
            "eps_4q": 3.99,
            "eps_4q_growth_year": null,
            "roe": 6.86,
            "roe_4q": 23.42,
            "gross_profit": 66996,
            "gross_margin": 10.37,
            "gross_margin_4q_avg": 10.37,
            "net_income": 49022,
            "revenue": 645870,
            "common_shares": 411330,
            "book_valuer_per_share": 17.95,
            "book_valuer_per_share_4q_avg": 18.62,
            "equity": 738384,
            "current_ratio": 175.85,
            "debt_ratio": 41.71,
            "inventory_turnover_ratio": 2.73,
            "account_receivable_turnover_ratio": null,
            "reinvestment_rate": null,
            "research_to_sale_ratio": null,
            "price_fair": 125.79,
            "eps_avg_yearly": 4.18,
            "eps_latest_yearly": 4.76,
            "eps_growth_yearly": 20.09
        },
        "20034": {
            "year_quarter": 20034,
            "year": 2003,
            "quarter": 4,
            "eps": 0.96,
            "eps_growth_year": -32.39,
            "eps_4q": 3.66,
            "eps_4q_growth_year": -29.74,
            "roe": 5.21,
            "roe_4q": 20.71,
            "gross_profit": 67118,
            "gross_margin": 9.61,
            "gross_margin_4q_avg": 10.21,
            "net_income": 39451,
            "revenue": 698395,
            "common_shares": 411330,
            "book_valuer_per_share": 18.86,
            "book_valuer_per_share_4q_avg": 18.69,
            "equity": 775852,
            "current_ratio": 172.39,
            "debt_ratio": 47.26,
            "inventory_turnover_ratio": 2.75,
            "account_receivable_turnover_ratio": null,
            "reinvestment_rate": null,
            "research_to_sale_ratio": null,
            "price_fair": 66.84,
            "eps_avg_yearly": 4.13,
            "eps_latest_yearly": 3.84,
            "eps_growth_yearly": 6.18
        },
        "20041": {
            "year_quarter": 20041,
            "year": 2004,
            "quarter": 1,
            "eps": 1.1,
            "eps_growth_year": 8.91,
            "eps_4q": 3.84,
            "eps_4q_growth_year": -16.15,
            "roe": 5.66,
            "roe_4q": 21.060000000000002,
            "gross_profit": 68543,
            "gross_margin": 8.33,
            "gross_margin_4q_avg": 9.55,
            "net_income": 45137,
            "revenue": 822738,
            "common_shares": 411330,
            "book_valuer_per_share": 19.89,
            "book_valuer_per_share_4q_avg": 18.76,
            "equity": 818293,
            "current_ratio": 188.95,
            "debt_ratio": 40.55,
            "inventory_turnover_ratio": 3.42,
            "account_receivable_turnover_ratio": null,
            "reinvestment_rate": null,
            "research_to_sale_ratio": null,
            "price_fair": 94.53,
            "eps_avg_yearly": 4.17,
            "eps_latest_yearly": 4.4,
            "eps_growth_yearly": 12.7
        },
        "20042": {
            "year_quarter": 20042,
            "year": 2004,
            "quarter": 2,
            "eps": 1.04,
            "eps_growth_year": 79.31,
            "eps_4q": 4.01,
            "eps_4q_growth_year": 8.58,
            "roe": 5.82,
            "roe_4q": 23.55,
            "gross_profit": 81538,
            "gross_margin": 8.78,
            "gross_margin_4q_avg": 9.27,
            "net_income": 46813,
            "revenue": 928303,
            "common_shares": 411330,
            "book_valuer_per_share": 19.21,
            "book_valuer_per_share_4q_avg": 18.98,
            "equity": 790043,
            "current_ratio": 158.52,
            "debt_ratio": 49.36,
            "inventory_turnover_ratio": 3.74,
            "account_receivable_turnover_ratio": null,
            "reinvestment_rate": null,
            "research_to_sale_ratio": null,
            "price_fair": 78.55,
            "eps_avg_yearly": 4.16,
            "eps_latest_yearly": 4.16,
            "eps_growth_yearly": 8.86
        },
        "20043": {
            "year_quarter": 20043,
            "year": 2004,
            "quarter": 3,
            "eps": 0.96,
            "eps_growth_year": -19.33,
            "eps_4q": 3.9,
            "eps_4q_growth_year": -2.27,
            "roe": 5.33,
            "roe_4q": 22.020000000000003,
            "gross_profit": 70093,
            "gross_margin": 6.77,
            "gross_margin_4q_avg": 8.37,
            "net_income": 42898,
            "revenue": 1035380,
            "common_shares": 448060,
            "book_valuer_per_share": 18.3,
            "book_valuer_per_share_4q_avg": 19.07,
            "equity": 819984,
            "current_ratio": 150,
            "debt_ratio": 54.69,
            "inventory_turnover_ratio": 3.25,
            "account_receivable_turnover_ratio": null,
            "reinvestment_rate": null,
            "research_to_sale_ratio": null,
            "price_fair": 61.56,
            "eps_avg_yearly": 4.13,
            "eps_latest_yearly": 3.84,
            "eps_growth_yearly": 4.9
        },
        "20044": {
            "year_quarter": 20044,
            "year": 2004,
            "quarter": 4,
            "eps": 0.15,
            "eps_growth_year": -84.38,
            "eps_4q": 3.13,
            "eps_4q_growth_year": -14.56,
            "roe": 0.82,
            "roe_4q": 17.630000000000003,
            "gross_profit": 52571,
            "gross_margin": 4.15,
            "gross_margin_4q_avg": 7.01,
            "net_income": 6789,
            "revenue": 1266516,
            "common_shares": 448060,
            "book_valuer_per_share": 18.18,
            "book_valuer_per_share_4q_avg": 18.9,
            "equity": 830299,
            "current_ratio": 153.65,
            "debt_ratio": 57.75,
            "inventory_turnover_ratio": 3.32,
            "account_receivable_turnover_ratio": null,
            "reinvestment_rate": null,
            "research_to_sale_ratio": null,
            "price_fair": 11.43,
            "eps_avg_yearly": 3.81,
            "eps_latest_yearly": 0.6,
            "eps_growth_yearly": -26.23
        },
        "20051": {
            "year_quarter": 20051,
            "year": 2005,
            "quarter": 1,
            "eps": 0.61,
            "eps_growth_year": -44.55,
            "eps_4q": 2.76,
            "eps_4q_growth_year": -28.05,
            "roe": 3.28,
            "roe_4q": 15.25,
            "gross_profit": 62006,
            "gross_margin": 5.54,
            "gross_margin_4q_avg": 6.31,
            "net_income": 27376,
            "revenue": 1119321,
            "common_shares": 448060,
            "book_valuer_per_share": 18.7,
            "book_valuer_per_share_4q_avg": 18.6,
            "equity": 837816,
            "current_ratio": 172.24,
            "debt_ratio": 47.63,
            "inventory_turnover_ratio": 2.92,
            "account_receivable_turnover_ratio": null,
            "reinvestment_rate": null,
            "research_to_sale_ratio": null,
            "price_fair": 129.38,
            "eps_avg_yearly": 3.7,
            "eps_latest_yearly": 2.44,
            "eps_growth_yearly": 78.18
        },
        "20052": {
            "year_quarter": 20052,
            "year": 2005,
            "quarter": 2,
            "eps": 0.24,
            "eps_growth_year": -76.92,
            "eps_4q": 1.78,
            "eps_4q_growth_year": -55.56,
            "roe": 1.47,
            "roe_4q": 10.9,
            "gross_profit": 68576,
            "gross_margin": 6.25,
            "gross_margin_4q_avg": 5.68,
            "net_income": 11999,
            "revenue": 1096832,
            "common_shares": 448060,
            "book_valuer_per_share": 17.71,
            "book_valuer_per_share_4q_avg": 18.22,
            "equity": 793426,
            "current_ratio": 169.97,
            "debt_ratio": 47.93,
            "inventory_turnover_ratio": 3.56,
            "account_receivable_turnover_ratio": null,
            "reinvestment_rate": null,
            "research_to_sale_ratio": null,
            "price_fair": 122.02,
            "eps_avg_yearly": 3.49,
            "eps_latest_yearly": 0.96,
            "eps_growth_yearly": 53.5
        },
        "20053": {
            "year_quarter": 20053,
            "year": 2005,
            "quarter": 3,
            "eps": 0.52,
            "eps_growth_year": -45.83,
            "eps_4q": 1.45,
            "eps_4q_growth_year": -62.76,
            "roe": 3.19,
            "roe_4q": 8.76,
            "gross_profit": 79544,
            "gross_margin": 10.56,
            "gross_margin_4q_avg": 6.63,
            "net_income": 25743,
            "revenue": 753501,
            "common_shares": 496847,
            "book_valuer_per_share": 16.48,
            "book_valuer_per_share_4q_avg": 17.77,
            "equity": 818725,
            "current_ratio": 188.9,
            "debt_ratio": 42.59,
            "inventory_turnover_ratio": 2.59,
            "account_receivable_turnover_ratio": null,
            "reinvestment_rate": null,
            "research_to_sale_ratio": null,
            "price_fair": 118.5,
            "eps_avg_yearly": 3.39,
            "eps_latest_yearly": 2.08,
            "eps_growth_yearly": 83.01
        },
        "20054": {
            "year_quarter": 20054,
            "year": 2005,
            "quarter": 4,
            "eps": -0.38,
            "eps_growth_year": -353.33,
            "eps_4q": 0.86,
            "eps_4q_growth_year": -72.48,
            "roe": -2.24,
            "roe_4q": 5.699999999999999,
            "gross_profit": 40659,
            "gross_margin": 6.02,
            "gross_margin_4q_avg": 7.09,
            "net_income": -18666,
            "revenue": 675605,
            "common_shares": 496847,
            "book_valuer_per_share": 16.68,
            "book_valuer_per_share_4q_avg": 17.39,
            "equity": 847265,
            "current_ratio": 183.29,
            "debt_ratio": 48.06,
            "inventory_turnover_ratio": 1.84,
            "account_receivable_turnover_ratio": null,
            "reinvestment_rate": 0.87,
            "research_to_sale_ratio": null,
            "price_fair": 118.5,
            "eps_avg_yearly": 3.39,
            "eps_latest_yearly": 2.08,
            "eps_growth_yearly": 83.01
        },
        "20061": {
            "year_quarter": 20061,
            "year": 2006,
            "quarter": 1,
            "eps": 0.4,
            "eps_growth_year": -34.43,
            "eps_4q": 0.79,
            "eps_4q_growth_year": -71.54,
            "roe": 2.34,
            "roe_4q": 4.76,
            "gross_profit": 73418,
            "gross_margin": 8.45,
            "gross_margin_4q_avg": 7.82,
            "net_income": 19797,
            "revenue": 868745,
            "common_shares": 496847,
            "book_valuer_per_share": 17.04,
            "book_valuer_per_share_4q_avg": 16.98,
            "equity": 846580,
            "current_ratio": 172.25,
            "debt_ratio": 47.72,
            "inventory_turnover_ratio": 2.25,
            "account_receivable_turnover_ratio": null,
            "reinvestment_rate": -0.36,
            "research_to_sale_ratio": null,
            "price_fair": 118.5,
            "eps_avg_yearly": 3.39,
            "eps_latest_yearly": 2.08,
            "eps_growth_yearly": 83.01
        },
        "20062": {
            "year_quarter": 20062,
            "year": 2006,
            "quarter": 2,
            "eps": 0.18,
            "eps_growth_year": -25,
            "eps_4q": 0.72,
            "eps_4q_growth_year": -59.78,
            "roe": 1.08,
            "roe_4q": 4.369999999999999,
            "gross_profit": 76417,
            "gross_margin": 8.96,
            "gross_margin_4q_avg": 8.5,
            "net_income": 9017,
            "revenue": 852749,
            "common_shares": 496847,
            "book_valuer_per_share": 16.54,
            "book_valuer_per_share_4q_avg": 16.69,
            "equity": 821821,
            "current_ratio": 168.63,
            "debt_ratio": 48.4,
            "inventory_turnover_ratio": 2.66,
            "account_receivable_turnover_ratio": null,
            "reinvestment_rate": -0.33,
            "research_to_sale_ratio": null,
            "price_fair": 109.2,
            "eps_avg_yearly": 3.12,
            "eps_latest_yearly": 0.72,
            "eps_growth_yearly": 78.15
        },
        "20063": {
            "year_quarter": 20063,
            "year": 2006,
            "quarter": 3,
            "eps": -0.02,
            "eps_growth_year": -103.85,
            "eps_4q": 0.18,
            "eps_4q_growth_year": -87.7,
            "roe": -0.11,
            "roe_4q": 1.0699999999999998,
            "gross_profit": 43454,
            "gross_margin": 5.14,
            "gross_margin_4q_avg": 7.14,
            "net_income": -895,
            "revenue": 845534,
            "common_shares": 518103,
            "book_valuer_per_share": 16.19,
            "book_valuer_per_share_4q_avg": 16.61,
            "equity": 838737,
            "current_ratio": 182.47,
            "debt_ratio": 43.65,
            "inventory_turnover_ratio": 2.97,
            "account_receivable_turnover_ratio": null,
            "reinvestment_rate": -0.49,
            "research_to_sale_ratio": null,
            "price_fair": 107.26,
            "eps_avg_yearly": 3.06,
            "eps_latest_yearly": 0.72,
            "eps_growth_yearly": 88.32
        },
        "20064": {
            "year_quarter": 20064,
            "year": 2006,
            "quarter": 4,
            "eps": 0.2,
            "eps_growth_year": null,
            "eps_4q": 0.74,
            "eps_4q_growth_year": -14.63,
            "roe": 1.22,
            "roe_4q": 4.529999999999999,
            "gross_profit": 59491,
            "gross_margin": 7.71,
            "gross_margin_4q_avg": 7.57,
            "net_income": 10435,
            "revenue": 771335,
            "common_shares": 518103,
            "book_valuer_per_share": 16.37,
            "book_valuer_per_share_4q_avg": 16.54,
            "equity": 874216,
            "current_ratio": 198.93,
            "debt_ratio": 44.26,
            "inventory_turnover_ratio": 2.46,
            "account_receivable_turnover_ratio": null,
            "reinvestment_rate": 1.14,
            "research_to_sale_ratio": null,
            "price_fair": 99.63,
            "eps_avg_yearly": 2.85,
            "eps_latest_yearly": 0.72,
            "eps_growth_yearly": 79.71
        },
        "20071": {
            "year_quarter": 20071,
            "year": 2007,
            "quarter": 1,
            "eps": 0.38,
            "eps_growth_year": -5,
            "eps_4q": 0.73,
            "eps_4q_growth_year": -6.52,
            "roe": 2.29,
            "roe_4q": 4.48,
            "gross_profit": 65979,
            "gross_margin": 8.64,
            "gross_margin_4q_avg": 7.61,
            "net_income": 19908,
            "revenue": 763413,
            "common_shares": 518103,
            "book_valuer_per_share": 16.73,
            "book_valuer_per_share_4q_avg": 16.46,
            "equity": 867001,
            "current_ratio": 205.66,
            "debt_ratio": 38.42,
            "inventory_turnover_ratio": 2.54,
            "account_receivable_turnover_ratio": null,
            "reinvestment_rate": -0.82,
            "research_to_sale_ratio": null,
            "price_fair": 92.28,
            "eps_avg_yearly": 2.64,
            "eps_latest_yearly": 1.52,
            "eps_growth_yearly": 119.34
        },
        "20072": {
            "year_quarter": 20072,
            "year": 2007,
            "quarter": 2,
            "eps": 0.63,
            "eps_growth_year": 250,
            "eps_4q": 1.2,
            "eps_4q_growth_year": 67.5,
            "roe": 3.77,
            "roe_4q": 7.17,
            "gross_profit": 77695,
            "gross_margin": 8.59,
            "gross_margin_4q_avg": 7.52,
            "net_income": 32542,
            "revenue": 904141,
            "common_shares": 518103,
            "book_valuer_per_share": 16.63,
            "book_valuer_per_share_4q_avg": 16.48,
            "equity": 861421,
            "current_ratio": 179.75,
            "debt_ratio": 44.49,
            "inventory_turnover_ratio": 3.94,
            "account_receivable_turnover_ratio": null,
            "reinvestment_rate": -0.25,
            "research_to_sale_ratio": null,
            "price_fair": 92.87,
            "eps_avg_yearly": 2.65,
            "eps_latest_yearly": 2.52,
            "eps_growth_yearly": 155.46
        },
        "20073": {
            "year_quarter": 20073,
            "year": 2007,
            "quarter": 3,
            "eps": 0.63,
            "eps_growth_year": null,
            "eps_4q": 1.83,
            "eps_4q_growth_year": 927.3,
            "roe": 3.75,
            "roe_4q": 11.03,
            "gross_profit": 80474,
            "gross_margin": 9.94,
            "gross_margin_4q_avg": 8.72,
            "net_income": 32886,
            "revenue": 809482,
            "common_shares": 518103,
            "book_valuer_per_share": 17.25,
            "book_valuer_per_share_4q_avg": 16.75,
            "equity": 893610,
            "current_ratio": 184.36,
            "debt_ratio": 42.84,
            "inventory_turnover_ratio": 3.49,
            "account_receivable_turnover_ratio": null,
            "reinvestment_rate": -0.17,
            "research_to_sale_ratio": null,
            "price_fair": 86.33,
            "eps_avg_yearly": 2.47,
            "eps_latest_yearly": 2.52,
            "eps_growth_yearly": 120.4
        },
        "20074": {
            "year_quarter": 20074,
            "year": 2007,
            "quarter": 4,
            "eps": 0.17,
            "eps_growth_year": -15,
            "eps_4q": 1.84,
            "eps_4q_growth_year": 149.94,
            "roe": 0.97,
            "roe_4q": 10.780000000000001,
            "gross_profit": 67694,
            "gross_margin": 9.35,
            "gross_margin_4q_avg": 9.13,
            "net_income": 8701,
            "revenue": 723928,
            "common_shares": 518103,
            "book_valuer_per_share": 17.46,
            "book_valuer_per_share_4q_avg": 17.02,
            "equity": 908072,
            "current_ratio": 204.44,
            "debt_ratio": 44.36,
            "inventory_turnover_ratio": 2.04,
            "account_receivable_turnover_ratio": null,
            "reinvestment_rate": -7.5,
            "research_to_sale_ratio": null,
            "price_fair": 77.12,
            "eps_avg_yearly": 2.2,
            "eps_latest_yearly": 0.68,
            "eps_growth_yearly": 102.5
        },
        "20081": {
            "year_quarter": 20081,
            "year": 2008,
            "quarter": 1,
            "eps": 0.14,
            "eps_growth_year": -63.16,
            "eps_4q": 1.57,
            "eps_4q_growth_year": 113.17,
            "roe": 0.8,
            "roe_4q": 9.29,
            "gross_profit": 84449,
            "gross_margin": 9.56,
            "gross_margin_4q_avg": 9.36,
            "net_income": 7272,
            "revenue": 883722,
            "common_shares": 518103,
            "book_valuer_per_share": 17.52,
            "book_valuer_per_share_4q_avg": 17.22,
            "equity": 911238,
            "current_ratio": 204.45,
            "debt_ratio": 44.63,
            "inventory_turnover_ratio": 1.62,
            "account_receivable_turnover_ratio": null,
            "reinvestment_rate": -7.99,
            "research_to_sale_ratio": null,
            "price_fair": 65.92,
            "eps_avg_yearly": 1.88,
            "eps_latest_yearly": 0.56,
            "eps_growth_yearly": 91.76
        },
        "20082": {
            "year_quarter": 20082,
            "year": 2008,
            "quarter": 2,
            "eps": 0.13,
            "eps_growth_year": -79.37,
            "eps_4q": 1.09,
            "eps_4q_growth_year": -8.95,
            "roe": 0.76,
            "roe_4q": 6.28,
            "gross_profit": 79857,
            "gross_margin": 7.76,
            "gross_margin_4q_avg": 9.15,
            "net_income": 6622,
            "revenue": 1029745,
            "common_shares": 518103,
            "book_valuer_per_share": 16.09,
            "book_valuer_per_share_4q_avg": 17.08,
            "equity": 836322,
            "current_ratio": 189.36,
            "debt_ratio": 48.02,
            "inventory_turnover_ratio": 1.81,
            "account_receivable_turnover_ratio": null,
            "reinvestment_rate": -9.87,
            "research_to_sale_ratio": null,
            "price_fair": 55.3,
            "eps_avg_yearly": 1.58,
            "eps_latest_yearly": 0.52,
            "eps_growth_yearly": 91.2
        },
        "20083": {
            "year_quarter": 20083,
            "year": 2008,
            "quarter": 3,
            "eps": 0.49,
            "eps_growth_year": -22.22,
            "eps_4q": 0.93,
            "eps_4q_growth_year": -49.57,
            "roe": 3,
            "roe_4q": 5.529999999999999,
            "gross_profit": 105410,
            "gross_margin": 10.44,
            "gross_margin_4q_avg": 9.28,
            "net_income": 25594,
            "revenue": 1010143,
            "common_shares": 518103,
            "book_valuer_per_share": 16.72,
            "book_valuer_per_share_4q_avg": 16.95,
            "equity": 869169,
            "current_ratio": 173.03,
            "debt_ratio": 53.5,
            "inventory_turnover_ratio": 1.61,
            "account_receivable_turnover_ratio": null,
            "reinvestment_rate": -10.63,
            "research_to_sale_ratio": null,
            "price_fair": 49.82,
            "eps_avg_yearly": 1.42,
            "eps_latest_yearly": 1.96,
            "eps_growth_yearly": 186.07
        },
        "20084": {
            "year_quarter": 20084,
            "year": 2008,
            "quarter": 4,
            "eps": 0.2,
            "eps_growth_year": 17.65,
            "eps_4q": 0.97,
            "eps_4q_growth_year": -47.39,
            "roe": 1.18,
            "roe_4q": 5.739999999999999,
            "gross_profit": 73796,
            "gross_margin": 7.83,
            "gross_margin_4q_avg": 8.9,
            "net_income": 10311,
            "revenue": 942869,
            "common_shares": 518103,
            "book_valuer_per_share": 16.96,
            "book_valuer_per_share_4q_avg": 16.82,
            "equity": 881870,
            "current_ratio": 204.81,
            "debt_ratio": 45.05,
            "inventory_turnover_ratio": 1.57,
            "account_receivable_turnover_ratio": 2.94,
            "reinvestment_rate": -13.51,
            "research_to_sale_ratio": null,
            "price_fair": 50.4,
            "eps_avg_yearly": 1.44,
            "eps_latest_yearly": 0.8,
            "eps_growth_yearly": 194.47
        },
        "20091": {
            "year_quarter": 20091,
            "year": 2009,
            "quarter": 1,
            "eps": 0.25,
            "eps_growth_year": 78.57,
            "eps_4q": 1.09,
            "eps_4q_growth_year": -30.28,
            "roe": 1.43,
            "roe_4q": 6.369999999999999,
            "gross_profit": 80816,
            "gross_margin": 10.41,
            "gross_margin_4q_avg": 9.11,
            "net_income": 12686,
            "revenue": 776431,
            "common_shares": 518103,
            "book_valuer_per_share": 17.24,
            "book_valuer_per_share_4q_avg": 16.75,
            "equity": 896745,
            "current_ratio": 233.46,
            "debt_ratio": 39.2,
            "inventory_turnover_ratio": 1.69,
            "account_receivable_turnover_ratio": 1.26,
            "reinvestment_rate": -14.13,
            "research_to_sale_ratio": null,
            "price_fair": 46.2,
            "eps_avg_yearly": 1.32,
            "eps_latest_yearly": 1,
            "eps_growth_yearly": 100.58
        },
        "20092": {
            "year_quarter": 20092,
            "year": 2009,
            "quarter": 2,
            "eps": 0.14,
            "eps_growth_year": 7.69,
            "eps_4q": 1.08,
            "eps_4q_growth_year": -1.34,
            "roe": 0.82,
            "roe_4q": 6.43,
            "gross_profit": 80559,
            "gross_margin": 8.48,
            "gross_margin_4q_avg": 9.29,
            "net_income": 7223,
            "revenue": 950029,
            "common_shares": 518103,
            "book_valuer_per_share": 16.82,
            "book_valuer_per_share_4q_avg": 16.94,
            "equity": 874681,
            "current_ratio": 194.31,
            "debt_ratio": 47.29,
            "inventory_turnover_ratio": 2.69,
            "account_receivable_turnover_ratio": 1.45,
            "reinvestment_rate": -14.82,
            "research_to_sale_ratio": null,
            "price_fair": 45.03,
            "eps_avg_yearly": 1.29,
            "eps_latest_yearly": 0.56,
            "eps_growth_yearly": 106.13
        },
        "20093": {
            "year_quarter": 20093,
            "year": 2009,
            "quarter": 3,
            "eps": 0.47,
            "eps_growth_year": -4.08,
            "eps_4q": 1.05,
            "eps_4q_growth_year": 13.65,
            "roe": 2.74,
            "roe_4q": 6.17,
            "gross_profit": 109650,
            "gross_margin": 10.15,
            "gross_margin_4q_avg": 9.22,
            "net_income": 24228,
            "revenue": 1080724,
            "common_shares": 518103,
            "book_valuer_per_share": 17.23,
            "book_valuer_per_share_4q_avg": 17.06,
            "equity": 895944,
            "current_ratio": 196.26,
            "debt_ratio": 47.05,
            "inventory_turnover_ratio": 3.47,
            "account_receivable_turnover_ratio": 1.33,
            "reinvestment_rate": -15.68,
            "research_to_sale_ratio": null,
            "price_fair": 44.45,
            "eps_avg_yearly": 1.27,
            "eps_latest_yearly": 1.88,
            "eps_growth_yearly": 145.81
        },
        "20094": {
            "year_quarter": 20094,
            "year": 2009,
            "quarter": 4,
            "eps": 0.49,
            "eps_growth_year": 145,
            "eps_4q": 1.34,
            "eps_4q_growth_year": 38.49,
            "roe": 2.8,
            "roe_4q": 7.79,
            "gross_profit": 110269,
            "gross_margin": 10.26,
            "gross_margin_4q_avg": 9.83,
            "net_income": 25399,
            "revenue": 1075149,
            "common_shares": 518103,
            "book_valuer_per_share": 17.71,
            "book_valuer_per_share_4q_avg": 17.25,
            "equity": 920807,
            "current_ratio": 185.46,
            "debt_ratio": 49.77,
            "inventory_turnover_ratio": 3.11,
            "account_receivable_turnover_ratio": 2.49,
            "reinvestment_rate": -5.18,
            "research_to_sale_ratio": null,
            "price_fair": 46.31,
            "eps_avg_yearly": 1.32,
            "eps_latest_yearly": 1.96,
            "eps_growth_yearly": 135.91
        },
        "20101": {
            "year_quarter": 20101,
            "year": 2010,
            "quarter": 1,
            "eps": 0.87,
            "eps_growth_year": 248,
            "eps_4q": 1.97,
            "eps_4q_growth_year": 80.21,
            "roe": 4.79,
            "roe_4q": 11.15,
            "gross_profit": 139377,
            "gross_margin": 11.37,
            "gross_margin_4q_avg": 10.07,
            "net_income": 45229,
            "revenue": 1225401,
            "common_shares": 518103,
            "book_valuer_per_share": 18.59,
            "book_valuer_per_share_4q_avg": 17.59,
            "equity": 966658,
            "current_ratio": 190.72,
            "debt_ratio": 48.7,
            "inventory_turnover_ratio": 3.04,
            "account_receivable_turnover_ratio": 1.29,
            "reinvestment_rate": -2.62,
            "research_to_sale_ratio": 0.86,
            "price_fair": 51.7,
            "eps_avg_yearly": 1.48,
            "eps_latest_yearly": 3.48,
            "eps_growth_yearly": 148.36
        },
        "20102": {
            "year_quarter": 20102,
            "year": 2010,
            "quarter": 2,
            "eps": 1.01,
            "eps_growth_year": 621.42,
            "eps_4q": 2.84,
            "eps_4q_growth_year": 163.29,
            "roe": 5.4,
            "roe_4q": 15.730000000000002,
            "gross_profit": 164827,
            "gross_margin": 10.25,
            "gross_margin_4q_avg": 10.51,
            "net_income": 52366,
            "revenue": 1607421,
            "common_shares": 518103,
            "book_valuer_per_share": 18.69,
            "book_valuer_per_share_4q_avg": 18.06,
            "equity": 971869,
            "current_ratio": 157.13,
            "debt_ratio": 59.86,
            "inventory_turnover_ratio": 3.21,
            "account_receivable_turnover_ratio": 1.35,
            "reinvestment_rate": 0.29,
            "research_to_sale_ratio": 0.93,
            "price_fair": 60,
            "eps_avg_yearly": 1.71,
            "eps_latest_yearly": 4.04,
            "eps_growth_yearly": 168.67
        },
        "20103": {
            "year_quarter": 20103,
            "year": 2010,
            "quarter": 3,
            "eps": 1.24,
            "eps_growth_year": 163.28,
            "eps_4q": 3.61,
            "eps_4q_growth_year": 243.31,
            "roe": 6.38,
            "roe_4q": 19.37,
            "gross_profit": 184764,
            "gross_margin": 10.19,
            "gross_margin_4q_avg": 10.52,
            "net_income": 63949,
            "revenue": 1813346,
            "common_shares": 518103,
            "book_valuer_per_share": 19.88,
            "book_valuer_per_share_4q_avg": 18.72,
            "equity": 1032912,
            "current_ratio": 153.5,
            "debt_ratio": 61.41,
            "inventory_turnover_ratio": 2.74,
            "account_receivable_turnover_ratio": 1.3,
            "reinvestment_rate": 3.93,
            "research_to_sale_ratio": 1.06,
            "price_fair": 67.57,
            "eps_avg_yearly": 1.93,
            "eps_latest_yearly": 4.96,
            "eps_growth_yearly": 163.5
        },
        "20104": {
            "year_quarter": 20104,
            "year": 2010,
            "quarter": 4,
            "eps": 0.54,
            "eps_growth_year": 11.01,
            "eps_4q": 3.66,
            "eps_4q_growth_year": 173.7,
            "roe": 2.72,
            "roe_4q": 19.29,
            "gross_profit": 120398,
            "gross_margin": 7.12,
            "gross_margin_4q_avg": 9.73,
            "net_income": 28281,
            "revenue": 1691886,
            "common_shares": 518103,
            "book_valuer_per_share": 20.15,
            "book_valuer_per_share_4q_avg": 19.33,
            "equity": 1046958,
            "current_ratio": 158.92,
            "debt_ratio": 59.24,
            "inventory_turnover_ratio": 2.41,
            "account_receivable_turnover_ratio": 1.23,
            "reinvestment_rate": 1.25,
            "research_to_sale_ratio": 0.93,
            "price_fair": 68.08,
            "eps_avg_yearly": 1.95,
            "eps_latest_yearly": 2.16,
            "eps_growth_yearly": 139.16
        },
        "20111": {
            "year_quarter": 20111,
            "year": 2011,
            "quarter": 1,
            "eps": 0.78,
            "eps_growth_year": -10.34,
            "eps_4q": 3.57,
            "eps_4q_growth_year": 81.4,
            "roe": 3.77,
            "roe_4q": 18.270000000000003,
            "gross_profit": 134861,
            "gross_margin": 9.34,
            "gross_margin_4q_avg": 9.23,
            "net_income": 40246,
            "revenue": 1444124,
            "common_shares": 518103,
            "book_valuer_per_share": 20.98,
            "book_valuer_per_share_4q_avg": 19.93,
            "equity": 1090087,
            "current_ratio": 169.3,
            "debt_ratio": 55.84,
            "inventory_turnover_ratio": 2.05,
            "account_receivable_turnover_ratio": 1.14,
            "reinvestment_rate": 3.04,
            "research_to_sale_ratio": 1.1,
            "price_fair": 71.58,
            "eps_avg_yearly": 2.05,
            "eps_latest_yearly": 3.12,
            "eps_growth_yearly": 127.78
        },
        "20112": {
            "year_quarter": 20112,
            "year": 2011,
            "quarter": 2,
            "eps": 0.74,
            "eps_growth_year": -27.06,
            "eps_4q": 3.29,
            "eps_4q_growth_year": 16.05,
            "roe": 3.55,
            "roe_4q": 16.42,
            "gross_profit": 152750,
            "gross_margin": 11.99,
            "gross_margin_4q_avg": 9.66,
            "net_income": 38224,
            "revenue": 1274483,
            "common_shares": 518103,
            "book_valuer_per_share": 20.45,
            "book_valuer_per_share_4q_avg": 20.37,
            "equity": 1062723,
            "current_ratio": 170.57,
            "debt_ratio": 55.17,
            "inventory_turnover_ratio": 1.8,
            "account_receivable_turnover_ratio": 1.12,
            "reinvestment_rate": 2.7,
            "research_to_sale_ratio": 1,
            "price_fair": 72.54,
            "eps_avg_yearly": 2.07,
            "eps_latest_yearly": 2.96,
            "eps_growth_yearly": 110.05
        },
        "20113": {
            "year_quarter": 20113,
            "year": 2011,
            "quarter": 3,
            "eps": 1.04,
            "eps_growth_year": -16.08,
            "eps_4q": 3.09,
            "eps_4q_growth_year": -14.27,
            "roe": 4.91,
            "roe_4q": 14.950000000000001,
            "gross_profit": 151197,
            "gross_margin": 12.3,
            "gross_margin_4q_avg": 10.19,
            "net_income": 53860,
            "revenue": 1229613,
            "common_shares": 518103,
            "book_valuer_per_share": 21.79,
            "book_valuer_per_share_4q_avg": 20.84,
            "equity": 1132318,
            "current_ratio": 179.67,
            "debt_ratio": 52.56,
            "inventory_turnover_ratio": 1.57,
            "account_receivable_turnover_ratio": 1.16,
            "reinvestment_rate": 72.78,
            "research_to_sale_ratio": 1.12,
            "price_fair": 76.13,
            "eps_avg_yearly": 2.18,
            "eps_latest_yearly": 4.16,
            "eps_growth_yearly": 120.18
        },
        "20114": {
            "year_quarter": 20114,
            "year": 2011,
            "quarter": 4,
            "eps": 0.47,
            "eps_growth_year": -13.35,
            "eps_4q": 3.02,
            "eps_4q_growth_year": -17.52,
            "roe": 2.14,
            "roe_4q": 14.370000000000001,
            "gross_profit": 122504,
            "gross_margin": 10.42,
            "gross_margin_4q_avg": 11.01,
            "net_income": 24427,
            "revenue": 1175708,
            "common_shares": 518103,
            "book_valuer_per_share": 22.18,
            "book_valuer_per_share_4q_avg": 21.35,
            "equity": 1152450,
            "current_ratio": 201.8,
            "debt_ratio": 46.58,
            "inventory_turnover_ratio": 1.51,
            "account_receivable_turnover_ratio": 1.14,
            "reinvestment_rate": 7.87,
            "research_to_sale_ratio": 1.27,
            "price_fair": 78.75,
            "eps_avg_yearly": 2.25,
            "eps_latest_yearly": 1.88,
            "eps_growth_yearly": 124.73
        },
        "20121": {
            "year_quarter": 20121,
            "year": 2012,
            "quarter": 1,
            "eps": 0.27,
            "eps_growth_year": -65.38,
            "eps_4q": 2.52,
            "eps_4q_growth_year": -29.33,
            "roe": 1.23,
            "roe_4q": 11.830000000000002,
            "gross_profit": 106797,
            "gross_margin": 9.75,
            "gross_margin_4q_avg": 11.12,
            "net_income": 14216,
            "revenue": 1095700,
            "common_shares": 518103,
            "book_valuer_per_share": 22.41,
            "book_valuer_per_share_4q_avg": 21.71,
            "equity": 1164102,
            "current_ratio": 207.26,
            "debt_ratio": 45.21,
            "inventory_turnover_ratio": 1.49,
            "account_receivable_turnover_ratio": 1.12,
            "reinvestment_rate": 8.37,
            "research_to_sale_ratio": 1.27,
            "price_fair": 79.89,
            "eps_avg_yearly": 2.28,
            "eps_latest_yearly": 1.08,
            "eps_growth_yearly": 118.51
        },
        "20122": {
            "year_quarter": 20122,
            "year": 2012,
            "quarter": 2,
            "eps": 0.67,
            "eps_growth_year": -9.28,
            "eps_4q": 2.45,
            "eps_4q_growth_year": -25.55,
            "roe": 3.02,
            "roe_4q": 11.3,
            "gross_profit": 143298,
            "gross_margin": 11.88,
            "gross_margin_4q_avg": 11.09,
            "net_income": 34633,
            "revenue": 1206675,
            "common_shares": 518103,
            "book_valuer_per_share": 21.79,
            "book_valuer_per_share_4q_avg": 22.04,
            "equity": 1132089,
            "current_ratio": 187.17,
            "debt_ratio": 50.23,
            "inventory_turnover_ratio": 1.57,
            "account_receivable_turnover_ratio": 1.18,
            "reinvestment_rate": 8.33,
            "research_to_sale_ratio": 1.51,
            "price_fair": 84.61,
            "eps_avg_yearly": 2.42,
            "eps_latest_yearly": 2.68,
            "eps_growth_yearly": 157.33
        },
        "20123": {
            "year_quarter": 20123,
            "year": 2012,
            "quarter": 3,
            "eps": 0.77,
            "eps_growth_year": -25.84,
            "eps_4q": 2.18,
            "eps_4q_growth_year": -29.43,
            "roe": 3.47,
            "roe_4q": 9.860000000000001,
            "gross_profit": 153018,
            "gross_margin": 11.34,
            "gross_margin_4q_avg": 10.85,
            "net_income": 39909,
            "revenue": 1349809,
            "common_shares": 518103,
            "book_valuer_per_share": 22.49,
            "book_valuer_per_share_4q_avg": 22.22,
            "equity": 1168384,
            "current_ratio": 186.58,
            "debt_ratio": 50.53,
            "inventory_turnover_ratio": 1.82,
            "account_receivable_turnover_ratio": 1.2,
            "reinvestment_rate": 7.88,
            "research_to_sale_ratio": 1.25,
            "price_fair": 87.06,
            "eps_avg_yearly": 2.49,
            "eps_latest_yearly": 3.08,
            "eps_growth_yearly": 91.83
        },
        "20124": {
            "year_quarter": 20124,
            "year": 2012,
            "quarter": 4,
            "eps": 0.52,
            "eps_growth_year": 11.23,
            "eps_4q": 2.24,
            "eps_4q_growth_year": -25.98,
            "roe": 2.3,
            "roe_4q": 10.02,
            "gross_profit": 130941,
            "gross_margin": 10.04,
            "gross_margin_4q_avg": 10.75,
            "net_income": 27146,
            "revenue": 1303970,
            "common_shares": 518103,
            "book_valuer_per_share": 23.02,
            "book_valuer_per_share_4q_avg": 22.43,
            "equity": 1195617,
            "current_ratio": 208.03,
            "debt_ratio": 45.36,
            "inventory_turnover_ratio": 2.07,
            "account_receivable_turnover_ratio": 1.12,
            "reinvestment_rate": 7.67,
            "research_to_sale_ratio": 1.34,
            "price_fair": 89.86,
            "eps_avg_yearly": 2.57,
            "eps_latest_yearly": 2.08,
            "eps_growth_yearly": 98.51
        },
        "20131": {
            "year_quarter": 20131,
            "year": 2013,
            "quarter": 1,
            "eps": 1.11,
            "eps_growth_year": 311.11,
            "eps_4q": 3.07,
            "eps_4q_growth_year": 21.8,
            "roe": 4.75,
            "roe_4q": 13.54,
            "gross_profit": 162516,
            "gross_margin": 13.16,
            "gross_margin_4q_avg": 11.61,
            "net_income": 57584,
            "revenue": 1235038,
            "common_shares": 518103,
            "book_valuer_per_share": 23.62,
            "book_valuer_per_share_4q_avg": 22.73,
            "equity": 1227295,
            "current_ratio": 207.87,
            "debt_ratio": 46.24,
            "inventory_turnover_ratio": 2.15,
            "account_receivable_turnover_ratio": 1.12,
            "reinvestment_rate": 7.29,
            "research_to_sale_ratio": 1.55,
            "price_fair": 97.39,
            "eps_avg_yearly": 2.78,
            "eps_latest_yearly": 4.44,
            "eps_growth_yearly": 120.62
        },
        "20132": {
            "year_quarter": 20132,
            "year": 2013,
            "quarter": 2,
            "eps": 1.27,
            "eps_growth_year": 90.03,
            "eps_4q": 3.68,
            "eps_4q_growth_year": 49.91,
            "roe": 5.39,
            "roe_4q": 15.910000000000002,
            "gross_profit": 184618,
            "gross_margin": 14.55,
            "gross_margin_4q_avg": 12.27,
            "net_income": 66140,
            "revenue": 1268985,
            "common_shares": 518103,
            "book_valuer_per_share": 23.65,
            "book_valuer_per_share_4q_avg": 23.2,
            "equity": 1228704,
            "current_ratio": 228.4,
            "debt_ratio": 42.7,
            "inventory_turnover_ratio": 2.26,
            "account_receivable_turnover_ratio": 1.14,
            "reinvestment_rate": 6.9,
            "research_to_sale_ratio": 1.52,
            "price_fair": 107.28,
            "eps_avg_yearly": 3.07,
            "eps_latest_yearly": 5.08,
            "eps_growth_yearly": 135.23
        },
        "20133": {
            "year_quarter": 20133,
            "year": 2013,
            "quarter": 3,
            "eps": 1.01,
            "eps_growth_year": 31.16,
            "eps_4q": 3.91,
            "eps_4q_growth_year": 79.09,
            "roe": 4.17,
            "roe_4q": 16.61,
            "gross_profit": 172343,
            "gross_margin": 14.04,
            "gross_margin_4q_avg": 12.95,
            "net_income": 52177,
            "revenue": 1227803,
            "common_shares": 518103,
            "book_valuer_per_share": 24.55,
            "book_valuer_per_share_4q_avg": 23.71,
            "equity": 1275529,
            "current_ratio": 234.74,
            "debt_ratio": 41.77,
            "inventory_turnover_ratio": 2.37,
            "account_receivable_turnover_ratio": 1.13,
            "reinvestment_rate": 6.5,
            "research_to_sale_ratio": 1.16,
            "price_fair": 112,
            "eps_avg_yearly": 3.2,
            "eps_latest_yearly": 4.04,
            "eps_growth_yearly": 71.18
        },
        "20134": {
            "year_quarter": 20134,
            "year": 2013,
            "quarter": 4,
            "eps": 0.71,
            "eps_growth_year": 34.83,
            "eps_4q": 4.09,
            "eps_4q_growth_year": 83.01,
            "roe": 2.83,
            "roe_4q": 17.14,
            "gross_profit": 141032,
            "gross_margin": 12.5,
            "gross_margin_4q_avg": 13.56,
            "net_income": 36780,
            "revenue": 1128462,
            "common_shares": 518103,
            "book_valuer_per_share": 25.39,
            "book_valuer_per_share_4q_avg": 24.3,
            "equity": 1319275,
            "current_ratio": 239.98,
            "debt_ratio": 41.03,
            "inventory_turnover_ratio": 2.3,
            "account_receivable_turnover_ratio": 1.09,
            "reinvestment_rate": 2.27,
            "research_to_sale_ratio": 1.61,
            "price_fair": 113.93,
            "eps_avg_yearly": 3.26,
            "eps_latest_yearly": 2.84,
            "eps_growth_yearly": 62.69
        },
        "20141": {
            "year_quarter": 20141,
            "year": 2014,
            "quarter": 1,
            "eps": 1.03,
            "eps_growth_year": -7.21,
            "eps_4q": 4.01,
            "eps_4q_growth_year": 30.77,
            "roe": 3.96,
            "roe_4q": 16.35,
            "gross_profit": 154567,
            "gross_margin": 14.15,
            "gross_margin_4q_avg": 13.81,
            "net_income": 53284,
            "revenue": 1091973,
            "common_shares": 518103,
            "book_valuer_per_share": 26.47,
            "book_valuer_per_share_4q_avg": 25.02,
            "equity": 1375231,
            "current_ratio": 266.56,
            "debt_ratio": 37.3,
            "inventory_turnover_ratio": 2.09,
            "account_receivable_turnover_ratio": 1.08,
            "reinvestment_rate": 2.1,
            "research_to_sale_ratio": 1.5,
            "price_fair": 115.33,
            "eps_avg_yearly": 3.3,
            "eps_latest_yearly": 4.12,
            "eps_growth_yearly": 54.57
        },
        "20142": {
            "year_quarter": 20142,
            "year": 2014,
            "quarter": 2,
            "eps": 1.14,
            "eps_growth_year": -10.24,
            "eps_4q": 3.88,
            "eps_4q_growth_year": 5.45,
            "roe": 4.38,
            "roe_4q": 15.34,
            "gross_profit": 173032,
            "gross_margin": 15.4,
            "gross_margin_4q_avg": 14.02,
            "net_income": 58927,
            "revenue": 1123900,
            "common_shares": 518103,
            "book_valuer_per_share": 25.29,
            "book_valuer_per_share_4q_avg": 25.43,
            "equity": 1314096,
            "current_ratio": 233.4,
            "debt_ratio": 42.09,
            "inventory_turnover_ratio": 2.09,
            "account_receivable_turnover_ratio": 1.14,
            "reinvestment_rate": 1.24,
            "research_to_sale_ratio": 1.16,
            "price_fair": 116.46,
            "eps_avg_yearly": 3.33,
            "eps_latest_yearly": 4.56,
            "eps_growth_yearly": 53.22
        },
        "20143": {
            "year_quarter": 20143,
            "year": 2014,
            "quarter": 3,
            "eps": 0.69,
            "eps_growth_year": -31.68,
            "eps_4q": 3.56,
            "eps_4q_growth_year": -9.05,
            "roe": 2.67,
            "roe_4q": 13.84,
            "gross_profit": 156172,
            "gross_margin": 14.19,
            "gross_margin_4q_avg": 14.06,
            "net_income": 35616,
            "revenue": 1100580,
            "common_shares": 518103,
            "book_valuer_per_share": 26.11,
            "book_valuer_per_share_4q_avg": 25.82,
            "equity": 1356992,
            "current_ratio": 260.09,
            "debt_ratio": 38.26,
            "inventory_turnover_ratio": 2.08,
            "account_receivable_turnover_ratio": 1.1,
            "reinvestment_rate": -0.74,
            "research_to_sale_ratio": 1.75,
            "price_fair": 111.65,
            "eps_avg_yearly": 3.19,
            "eps_latest_yearly": 2.76,
            "eps_growth_yearly": 37.66
        },
        "20144": {
            "year_quarter": 20144,
            "year": 2014,
            "quarter": 4,
            "eps": 0.91,
            "eps_growth_year": 28.76,
            "eps_4q": 3.76,
            "eps_4q_growth_year": -8.14,
            "roe": 3.42,
            "roe_4q": 14.43,
            "gross_profit": 130075,
            "gross_margin": 12.98,
            "gross_margin_4q_avg": 14.18,
            "net_income": 47426,
            "revenue": 1002324,
            "common_shares": 518103,
            "book_valuer_per_share": 27.22,
            "book_valuer_per_share_4q_avg": 26.27,
            "equity": 1414743,
            "current_ratio": 281.36,
            "debt_ratio": 35.93,
            "inventory_turnover_ratio": 1.82,
            "account_receivable_turnover_ratio": 1.02,
            "reinvestment_rate": -0.45,
            "research_to_sale_ratio": 1.95,
            "price_fair": 114.89,
            "eps_avg_yearly": 3.28,
            "eps_latest_yearly": 3.64,
            "eps_growth_yearly": 59.74
        },
        "20151": {
            "year_quarter": 20151,
            "year": 2015,
            "quarter": 1,
            "eps": 0.37,
            "eps_growth_year": -64.08,
            "eps_4q": 3.11,
            "eps_4q_growth_year": -22.63,
            "roe": 1.36,
            "roe_4q": 11.83,
            "gross_profit": 123708,
            "gross_margin": 12.69,
            "gross_margin_4q_avg": 13.82,
            "net_income": 19366,
            "revenue": 974959,
            "common_shares": 518103,
            "book_valuer_per_share": 27.48,
            "book_valuer_per_share_4q_avg": 26.53,
            "equity": 1428327,
            "current_ratio": 298.58,
            "debt_ratio": 33.87,
            "inventory_turnover_ratio": 1.72,
            "account_receivable_turnover_ratio": 1.04,
            "reinvestment_rate": -0.43,
            "research_to_sale_ratio": 1.47,
            "price_fair": 111.3,
            "eps_avg_yearly": 3.18,
            "eps_latest_yearly": 1.48,
            "eps_growth_yearly": 33.79
        },
        "20152": {
            "year_quarter": 20152,
            "year": 2015,
            "quarter": 2,
            "eps": 0.54,
            "eps_growth_year": -52.63,
            "eps_4q": 2.5,
            "eps_4q_growth_year": -35.46,
            "roe": 2,
            "roe_4q": 9.45,
            "gross_profit": 132693,
            "gross_margin": 13.4,
            "gross_margin_4q_avg": 13.32,
            "net_income": 27608,
            "revenue": 990299,
            "common_shares": 518103,
            "book_valuer_per_share": 25.6,
            "book_valuer_per_share_4q_avg": 26.6,
            "equity": 1330722,
            "current_ratio": 259.11,
            "debt_ratio": 38.61,
            "inventory_turnover_ratio": 1.67,
            "account_receivable_turnover_ratio": 1.06,
            "reinvestment_rate": -1.07,
            "research_to_sale_ratio": 1.61,
            "price_fair": 109.55,
            "eps_avg_yearly": 3.13,
            "eps_latest_yearly": 2.16,
            "eps_growth_yearly": 46.56
        },
        "20153": {
            "year_quarter": 20153,
            "year": 2015,
            "quarter": 3,
            "eps": 1.15,
            "eps_growth_year": 66.67,
            "eps_4q": 2.97,
            "eps_4q_growth_year": -16.59,
            "roe": 4.38,
            "roe_4q": 11.16,
            "gross_profit": 154463,
            "gross_margin": 13.31,
            "gross_margin_4q_avg": 13.1,
            "net_income": 59948,
            "revenue": 1160873,
            "common_shares": 518103,
            "book_valuer_per_share": 27.03,
            "book_valuer_per_share_4q_avg": 26.83,
            "equity": 1405359,
            "current_ratio": 288.52,
            "debt_ratio": 35.44,
            "inventory_turnover_ratio": 1.99,
            "account_receivable_turnover_ratio": 1.1,
            "reinvestment_rate": -49,
            "research_to_sale_ratio": 2.06,
            "price_fair": 110.51,
            "eps_avg_yearly": 3.16,
            "eps_latest_yearly": 4.6,
            "eps_growth_yearly": 64.67
        },
        "20154": {
            "year_quarter": 20154,
            "year": 2015,
            "quarter": 4,
            "eps": 0.52,
            "eps_growth_year": -42.77,
            "eps_4q": 2.58,
            "eps_4q_growth_year": -31.45,
            "roe": 1.91,
            "roe_4q": 9.649999999999999,
            "gross_profit": 150632,
            "gross_margin": 12.62,
            "gross_margin_4q_avg": 13.01,
            "net_income": 27008,
            "revenue": 1194029,
            "common_shares": 518103,
            "book_valuer_per_share": 27.29,
            "book_valuer_per_share_4q_avg": 26.85,
            "equity": 1418673,
            "current_ratio": 264.99,
            "debt_ratio": 38.25,
            "inventory_turnover_ratio": 2.17,
            "account_receivable_turnover_ratio": 1.04,
            "reinvestment_rate": -1.58,
            "research_to_sale_ratio": 1.8,
            "price_fair": 110.95,
            "eps_avg_yearly": 3.17,
            "eps_latest_yearly": 2.08,
            "eps_growth_yearly": 64.67
        },
        "20161": {
            "year_quarter": 20161,
            "year": 2016,
            "quarter": 1,
            "eps": 0.52,
            "eps_growth_year": 40.54,
            "eps_4q": 2.72,
            "eps_4q_growth_year": -12.38,
            "roe": 1.88,
            "roe_4q": 10.17,
            "gross_profit": 146794,
            "gross_margin": 12.95,
            "gross_margin_4q_avg": 13.07,
            "net_income": 26847,
            "revenue": 1133533,
            "common_shares": 518103,
            "book_valuer_per_share": 27.78,
            "book_valuer_per_share_4q_avg": 26.93,
            "equity": 1444012,
            "current_ratio": 271.41,
            "debt_ratio": 37.26,
            "inventory_turnover_ratio": 1.94,
            "account_receivable_turnover_ratio": 1.03,
            "reinvestment_rate": -2.11,
            "research_to_sale_ratio": 1.33,
            "price_fair": 113.14,
            "eps_avg_yearly": 3.23,
            "eps_latest_yearly": 2.08,
            "eps_growth_yearly": 75.31
        },
        "20162": {
            "year_quarter": 20162,
            "year": 2016,
            "quarter": 2,
            "eps": 0.59,
            "eps_growth_year": 9.26,
            "eps_4q": 2.78,
            "eps_4q_growth_year": 11.07,
            "roe": 2.15,
            "roe_4q": 10.32,
            "gross_profit": 140950,
            "gross_margin": 12.13,
            "gross_margin_4q_avg": 12.75,
            "net_income": 30592,
            "revenue": 1162313,
            "common_shares": 518103,
            "book_valuer_per_share": 26.93,
            "book_valuer_per_share_4q_avg": 27.26,
            "equity": 1400471,
            "current_ratio": 257.46,
            "debt_ratio": 39.29,
            "inventory_turnover_ratio": 1.92,
            "account_receivable_turnover_ratio": 1.07,
            "reinvestment_rate": -3.13,
            "research_to_sale_ratio": 2,
            "price_fair": 112.44,
            "eps_avg_yearly": 3.21,
            "eps_latest_yearly": 2.36,
            "eps_growth_yearly": 41.64
        },
        "20163": {
            "year_quarter": 20163,
            "year": 2016,
            "quarter": 3,
            "eps": 0.52,
            "eps_growth_year": -54.78,
            "eps_4q": 2.15,
            "eps_4q_growth_year": -27.64,
            "roe": 1.92,
            "roe_4q": 7.86,
            "gross_profit": 140630,
            "gross_margin": 11.18,
            "gross_margin_4q_avg": 12.22,
            "net_income": 27050,
            "revenue": 1258327,
            "common_shares": 518103,
            "book_valuer_per_share": 27.2,
            "book_valuer_per_share_4q_avg": 27.3,
            "equity": 1414076,
            "current_ratio": 228.49,
            "debt_ratio": 43.72,
            "inventory_turnover_ratio": 2.01,
            "account_receivable_turnover_ratio": 1.11,
            "reinvestment_rate": -2.94,
            "research_to_sale_ratio": 1.28,
            "price_fair": 110.25,
            "eps_avg_yearly": 3.15,
            "eps_latest_yearly": 2.08,
            "eps_growth_yearly": 34.94
        },
        "20164": {
            "year_quarter": 20164,
            "year": 2016,
            "quarter": 4,
            "eps": 0.73,
            "eps_growth_year": 39.43,
            "eps_4q": 2.35,
            "eps_4q_growth_year": -8.75,
            "roe": 2.63,
            "roe_4q": 8.579999999999998,
            "gross_profit": 135461,
            "gross_margin": 11,
            "gross_margin_4q_avg": 11.82,
            "net_income": 37742,
            "revenue": 1231246,
            "common_shares": 518103,
            "book_valuer_per_share": 27.92,
            "book_valuer_per_share_4q_avg": 27.46,
            "equity": 1451898,
            "current_ratio": 217.28,
            "debt_ratio": 45.79,
            "inventory_turnover_ratio": 1.73,
            "account_receivable_turnover_ratio": 1.01,
            "reinvestment_rate": -2.02,
            "research_to_sale_ratio": 0.86,
            "price_fair": 112.09,
            "eps_avg_yearly": 3.2,
            "eps_latest_yearly": 2.92,
            "eps_growth_yearly": 53.16
        },
        "20171": {
            "year_quarter": 20171,
            "year": 2017,
            "quarter": 1,
            "eps": -0.11,
            "eps_growth_year": -121.15,
            "eps_4q": 1.72,
            "eps_4q_growth_year": -36.73,
            "roe": -0.4,
            "roe_4q": 6.300000000000001,
            "gross_profit": 116526,
            "gross_margin": 10.17,
            "gross_margin_4q_avg": 11.12,
            "net_income": -5813,
            "revenue": 1145605,
            "common_shares": 518103,
            "book_valuer_per_share": 27.4,
            "book_valuer_per_share_4q_avg": 27.36,
            "equity": 1424493,
            "current_ratio": 240.79,
            "debt_ratio": 41.41,
            "inventory_turnover_ratio": 1.61,
            "account_receivable_turnover_ratio": 0.98,
            "reinvestment_rate": -2.18,
            "research_to_sale_ratio": 0.99,
            "price_fair": 109.2,
            "eps_avg_yearly": 3.12,
            "eps_latest_yearly": 2.92,
            "eps_growth_yearly": 26.44
        },
        "20172": {
            "year_quarter": 20172,
            "year": 2017,
            "quarter": 2,
            "eps": 1.06,
            "eps_growth_year": 79.66,
            "eps_4q": 2.19,
            "eps_4q_growth_year": -21.13,
            "roe": 3.9,
            "roe_4q": 8.05,
            "gross_profit": 150097,
            "gross_margin": 14.19,
            "gross_margin_4q_avg": 11.64,
            "net_income": 54913,
            "revenue": 1057967,
            "common_shares": 518103,
            "book_valuer_per_share": 26.76,
            "book_valuer_per_share_4q_avg": 27.32,
            "equity": 1391291,
            "current_ratio": 225.82,
            "debt_ratio": 43.98,
            "inventory_turnover_ratio": 1.54,
            "account_receivable_turnover_ratio": 0.97,
            "reinvestment_rate": -2.52,
            "research_to_sale_ratio": 1.29,
            "price_fair": 101.96,
            "eps_avg_yearly": 2.98,
            "eps_latest_yearly": 2.92,
            "eps_growth_yearly": 24.21
        },
        "20173": {
            "year_quarter": 20173,
            "year": 2017,
            "quarter": 3,
            "eps": 0.7,
            "eps_growth_year": 34.62,
            "eps_4q": 2.37,
            "eps_4q_growth_year": 10.33,
            "roe": 2.49,
            "roe_4q": 8.620000000000001,
            "gross_profit": 158777,
            "gross_margin": 14.88,
            "gross_margin_4q_avg": 12.56,
            "net_income": 35189,
            "revenue": 1066965,
            "common_shares": 518103,
            "book_valuer_per_share": 27.51,
            "book_valuer_per_share_4q_avg": 27.4,
            "equity": 1429634,
            "current_ratio": 234.52,
            "debt_ratio": 42.59,
            "inventory_turnover_ratio": 1.68,
            "account_receivable_turnover_ratio": 0.95,
            "reinvestment_rate": -2.48,
            "research_to_sale_ratio": 1.29,
            "price_fair": 87.79,
            "eps_avg_yearly": 2.89,
            "eps_latest_yearly": 2.8,
            "eps_growth_yearly": 20.36
        },
        "20174": {
            "year_quarter": 20174,
            "year": 2017,
            "quarter": 4,
            "eps": 0.6,
            "eps_growth_year": -17.79,
            "eps_4q": 2.24,
            "eps_4q_growth_year": -4.79,
            "roe": 2.16,
            "roe_4q": 8.15,
            "gross_profit": 129144,
            "gross_margin": 14.39,
            "gross_margin_4q_avg": 13.41,
            "net_income": 31288,
            "revenue": 897614,
            "common_shares": 518103,
            "book_valuer_per_share": 28.19,
            "book_valuer_per_share_4q_avg": 27.47,
            "equity": 1464716,
            "current_ratio": 244.75,
            "debt_ratio": 40.37,
            "inventory_turnover_ratio": 1.66,
            "account_receivable_turnover_ratio": 0.82,
            "reinvestment_rate": -2.11,
            "research_to_sale_ratio": 1.1,
            "price_fair": 99.43,
            "eps_avg_yearly": 2.86,
            "eps_latest_yearly": 2.4,
            "eps_growth_yearly": 24.77
        },
        "20181": {
            "year_quarter": 20181,
            "year": 2018,
            "quarter": 1,
            "eps": 0.39,
            "eps_growth_year": null,
            "eps_4q": 2.74,
            "eps_4q_growth_year": 59.07,
            "roe": 1.3,
            "roe_4q": 9.85,
            "gross_profit": 138038,
            "gross_margin": 15.47,
            "gross_margin_4q_avg": 14.73,
            "net_income": 19990,
            "revenue": 892062,
            "common_shares": 518103,
            "book_valuer_per_share": 30.89,
            "book_valuer_per_share_4q_avg": 28.34,
            "equity": 1605127,
            "current_ratio": 234.18,
            "debt_ratio": 39.4,
            "inventory_turnover_ratio": 1.74,
            "account_receivable_turnover_ratio": 0.92,
            "reinvestment_rate": -6.39,
            "research_to_sale_ratio": 1.23,
            "price_fair": 31.83,
            "eps_avg_yearly": 2.68,
            "eps_latest_yearly": 1.56,
            "eps_growth_yearly": 1.89
        },
        "20182": {
            "year_quarter": 20182,
            "year": 2018,
            "quarter": 2,
            "eps": 1.03,
            "eps_growth_year": -2.83,
            "eps_4q": 2.71,
            "eps_4q_growth_year": 23.47,
            "roe": 3.37,
            "roe_4q": 9.32,
            "gross_profit": 142817,
            "gross_margin": 15.43,
            "gross_margin_4q_avg": 15.04,
            "net_income": 53190,
            "revenue": 925765,
            "common_shares": 518103,
            "book_valuer_per_share": 29.93,
            "book_valuer_per_share_4q_avg": 29.13,
            "equity": 1555186,
            "current_ratio": 227.46,
            "debt_ratio": 40.77,
            "inventory_turnover_ratio": 1.64,
            "account_receivable_turnover_ratio": 0.98,
            "reinvestment_rate": -7.08,
            "research_to_sale_ratio": 1.77,
            "price_fair": 92.6,
            "eps_avg_yearly": 2.65,
            "eps_latest_yearly": 4.12,
            "eps_growth_yearly": 45.72
        },
        "20183": {
            "year_quarter": 20183,
            "year": 2018,
            "quarter": 3,
            "eps": 0.84,
            "eps_growth_year": 20,
            "eps_4q": 2.85,
            "eps_4q_growth_year": 20.11,
            "roe": 2.77,
            "roe_4q": 9.600000000000001,
            "gross_profit": 152424,
            "gross_margin": 15.55,
            "gross_margin_4q_avg": 15.21,
            "net_income": 43322,
            "revenue": 980171,
            "common_shares": 518103,
            "book_valuer_per_share": 30.31,
            "book_valuer_per_share_4q_avg": 29.83,
            "equity": 1575235,
            "current_ratio": 253.56,
            "debt_ratio": 37.17,
            "inventory_turnover_ratio": 1.57,
            "account_receivable_turnover_ratio": 0.99,
            "reinvestment_rate": -7.26,
            "research_to_sale_ratio": 1.4,
            "price_fair": 94.1,
            "eps_avg_yearly": 2.69,
            "eps_latest_yearly": 3.36,
            "eps_growth_yearly": 51.73
        },
        "20184": {
            "year_quarter": 20184,
            "year": 2018,
            "quarter": 4,
            "eps": 0.6,
            "eps_growth_year": -0.12,
            "eps_4q": 2.84,
            "eps_4q_growth_year": 27,
            "roe": 1.93,
            "roe_4q": 9.370000000000001,
            "gross_profit": 116123,
            "gross_margin": 13.31,
            "gross_margin_4q_avg": 14.94,
            "net_income": 30902,
            "revenue": 872659,
            "common_shares": 518103,
            "book_valuer_per_share": 31.27,
            "book_valuer_per_share_4q_avg": 30.6,
            "equity": 1624674,
            "current_ratio": 279.37,
            "debt_ratio": 33.64,
            "inventory_turnover_ratio": 1.38,
            "account_receivable_turnover_ratio": 0.9,
            "reinvestment_rate": -7.47,
            "research_to_sale_ratio": 1.21,
            "price_fair": 91,
            "eps_avg_yearly": 2.6,
            "eps_latest_yearly": 2.4,
            "eps_growth_yearly": 34.46
        },
        "20191": {
            "year_quarter": 20191,
            "year": 2019,
            "quarter": 1,
            "eps": 0.41,
            "eps_growth_year": 5.13,
            "eps_4q": 2.87,
            "eps_4q_growth_year": 4.83,
            "roe": 1.3,
            "roe_4q": 9.370000000000001,
            "gross_profit": 103300,
            "gross_margin": 13.79,
            "gross_margin_4q_avg": 14.52,
            "net_income": 21397,
            "revenue": 749283,
            "common_shares": 518103,
            "book_valuer_per_share": 32,
            "book_valuer_per_share_4q_avg": 30.88,
            "equity": 1662712,
            "current_ratio": 355.82,
            "debt_ratio": 27.81,
            "inventory_turnover_ratio": 1.22,
            "account_receivable_turnover_ratio": 0.88,
            "reinvestment_rate": -7.55,
            "research_to_sale_ratio": 1.37,
            "price_fair": 91.4,
            "eps_avg_yearly": 2.61,
            "eps_latest_yearly": 1.64,
            "eps_growth_yearly": 42.37
        },
        "20192": {
            "year_quarter": 20192,
            "year": 2019,
            "quarter": 2,
            "eps": 0.43,
            "eps_growth_year": -58.25,
            "eps_4q": 2.27,
            "eps_4q_growth_year": -16.11,
            "roe": 1.37,
            "roe_4q": 7.369999999999999,
            "gross_profit": 98037,
            "gross_margin": 11.78,
            "gross_margin_4q_avg": 13.61,
            "net_income": 22131,
            "revenue": 832491,
            "common_shares": 518103,
            "book_valuer_per_share": 30.39,
            "book_valuer_per_share_4q_avg": 30.99,
            "equity": 1579539,
            "current_ratio": 290.73,
            "debt_ratio": 32.98,
            "inventory_turnover_ratio": 1.49,
            "account_receivable_turnover_ratio": 1.02,
            "reinvestment_rate": -7.32,
            "research_to_sale_ratio": 1.35,
            "price_fair": 90.3,
            "eps_avg_yearly": 2.58,
            "eps_latest_yearly": 1.72,
            "eps_growth_yearly": 30.63
        },
        "20193": {
            "year_quarter": 20193,
            "year": 2019,
            "quarter": 3,
            "eps": 0.48,
            "eps_growth_year": -42.86,
            "eps_4q": 1.92,
            "eps_4q_growth_year": -32.59,
            "roe": 1.58,
            "roe_4q": 6.18,
            "gross_profit": 113905,
            "gross_margin": 13.68,
            "gross_margin_4q_avg": 13.14,
            "net_income": 25044,
            "revenue": 832544,
            "common_shares": 518103,
            "book_valuer_per_share": 30.6,
            "book_valuer_per_share_4q_avg": 31.07,
            "equity": 1590236,
            "current_ratio": 303.11,
            "debt_ratio": 31.91,
            "inventory_turnover_ratio": 1.38,
            "account_receivable_turnover_ratio": 0.96,
            "reinvestment_rate": -8.6,
            "research_to_sale_ratio": 1.45,
            "price_fair": 27.9,
            "eps_avg_yearly": 2.39,
            "eps_latest_yearly": 1.92,
            "eps_growth_yearly": 1.68
        },
        "20194": {
            "year_quarter": 20194,
            "year": 2019,
            "quarter": 4,
            "eps": 0.18,
            "eps_growth_year": -70.61,
            "eps_4q": 1.5,
            "eps_4q_growth_year": -47.38,
            "roe": 0.56,
            "roe_4q": 4.8100000000000005,
            "gross_profit": 100612,
            "gross_margin": 11.67,
            "gross_margin_4q_avg": 12.73,
            "net_income": 9023,
            "revenue": 862389,
            "common_shares": 518103,
            "book_valuer_per_share": 31.02,
            "book_valuer_per_share_4q_avg": 31,
            "equity": 1611683,
            "current_ratio": 359.26,
            "debt_ratio": 27.52,
            "inventory_turnover_ratio": 1.46,
            "account_receivable_turnover_ratio": 1.02,
            "reinvestment_rate": -8.84,
            "research_to_sale_ratio": 1.2,
            "price_fair": 6.87,
            "eps_avg_yearly": 2.29,
            "eps_latest_yearly": 0.72,
            "eps_growth_yearly": -0.53
        },
        "20201": {
            "year_quarter": 20201,
            "year": 2020,
            "quarter": 1,
            "eps": 0.21,
            "eps_growth_year": -48.78,
            "eps_4q": 1.29,
            "eps_4q_growth_year": -55.03,
            "roe": 0.68,
            "roe_4q": 4.19,
            "gross_profit": 83087,
            "gross_margin": 11.89,
            "gross_margin_4q_avg": 12.26,
            "net_income": 10742,
            "revenue": 699082,
            "common_shares": 518103,
            "book_valuer_per_share": 29.46,
            "book_valuer_per_share_4q_avg": 30.37,
            "equity": 1530863,
            "current_ratio": 280.5,
            "debt_ratio": 32.87,
            "inventory_turnover_ratio": 1.26,
            "account_receivable_turnover_ratio": 0.86,
            "reinvestment_rate": -9.06,
            "research_to_sale_ratio": 1.2,
            "price_fair": 31.36,
            "eps_avg_yearly": 2.2,
            "eps_latest_yearly": 0.84,
            "eps_growth_yearly": 4.24
        },
        "20202": {
            "year_quarter": 20202,
            "year": 2020,
            "quarter": 2,
            "eps": 0.34,
            "eps_growth_year": -20.93,
            "eps_4q": 1.21,
            "eps_4q_growth_year": -46.86,
            "roe": 1.15,
            "roe_4q": 3.97,
            "gross_profit": 79460,
            "gross_margin": 11.77,
            "gross_margin_4q_avg": 12.25,
            "net_income": 17654,
            "revenue": 674860,
            "common_shares": 518103,
            "book_valuer_per_share": 29.77,
            "book_valuer_per_share_4q_avg": 30.21,
            "equity": 1546861,
            "current_ratio": 297.32,
            "debt_ratio": 31.15,
            "inventory_turnover_ratio": 1.23,
            "account_receivable_turnover_ratio": 0.88,
            "reinvestment_rate": -8.15,
            "research_to_sale_ratio": 1.34,
            "price_fair": 59.84,
            "eps_avg_yearly": 2.13,
            "eps_latest_yearly": 1.36,
            "eps_growth_yearly": 18.08
        },
        "20203": {
            "year_quarter": 20203,
            "year": 2020,
            "quarter": 3,
            "eps": 0.27,
            "eps_growth_year": -43.75,
            "eps_4q": 0.99,
            "eps_4q_growth_year": -48.22,
            "roe": 0.9,
            "roe_4q": 3.29,
            "gross_profit": 78562,
            "gross_margin": 9.71,
            "gross_margin_4q_avg": 11.26,
            "net_income": 14009,
            "revenue": 809347,
            "common_shares": 518103,
            "book_valuer_per_share": 30.19,
            "book_valuer_per_share_4q_avg": 30.11,
            "equity": 1568907,
            "current_ratio": 213.04,
            "debt_ratio": 37.87,
            "inventory_turnover_ratio": 1.61,
            "account_receivable_turnover_ratio": 1.08,
            "reinvestment_rate": -8.6,
            "research_to_sale_ratio": 1.28,
            "price_fair": 52.7,
            "eps_avg_yearly": 2.06,
            "eps_latest_yearly": 1.08,
            "eps_growth_yearly": 15.58
        },
        "20204": {
            "year_quarter": 20204,
            "year": 2020,
            "quarter": 4,
            "eps": 0.45,
            "eps_growth_year": 154.4,
            "eps_4q": 1.26,
            "eps_4q_growth_year": -15.57,
            "roe": 1.44,
            "roe_4q": 4.17,
            "gross_profit": 114318,
            "gross_margin": 14.49,
            "gross_margin_4q_avg": 11.97,
            "net_income": 23083,
            "revenue": 789134,
            "common_shares": 518103,
            "book_valuer_per_share": 31.3,
            "book_valuer_per_share_4q_avg": 30.18,
            "equity": 1625937,
            "current_ratio": 205.1,
            "debt_ratio": 38.48,
            "inventory_turnover_ratio": 1.67,
            "account_receivable_turnover_ratio": 0.94,
            "reinvestment_rate": -10.24,
            "research_to_sale_ratio": 1.33,
            "price_fair": 65.52,
            "eps_avg_yearly": 1.98,
            "eps_latest_yearly": 1.8,
            "eps_growth_yearly": 23.09
        },
        "20211": {
            "year_quarter": 20211,
            "year": 2021,
            "quarter": 1,
            "eps": 0.44,
            "eps_growth_year": 109.52,
            "eps_4q": 1.5,
            "eps_4q_growth_year": 16.05,
            "roe": 1.4,
            "roe_4q": 4.89,
            "gross_profit": 113598,
            "gross_margin": 12.8,
            "gross_margin_4q_avg": 12.19,
            "net_income": 22876,
            "revenue": 887317,
            "common_shares": 518103,
            "book_valuer_per_share": 31.8,
            "book_valuer_per_share_4q_avg": 30.77,
            "equity": 1651815,
            "current_ratio": 169.01,
            "debt_ratio": 42.58,
            "inventory_turnover_ratio": 1.98,
            "account_receivable_turnover_ratio": 0.95,
            "reinvestment_rate": 24.89,
            "research_to_sale_ratio": 1.16,
            "price_fair": 60.85,
            "eps_avg_yearly": 1.97,
            "eps_latest_yearly": 1.76,
            "eps_growth_yearly": 20.96
        },
        "20212": {
            "year_quarter": 20212,
            "year": 2021,
            "quarter": 2,
            "eps": 1.03,
            "eps_growth_year": 202.94,
            "eps_4q": 2.19,
            "eps_4q_growth_year": 81.65,
            "roe": 3.1,
            "roe_4q": 6.84,
            "gross_profit": 148724,
            "gross_margin": 15.5,
            "gross_margin_4q_avg": 13.13,
            "net_income": 53537,
            "revenue": 959716,
            "common_shares": 518103,
            "book_valuer_per_share": 34.62,
            "book_valuer_per_share_4q_avg": 31.98,
            "equity": 1797874,
            "current_ratio": 163.38,
            "debt_ratio": 43.81,
            "inventory_turnover_ratio": 1.88,
            "account_receivable_turnover_ratio": 0.94,
            "reinvestment_rate": 28.38,
            "research_to_sale_ratio": 1.3,
            "price_fair": 73.5,
            "eps_avg_yearly": 2.1,
            "eps_latest_yearly": 4.12,
            "eps_growth_yearly": 53.17
        },
        "20213": {
            "year_quarter": 20213,
            "year": 2021,
            "quarter": 3,
            "eps": 0.71,
            "eps_growth_year": 162.96,
            "eps_4q": 2.63,
            "eps_4q_growth_year": 165.15,
            "roe": 2.03,
            "roe_4q": 7.969999999999999,
            "gross_profit": 146674,
            "gross_margin": 14.76,
            "gross_margin_4q_avg": 14.39,
            "net_income": 36899,
            "revenue": 993421,
            "common_shares": 518103,
            "book_valuer_per_share": 35.31,
            "book_valuer_per_share_4q_avg": 33.26,
            "equity": 1833837,
            "current_ratio": 198.13,
            "debt_ratio": 41.21,
            "inventory_turnover_ratio": 1.81,
            "account_receivable_turnover_ratio": 0.94,
            "reinvestment_rate": 26.88,
            "research_to_sale_ratio": 1.13,
            "price_fair": 73.59,
            "eps_avg_yearly": 2.1,
            "eps_latest_yearly": 2.84,
            "eps_growth_yearly": 53.9
        },
        "20214": {
            "year_quarter": 20214,
            "year": 2021,
            "quarter": 4,
            "eps": 0.72,
            "eps_growth_year": 61.04,
            "eps_4q": 2.91,
            "eps_4q_growth_year": 129.91,
            "roe": 2.01,
            "roe_4q": 8.54,
            "gross_profit": 154493,
            "gross_margin": 15.7,
            "gross_margin_4q_avg": 14.69,
            "net_income": 37180,
            "revenue": 983911,
            "common_shares": 518103,
            "book_valuer_per_share": 35.95,
            "book_valuer_per_share_4q_avg": 34.42,
            "equity": 1867039,
            "current_ratio": 188.2,
            "debt_ratio": 41.17,
            "inventory_turnover_ratio": 1.62,
            "account_receivable_turnover_ratio": 0.91,
            "reinvestment_rate": 34.99,
            "research_to_sale_ratio": 1.27,
            "price_fair": 74.64,
            "eps_avg_yearly": 2.13,
            "eps_latest_yearly": 2.88,
            "eps_growth_yearly": 57.82
        },
        "20221": {
            "year_quarter": 20221,
            "year": 2022,
            "quarter": 1,
            "eps": 1.04,
            "eps_growth_year": 136.36,
            "eps_4q": 3.51,
            "eps_4q_growth_year": 134.01,
            "roe": 2.95,
            "roe_4q": 10.09,
            "gross_profit": 165275,
            "gross_margin": 16.24,
            "gross_margin_4q_avg": 15.55,
            "net_income": 54020,
            "revenue": 1017598,
            "common_shares": 518103,
            "book_valuer_per_share": 34.58,
            "book_valuer_per_share_4q_avg": 35.12,
            "equity": 1796212,
            "current_ratio": 161.83,
            "debt_ratio": 49.42,
            "inventory_turnover_ratio": 1.35,
            "account_receivable_turnover_ratio": 0.87,
            "reinvestment_rate": 33.87,
            "research_to_sale_ratio": 1.36,
            "price_fair": 80.33,
            "eps_avg_yearly": 2.3,
            "eps_latest_yearly": 4.16,
            "eps_growth_yearly": 77.68
        },
        "20222": {
            "year_quarter": 20222,
            "year": 2022,
            "quarter": 2,
            "eps": 1.22,
            "eps_growth_year": 18.45,
            "eps_4q": 3.69,
            "eps_4q_growth_year": 68.55,
            "roe": 3.61,
            "roe_4q": 10.6,
            "gross_profit": 179151,
            "gross_margin": 16.86,
            "gross_margin_4q_avg": 15.89,
            "net_income": 63216,
            "revenue": 1062805,
            "common_shares": 518103,
            "book_valuer_per_share": 32.82,
            "book_valuer_per_share_4q_avg": 34.67,
            "equity": 1705026,
            "current_ratio": 166.32,
            "debt_ratio": 50.77,
            "inventory_turnover_ratio": 1.18,
            "account_receivable_turnover_ratio": 0.85,
            "reinvestment_rate": 33.14,
            "research_to_sale_ratio": 1.35,
            "price_fair": 81.99,
            "eps_avg_yearly": 2.34,
            "eps_latest_yearly": 4.88,
            "eps_growth_yearly": 40.98
        },
        "20223": {
            "year_quarter": 20223,
            "year": 2022,
            "quarter": 3,
            "eps": 1.36,
            "eps_growth_year": 91.55,
            "eps_4q": 4.34,
            "eps_4q_growth_year": 64.83,
            "roe": 4.01,
            "roe_4q": 12.58,
            "gross_profit": 155407,
            "gross_margin": 13.4,
            "gross_margin_4q_avg": 15.55,
            "net_income": 70407,
            "revenue": 1159844,
            "common_shares": 518103,
            "book_valuer_per_share": 34.76,
            "book_valuer_per_share_4q_avg": 34.53,
            "equity": 1805591,
            "current_ratio": 169.72,
            "debt_ratio": 49.68,
            "inventory_turnover_ratio": 1.32,
            "account_receivable_turnover_ratio": 0.88,
            "reinvestment_rate": 33.11,
            "research_to_sale_ratio": 1.36,
            "price_fair": 86.54,
            "eps_avg_yearly": 2.47,
            "eps_latest_yearly": 5.44,
            "eps_growth_yearly": 48.46
        },
        "20224": {
            "year_quarter": 20224,
            "year": 2022,
            "quarter": 4,
            "eps": -0.08,
            "eps_growth_year": -111.65,
            "eps_4q": 3.54,
            "eps_4q_growth_year": 21.8,
            "roe": -0.24,
            "roe_4q": 10.329999999999998,
            "gross_profit": 89124,
            "gross_margin": 10.49,
            "gross_margin_4q_avg": 14.25,
            "net_income": -4333,
            "revenue": 849669,
            "common_shares": 518103,
            "book_valuer_per_share": 35.15,
            "book_valuer_per_share_4q_avg": 34.33,
            "equity": 1825573,
            "current_ratio": 175.55,
            "debt_ratio": 46.83,
            "inventory_turnover_ratio": 0.98,
            "account_receivable_turnover_ratio": 0.67,
            "reinvestment_rate": 40.32,
            "research_to_sale_ratio": 0.88,
            "price_fair": 86.71,
            "eps_avg_yearly": 2.48,
            "eps_latest_yearly": 5.44,
            "eps_growth_yearly": 59.31
        },
        "20231": {
            "year_quarter": 20231,
            "year": 2023,
            "quarter": 1,
            "eps": 0.25,
            "eps_growth_year": -75.96,
            "eps_4q": 2.75,
            "eps_4q_growth_year": -21.62,
            "roe": 0.72,
            "roe_4q": 8.1,
            "gross_profit": 94480,
            "gross_margin": 12.2,
            "gross_margin_4q_avg": 13.24,
            "net_income": 13056,
            "revenue": 774577,
            "common_shares": 518103,
            "book_valuer_per_share": 34.22,
            "book_valuer_per_share_4q_avg": 34.24,
            "equity": 1777793,
            "current_ratio": 163.22,
            "debt_ratio": 49.23,
            "inventory_turnover_ratio": 0.84,
            "account_receivable_turnover_ratio": 0.71,
            "reinvestment_rate": 43.87,
            "research_to_sale_ratio": 1.43,
            "price_fair": 88.8,
            "eps_avg_yearly": 2.54,
            "eps_latest_yearly": 5.44,
            "eps_growth_yearly": 72.6
        }
    },
    "months": {
        "2003-10": {
            "month": "2003-10",
            "price": "35.15",
            "revenue": 245940
        },
        "2003-11": {
            "month": "2003-11",
            "price": "37.22",
            "revenue": 220334
        },
        "2003-12": {
            "month": "2003-12",
            "price": "38.27",
            "revenue": 228309
        },
        "2004-01": {
            "month": "2004-01",
            "price": "38.53",
            "revenue": 260908
        },
        "2004-02": {
            "month": "2004-02",
            "price": "42.02",
            "revenue": 258234
        },
        "2004-03": {
            "month": "2004-03",
            "price": "41.55",
            "revenue": 304445
        },
        "2004-04": {
            "month": "2004-04",
            "price": "41.47",
            "revenue": 320886
        },
        "2004-05": {
            "month": "2004-05",
            "price": "35.62",
            "revenue": 325388
        },
        "2004-06": {
            "month": "2004-06",
            "price": "33.32",
            "revenue": 282729
        },
        "2004-07": {
            "month": "2004-07",
            "price": "29.42",
            "revenue": 285659
        },
        "2004-08": {
            "month": "2004-08",
            "price": "23.87",
            "revenue": 336362
        },
        "2004-09": {
            "month": "2004-09",
            "price": "26.48",
            "revenue": 413688
        },
        "2004-10": {
            "month": "2004-10",
            "price": "27.56",
            "revenue": 432179
        },
        "2004-11": {
            "month": "2004-11",
            "price": "25.89",
            "revenue": 445505
        },
        "2004-12": {
            "month": "2004-12",
            "price": "24.55",
            "revenue": 390511
        },
        "2005-01": {
            "month": "2005-01",
            "price": "23.20",
            "revenue": 348574
        },
        "2005-02": {
            "month": "2005-02",
            "price": "24.87",
            "revenue": 334910
        },
        "2005-03": {
            "month": "2005-03",
            "price": "25.92",
            "revenue": 432562
        },
        "2005-04": {
            "month": "2005-04",
            "price": "25.51",
            "revenue": 458055
        },
        "2005-05": {
            "month": "2005-05",
            "price": "24.49",
            "revenue": 354709
        },
        "2005-06": {
            "month": "2005-06",
            "price": "25.48",
            "revenue": 286647
        },
        "2005-07": {
            "month": "2005-07",
            "price": "29.94",
            "revenue": 232999
        },
        "2005-08": {
            "month": "2005-08",
            "price": "39.01",
            "revenue": 283407
        },
        "2005-09": {
            "month": "2005-09",
            "price": "38.55",
            "revenue": 234886
        },
        "2005-10": {
            "month": "2005-10",
            "price": "30.11",
            "revenue": 230005
        },
        "2005-11": {
            "month": "2005-11",
            "price": "26.70",
            "revenue": 233205
        },
        "2005-12": {
            "month": "2005-12",
            "price": "26.80",
            "revenue": 208592
        },
        "2006-01": {
            "month": "2006-01",
            "price": "27.38",
            "revenue": 304335
        },
        "2006-02": {
            "month": "2006-02",
            "price": "25.94",
            "revenue": 295014
        },
        "2006-03": {
            "month": "2006-03",
            "price": "25.37",
            "revenue": 273199
        },
        "2006-04": {
            "month": "2006-04",
            "price": "25.69",
            "revenue": 315690
        },
        "2006-05": {
            "month": "2006-05",
            "price": "24.86",
            "revenue": 250282
        },
        "2006-06": {
            "month": "2006-06",
            "price": "17.19",
            "revenue": 286775
        },
        "2006-07": {
            "month": "2006-07",
            "price": "15.49",
            "revenue": 273332
        },
        "2006-08": {
            "month": "2006-08",
            "price": "15.92",
            "revenue": 307021
        },
        "2006-09": {
            "month": "2006-09",
            "price": "13.89",
            "revenue": 265653
        },
        "2006-10": {
            "month": "2006-10",
            "price": "13.90",
            "revenue": 282675
        },
        "2006-11": {
            "month": "2006-11",
            "price": "15.83",
            "revenue": 260762
        },
        "2006-12": {
            "month": "2006-12",
            "price": "16.00",
            "revenue": 227897
        },
        "2007-01": {
            "month": "2007-01",
            "price": "16.99",
            "revenue": 277102
        },
        "2007-02": {
            "month": "2007-02",
            "price": "15.57",
            "revenue": 225910
        },
        "2007-03": {
            "month": "2007-03",
            "price": "15.29",
            "revenue": 260402
        },
        "2007-04": {
            "month": "2007-04",
            "price": "17.35",
            "revenue": 298663
        },
        "2007-05": {
            "month": "2007-05",
            "price": "17.88",
            "revenue": 334900
        },
        "2007-06": {
            "month": "2007-06",
            "price": "21.00",
            "revenue": 270576
        },
        "2007-07": {
            "month": "2007-07",
            "price": "21.53",
            "revenue": 275720
        },
        "2007-08": {
            "month": "2007-08",
            "price": "19.82",
            "revenue": 266407
        },
        "2007-09": {
            "month": "2007-09",
            "price": "20.37",
            "revenue": 267356
        },
        "2007-10": {
            "month": "2007-10",
            "price": "21.56",
            "revenue": 267988
        },
        "2007-11": {
            "month": "2007-11",
            "price": "20.01",
            "revenue": 258715
        },
        "2007-12": {
            "month": "2007-12",
            "price": "17.64",
            "revenue": 195125
        },
        "2008-01": {
            "month": "2008-01",
            "price": "15.41",
            "revenue": 241290
        },
        "2008-02": {
            "month": "2008-02",
            "price": "14.59",
            "revenue": 216226
        },
        "2008-03": {
            "month": "2008-03",
            "price": "15.36",
            "revenue": 275390
        },
        "2008-04": {
            "month": "2008-04",
            "price": "17.14",
            "revenue": 303158
        },
        "2008-05": {
            "month": "2008-05",
            "price": "16.93",
            "revenue": 262275
        },
        "2008-06": {
            "month": "2008-06",
            "price": "15.11",
            "revenue": 278453
        },
        "2008-07": {
            "month": "2008-07",
            "price": "13.55",
            "revenue": 274524
        },
        "2008-08": {
            "month": "2008-08",
            "price": "11.80",
            "revenue": 274141
        },
        "2008-09": {
            "month": "2008-09",
            "price": "9.09",
            "revenue": 312846
        },
        "2008-10": {
            "month": "2008-10",
            "price": "7.36",
            "revenue": 295527
        },
        "2008-11": {
            "month": "2008-11",
            "price": "7.05",
            "revenue": 244988
        },
        "2008-12": {
            "month": "2008-12",
            "price": "6.59",
            "revenue": 229434
        },
        "2009-01": {
            "month": "2009-01",
            "price": "6.21",
            "revenue": 140518
        },
        "2009-02": {
            "month": "2009-02",
            "price": "6.53",
            "revenue": 215332
        },
        "2009-03": {
            "month": "2009-03",
            "price": "7.84",
            "revenue": 312091
        },
        "2009-04": {
            "month": "2009-04",
            "price": "9.53",
            "revenue": 299130
        },
        "2009-05": {
            "month": "2009-05",
            "price": "10.69",
            "revenue": 239091
        },
        "2009-06": {
            "month": "2009-06",
            "price": "10.29",
            "revenue": 261181
        },
        "2009-07": {
            "month": "2009-07",
            "price": "11.34",
            "revenue": 271391
        },
        "2009-08": {
            "month": "2009-08",
            "price": "12.62",
            "revenue": 271529
        },
        "2009-09": {
            "month": "2009-09",
            "price": "15.19",
            "revenue": 373819
        },
        "2009-10": {
            "month": "2009-10",
            "price": "19.16",
            "revenue": 323416
        },
        "2009-11": {
            "month": "2009-11",
            "price": "18.13",
            "revenue": 300899
        },
        "2009-12": {
            "month": "2009-12",
            "price": "18.78",
            "revenue": 296733
        },
        "2010-01": {
            "month": "2010-01",
            "price": "19.24",
            "revenue": 375123
        },
        "2010-02": {
            "month": "2010-02",
            "price": "17.91",
            "revenue": 253264
        },
        "2010-03": {
            "month": "2010-03",
            "price": "20.12",
            "revenue": 452576
        },
        "2010-04": {
            "month": "2010-04",
            "price": "26.87",
            "revenue": 475331
        },
        "2010-05": {
            "month": "2010-05",
            "price": "27.35",
            "revenue": 477805
        },
        "2010-06": {
            "month": "2010-06",
            "price": "25.90",
            "revenue": 448257
        },
        "2010-07": {
            "month": "2010-07",
            "price": "28.52",
            "revenue": 542892
        },
        "2010-08": {
            "month": "2010-08",
            "price": "35.02",
            "revenue": 468124
        },
        "2010-09": {
            "month": "2010-09",
            "price": "35.29",
            "revenue": 605714
        },
        "2010-10": {
            "month": "2010-10",
            "price": "36.95",
            "revenue": 475194
        },
        "2010-11": {
            "month": "2010-11",
            "price": "32.60",
            "revenue": 482036
        },
        "2010-12": {
            "month": "2010-12",
            "price": "34.21",
            "revenue": 495637
        },
        "2011-01": {
            "month": "2011-01",
            "price": "33.29",
            "revenue": 454571
        },
        "2011-02": {
            "month": "2011-02",
            "price": "31.69",
            "revenue": 298935
        },
        "2011-03": {
            "month": "2011-03",
            "price": "30.26",
            "revenue": 473468
        },
        "2011-04": {
            "month": "2011-04",
            "price": "27.86",
            "revenue": 362107
        },
        "2011-05": {
            "month": "2011-05",
            "price": "25.58",
            "revenue": 335599
        },
        "2011-06": {
            "month": "2011-06",
            "price": "23.46",
            "revenue": 318482
        },
        "2011-07": {
            "month": "2011-07",
            "price": "23.02",
            "revenue": 341635
        },
        "2011-08": {
            "month": "2011-08",
            "price": "25.64",
            "revenue": 351242
        },
        "2011-09": {
            "month": "2011-09",
            "price": "34.26",
            "revenue": 375523
        },
        "2011-10": {
            "month": "2011-10",
            "price": "32.47",
            "revenue": 342229
        },
        "2011-11": {
            "month": "2011-11",
            "price": "29.54",
            "revenue": 336277
        },
        "2011-12": {
            "month": "2011-12",
            "price": "27.06",
            "revenue": 289931
        },
        "2012-01": {
            "month": "2012-01",
            "price": "25.45",
            "revenue": 300185
        },
        "2012-02": {
            "month": "2012-02",
            "price": "28.08",
            "revenue": 302416
        },
        "2012-03": {
            "month": "2012-03",
            "price": "28.65",
            "revenue": 345492
        },
        "2012-04": {
            "month": "2012-04",
            "price": "26.29",
            "revenue": 331878
        },
        "2012-05": {
            "month": "2012-05",
            "price": "26.78",
            "revenue": 342555
        },
        "2012-06": {
            "month": "2012-06",
            "price": "26.13",
            "revenue": 348152
        },
        "2012-07": {
            "month": "2012-07",
            "price": "26.41",
            "revenue": 412553
        },
        "2012-08": {
            "month": "2012-08",
            "price": "25.11",
            "revenue": 402602
        },
        "2012-09": {
            "month": "2012-09",
            "price": "24.39",
            "revenue": 347632
        },
        "2012-10": {
            "month": "2012-10",
            "price": "22.82",
            "revenue": 374437
        },
        "2012-11": {
            "month": "2012-11",
            "price": "21.75",
            "revenue": 362773
        },
        "2012-12": {
            "month": "2012-12",
            "price": "22.00",
            "revenue": 357765
        },
        "2013-01": {
            "month": "2013-01",
            "price": "23.33",
            "revenue": 440336
        },
        "2013-02": {
            "month": "2013-02",
            "price": "25.43",
            "revenue": 323763
        },
        "2013-03": {
            "month": "2013-03",
            "price": "25.75",
            "revenue": 460427
        },
        "2013-04": {
            "month": "2013-04",
            "price": "25.99",
            "revenue": 462756
        },
        "2013-05": {
            "month": "2013-05",
            "price": "28.70",
            "revenue": 437625
        },
        "2013-06": {
            "month": "2013-06",
            "price": "29.55",
            "revenue": 373761
        },
        "2013-07": {
            "month": "2013-07",
            "price": "28.90",
            "revenue": 412505
        },
        "2013-08": {
            "month": "2013-08",
            "price": "33.13",
            "revenue": 404925
        },
        "2013-09": {
            "month": "2013-09",
            "price": "34.12",
            "revenue": 411623
        },
        "2013-10": {
            "month": "2013-10",
            "price": "34.52",
            "revenue": 388545
        },
        "2013-11": {
            "month": "2013-11",
            "price": "34.46",
            "revenue": 402279
        },
        "2013-12": {
            "month": "2013-12",
            "price": "35.75",
            "revenue": 349950
        },
        "2014-01": {
            "month": "2014-01",
            "price": "37.78",
            "revenue": 403811
        },
        "2014-02": {
            "month": "2014-02",
            "price": "39.44",
            "revenue": 318226
        },
        "2014-03": {
            "month": "2014-03",
            "price": "38.45",
            "revenue": 365623
        },
        "2014-04": {
            "month": "2014-04",
            "price": "37.15",
            "revenue": 398535
        },
        "2014-05": {
            "month": "2014-05",
            "price": "36.10",
            "revenue": 351498
        },
        "2014-06": {
            "month": "2014-06",
            "price": "37.69",
            "revenue": 380475
        },
        "2014-07": {
            "month": "2014-07",
            "price": "36.52",
            "revenue": 385672
        },
        "2014-08": {
            "month": "2014-08",
            "price": "36.07",
            "revenue": 371894
        },
        "2014-09": {
            "month": "2014-09",
            "price": "35.52",
            "revenue": 341938
        },
        "2014-10": {
            "month": "2014-10",
            "price": "32.79",
            "revenue": 351330
        },
        "2014-11": {
            "month": "2014-11",
            "price": "32.50",
            "revenue": 323354
        },
        "2014-12": {
            "month": "2014-12",
            "price": "32.11",
            "revenue": 333857
        },
        "2015-01": {
            "month": "2015-01",
            "price": "32.58",
            "revenue": 382565
        },
        "2015-02": {
            "month": "2015-02",
            "price": "32.57",
            "revenue": 223771
        },
        "2015-03": {
            "month": "2015-03",
            "price": "32.53",
            "revenue": 379039
        },
        "2015-04": {
            "month": "2015-04",
            "price": "33.30",
            "revenue": 339561
        },
        "2015-05": {
            "month": "2015-05",
            "price": "32.14",
            "revenue": 318429
        },
        "2015-06": {
            "month": "2015-06",
            "price": "30.70",
            "revenue": 329723
        },
        "2015-07": {
            "month": "2015-07",
            "price": "31.44",
            "revenue": 374994
        },
        "2015-08": {
            "month": "2015-08",
            "price": "28.71",
            "revenue": 343967
        },
        "2015-09": {
            "month": "2015-09",
            "price": "27.71",
            "revenue": 442444
        },
        "2015-10": {
            "month": "2015-10",
            "price": "27.61",
            "revenue": 409649
        },
        "2015-11": {
            "month": "2015-11",
            "price": "28.31",
            "revenue": 391576
        },
        "2015-12": {
            "month": "2015-12",
            "price": "27.98",
            "revenue": 406943
        },
        "2016-01": {
            "month": "2016-01",
            "price": "27.11",
            "revenue": 408697
        },
        "2016-02": {
            "month": "2016-02",
            "price": "26.97",
            "revenue": 292670
        },
        "2016-03": {
            "month": "2016-03",
            "price": "29.83",
            "revenue": 434570
        },
        "2016-04": {
            "month": "2016-04",
            "price": "28.76",
            "revenue": 377020
        },
        "2016-05": {
            "month": "2016-05",
            "price": "25.75",
            "revenue": 400689
        },
        "2016-06": {
            "month": "2016-06",
            "price": "24.74",
            "revenue": 384971
        },
        "2016-07": {
            "month": "2016-07",
            "price": "24.80",
            "revenue": 373569
        },
        "2016-08": {
            "month": "2016-08",
            "price": "24.97",
            "revenue": 421085
        },
        "2016-09": {
            "month": "2016-09",
            "price": "25.16",
            "revenue": 464429
        },
        "2016-10": {
            "month": "2016-10",
            "price": "25.06",
            "revenue": 378364
        },
        "2016-11": {
            "month": "2016-11",
            "price": "24.58",
            "revenue": 443294
        },
        "2016-12": {
            "month": "2016-12",
            "price": "24.63",
            "revenue": 406126
        },
        "2017-01": {
            "month": "2017-01",
            "price": "24.90",
            "revenue": 353852
        },
        "2017-02": {
            "month": "2017-02",
            "price": "24.89",
            "revenue": 349831
        },
        "2017-03": {
            "month": "2017-03",
            "price": "25.24",
            "revenue": 437614
        },
        "2017-04": {
            "month": "2017-04",
            "price": "26.48",
            "revenue": 324152
        },
        "2017-05": {
            "month": "2017-05",
            "price": "25.62",
            "revenue": 343493
        },
        "2017-06": {
            "month": "2017-06",
            "price": "25.21",
            "revenue": 392570
        },
        "2017-07": {
            "month": "2017-07",
            "price": "24.68",
            "revenue": 337694
        },
        "2017-08": {
            "month": "2017-08",
            "price": "24.50",
            "revenue": 366999
        },
        "2017-09": {
            "month": "2017-09",
            "price": "24.52",
            "revenue": 358375
        },
        "2017-10": {
            "month": "2017-10",
            "price": "23.34",
            "revenue": 296073
        },
        "2017-11": {
            "month": "2017-11",
            "price": "23.61",
            "revenue": 327204
        },
        "2017-12": {
            "month": "2017-12",
            "price": "23.75",
            "revenue": 277603
        },
        "2018-01": {
            "month": "2018-01",
            "price": "23.97",
            "revenue": 360211
        },
        "2018-02": {
            "month": "2018-02",
            "price": "23.67",
            "revenue": 200577
        },
        "2018-03": {
            "month": "2018-03",
            "price": "24.28",
            "revenue": 329662
        },
        "2018-04": {
            "month": "2018-04",
            "price": "26.06",
            "revenue": 311026
        },
        "2018-05": {
            "month": "2018-05",
            "price": "25.31",
            "revenue": 301725
        },
        "2018-06": {
            "month": "2018-06",
            "price": "28.23",
            "revenue": 315506
        },
        "2018-07": {
            "month": "2018-07",
            "price": "27.61",
            "revenue": 294997
        },
        "2018-08": {
            "month": "2018-08",
            "price": "26.06",
            "revenue": 343554
        },
        "2018-09": {
            "month": "2018-09",
            "price": "25.51",
            "revenue": 338988
        },
        "2018-10": {
            "month": "2018-10",
            "price": "24.00",
            "revenue": 317649
        },
        "2018-11": {
            "month": "2018-11",
            "price": "24.32",
            "revenue": 272324
        },
        "2018-12": {
            "month": "2018-12",
            "price": "24.82",
            "revenue": 300621
        },
        "2019-01": {
            "month": "2019-01",
            "price": "25.26",
            "revenue": 280762
        },
        "2019-02": {
            "month": "2019-02",
            "price": "26.05",
            "revenue": 173062
        },
        "2019-03": {
            "month": "2019-03",
            "price": "27.11",
            "revenue": 296515
        },
        "2019-04": {
            "month": "2019-04",
            "price": "27.53",
            "revenue": 300345
        },
        "2019-05": {
            "month": "2019-05",
            "price": "27.58",
            "revenue": 253301
        },
        "2019-06": {
            "month": "2019-06",
            "price": "27.67",
            "revenue": 273288
        },
        "2019-07": {
            "month": "2019-07",
            "price": "27.22",
            "revenue": 288973
        },
        "2019-08": {
            "month": "2019-08",
            "price": "25.18",
            "revenue": 240090
        },
        "2019-09": {
            "month": "2019-09",
            "price": "25.11",
            "revenue": 302411
        },
        "2019-10": {
            "month": "2019-10",
            "price": "24.83",
            "revenue": 267348
        },
        "2019-11": {
            "month": "2019-11",
            "price": "24.74",
            "revenue": 306045
        },
        "2019-12": {
            "month": "2019-12",
            "price": "25.19",
            "revenue": 285767
        },
        "2020-01": {
            "month": "2020-01",
            "price": "25.08",
            "revenue": 178733
        },
        "2020-02": {
            "month": "2020-02",
            "price": "24.09",
            "revenue": 194819
        },
        "2020-03": {
            "month": "2020-03",
            "price": "22.38",
            "revenue": 322978
        },
        "2020-04": {
            "month": "2020-04",
            "price": "22.26",
            "revenue": 253748
        },
        "2020-05": {
            "month": "2020-05",
            "price": "22.57",
            "revenue": 201321
        },
        "2020-06": {
            "month": "2020-06",
            "price": "22.97",
            "revenue": 214601
        },
        "2020-07": {
            "month": "2020-07",
            "price": "22.14",
            "revenue": 256165
        },
        "2020-08": {
            "month": "2020-08",
            "price": "21.25",
            "revenue": 278167
        },
        "2020-09": {
            "month": "2020-09",
            "price": "21.39",
            "revenue": 270983
        },
        "2020-10": {
            "month": "2020-10",
            "price": "21.45",
            "revenue": 233342
        },
        "2020-11": {
            "month": "2020-11",
            "price": "21.32",
            "revenue": 283111
        },
        "2020-12": {
            "month": "2020-12",
            "price": "21.68",
            "revenue": 277318
        },
        "2021-01": {
            "month": "2021-01",
            "price": "22.09",
            "revenue": 336659
        },
        "2021-02": {
            "month": "2021-02",
            "price": "22.18",
            "revenue": 239663
        },
        "2021-03": {
            "month": "2021-03",
            "price": "23.10",
            "revenue": 307657
        },
        "2021-04": {
            "month": "2021-04",
            "price": "24.46",
            "revenue": 312569
        },
        "2021-05": {
            "month": "2021-05",
            "price": "23.15",
            "revenue": 316831
        },
        "2021-06": {
            "month": "2021-06",
            "price": "23.76",
            "revenue": 334475
        },
        "2021-07": {
            "month": "2021-07",
            "price": "24.29",
            "revenue": 322520
        },
        "2021-08": {
            "month": "2021-08",
            "price": "25.75",
            "revenue": 317012
        },
        "2021-09": {
            "month": "2021-09",
            "price": "29.64",
            "revenue": 353758
        },
        "2021-10": {
            "month": "2021-10",
            "price": "30.70",
            "revenue": 287520
        },
        "2021-11": {
            "month": "2021-11",
            "price": "28.63",
            "revenue": 369952
        },
        "2021-12": {
            "month": "2021-12",
            "price": "28.65",
            "revenue": 309167
        },
        "2022-01": {
            "month": "2022-01",
            "price": "27.84",
            "revenue": 345930
        },
        "2022-02": {
            "month": "2022-02",
            "price": "28.48",
            "revenue": 261191
        },
        "2022-03": {
            "month": "2022-03",
            "price": "28.18",
            "revenue": 376735
        },
        "2022-04": {
            "month": "2022-04",
            "price": "28.22",
            "revenue": 236426
        },
        "2022-05": {
            "month": "2022-05",
            "price": "28.35",
            "revenue": 419147
        },
        "2022-06": {
            "month": "2022-06",
            "price": "31.43",
            "revenue": 435376
        },
        "2022-07": {
            "month": "2022-07",
            "price": "30.34",
            "revenue": 367484
        },
        "2022-08": {
            "month": "2022-08",
            "price": "33.66",
            "revenue": 382277
        },
        "2022-09": {
            "month": "2022-09",
            "price": "30.84",
            "revenue": 412266
        },
        "2022-10": {
            "month": "2022-10",
            "price": "29.16",
            "revenue": 245144
        },
        "2022-11": {
            "month": "2022-11",
            "price": "29.79",
            "revenue": 272386
        },
        "2022-12": {
            "month": "2022-12",
            "price": "29.72",
            "revenue": 334830
        },
        "2023-01": {
            "month": "2023-01",
            "price": "30.14",
            "revenue": 239655
        },
        "2023-02": {
            "month": "2023-02",
            "price": "31.18",
            "revenue": 262247
        },
        "2023-03": {
            "month": "2023-03",
            "price": "31.81",
            "revenue": 298936
        },
        "2023-04": {
            "month": "2023-04",
            "price": "31.56",
            "revenue": 187617
        },
        "2023-05": {
            "month": "2023-05",
            "price": "30.75",
            "revenue": 253561
        }
    }
}
