{
    "summary": {
        "stock_name": "雷虎",
        "stock_id": "8033",
        "category": "其他",
        "main_business": "精密醫療器材製造與買賣<br>中大型無人載具製造與買賣<br>無線電遙控模型飛機、車、船、直昇機及其零配件等製造與買賣",
        "website_url": "http://www.thundertiger.com",
        "ceo": "蘇聖傑",
        "pe_ratio": -1495,
        "report_year_from": 2002,
        "report_year_to": 2023,
        "age": 21,
        "eps_negative_percentage": 55,
        "eps_growth_avg": {
            "last_all": -36.18,
            "last_2y": 18.42,
            "last_4y": 18.42,
            "last_8y": -21.05,
            "last_12y": -21.05,
            "last_16y": -46.03,
            "last_20y": null,
            "at_2006_last_3y": null,
            "at_2007_last_3y": null,
            "at_2008_last_3y": -31.57,
            "at_2009_last_3y": -64.77,
            "at_2010_last_3y": -75.89,
            "at_2011_last_3y": -96.52,
            "at_2012_last_3y": -100,
            "at_2013_last_3y": null,
            "at_2014_last_3y": -100,
            "at_2015_last_3y": -100,
            "at_2016_last_3y": -100,
            "at_2017_last_3y": -100,
            "at_2018_last_3y": null,
            "at_2019_last_3y": null,
            "at_2020_last_3y": null,
            "at_2021_last_3y": 100,
            "at_2022_last_3y": 18.42,
            "at_2023_last_3y": 18.42,
            "at_2006_last_all": 0.69,
            "at_2007_last_all": -11.08,
            "at_2008_last_all": -31.57,
            "at_2009_last_all": -45.26,
            "at_2010_last_all": -45.26,
            "at_2011_last_all": -45.26,
            "at_2012_last_all": -45.26,
            "at_2013_last_all": -45.26,
            "at_2014_last_all": -54.38,
            "at_2015_last_all": -54.38,
            "at_2016_last_all": -54.38,
            "at_2017_last_all": -54.38,
            "at_2018_last_all": -54.38,
            "at_2019_last_all": -54.38,
            "at_2020_last_all": -54.38,
            "at_2021_last_all": -32.33,
            "at_2022_last_all": -36.18,
            "at_2023_last_all": -36.18
        },
        "latest_eps": -0.04,
        "latest_price": 59.8,
        "latest_roe": 0.28,
        "latest_gross_margin": 37.93,
        "latest_equity": 1363729,
        "latest_revenue": 251754,
        "latest_gross_profit": 95493,
        "latest_net_income": 987,
        "latest_debt_ratio": 32.32,
        "latest_current_ratio": 241.06,
        "latest_account_receivable_turnover_ratio": 2.09,
        "latest_inventory_turnover_ratio": 0.28,
        "latest_reinvestment_rate": null,
        "latest_research_to_sale_ratio": 8.66
    },
    "eps_dividends": {
        "2001": {
            "cash": 0,
            "stock": 0,
            "eps": 0
        },
        "2002": {
            "cash": 0,
            "stock": 0,
            "eps": 0
        },
        "2003": {
            "cash": 0.6,
            "stock": 0.6,
            "eps": 0
        },
        "2004": {
            "cash": 1,
            "stock": 1,
            "eps": 3.14
        },
        "2005": {
            "cash": 1.3,
            "stock": 1,
            "eps": 4.17
        },
        "2006": {
            "cash": 2.4,
            "stock": 0.5,
            "eps": 2.86
        },
        "2007": {
            "cash": 1.5,
            "stock": 0.5,
            "eps": 1.87
        },
        "2008": {
            "cash": 1.3,
            "stock": 0.3,
            "eps": 0.13
        },
        "2009": {
            "cash": 0.2,
            "stock": 0,
            "eps": -0.56
        },
        "2010": {
            "cash": 0,
            "stock": 0,
            "eps": -2.19
        },
        "2011": {
            "cash": 0,
            "stock": 0,
            "eps": -0.99
        },
        "2012": {
            "cash": 0,
            "stock": 0,
            "eps": -1.89
        },
        "2013": {
            "cash": 0,
            "stock": 0,
            "eps": 0.22
        },
        "2014": {
            "cash": 0,
            "stock": 0,
            "eps": -1.59
        },
        "2015": {
            "cash": 0,
            "stock": 0,
            "eps": -1.54
        },
        "2016": {
            "cash": 0,
            "stock": 0,
            "eps": -1.53
        },
        "2017": {
            "cash": 0,
            "stock": 0,
            "eps": -0.75
        },
        "2018": {
            "cash": 0,
            "stock": 0,
            "eps": -0.45
        },
        "2019": {
            "cash": 0,
            "stock": 0,
            "eps": -0.58
        },
        "2020": {
            "cash": 0,
            "stock": 0,
            "eps": 0.03
        },
        "2021": {
            "cash": 0,
            "stock": 0,
            "eps": 0.19
        },
        "2022": {
            "cash": 0,
            "stock": 0,
            "eps": 0.07
        },
        "2023": {
            "cash": 0,
            "stock": 0,
            "eps": -0.09
        }
    },
    "dividends": {
        "2003-04-10": {
            "cash": 0.6,
            "stock": 0.6
        },
        "2004-03-30": {
            "cash": 1,
            "stock": 1
        },
        "2005-04-06": {
            "cash": 1.3,
            "stock": 1
        },
        "2006-04-06": {
            "cash": 2.4,
            "stock": 0.5
        },
        "2007-03-30": {
            "cash": 1.5,
            "stock": 0.5
        },
        "2008-03-25": {
            "cash": 1.3,
            "stock": 0.3
        },
        "2009-04-09": {
            "cash": 0.2,
            "stock": 0
        }
    },
    "prices": {
        "200101": "無",
        "200102": "無",
        "200103": "無",
        "200104": "無",
        "200105": "無",
        "200106": "無",
        "200107": "無",
        "200108": "無",
        "200109": "無",
        "200110": "無",
        "200111": "無",
        "200112": "無",
        "200201": "無",
        "200202": "無",
        "200203": "無",
        "200204": "無",
        "200205": "無",
        "200206": "無",
        "200207": "無",
        "200208": "無",
        "200209": "無",
        "200210": "無",
        "200211": "無",
        "200212": "無",
        "200301": "無",
        "200302": "無",
        "200303": "無",
        "200304": "無",
        "200305": "無",
        "200306": "無",
        "200307": "無",
        "200308": "無",
        "200309": "16.04",
        "200310": "15.70",
        "200311": "15.75",
        "200312": "16.85",
        "200401": "16.35",
        "200402": "22.10",
        "200403": "25.39",
        "200404": "26.84",
        "200405": "25.52",
        "200406": "25.91",
        "200407": "25.20",
        "200408": "22.48",
        "200409": "23.02",
        "200410": "22.71",
        "200411": "20.98",
        "200412": "21.74",
        "200501": "24.47",
        "200502": "30.41",
        "200503": "29.49",
        "200504": "29.58",
        "200505": "32.61",
        "200506": "35.08",
        "200507": "50.00",
        "200508": "52.40",
        "200509": "49.37",
        "200510": "42.10",
        "200511": "38.34",
        "200512": "42.78",
        "200601": "42.10",
        "200602": "39.08",
        "200603": "39.39",
        "200604": "42.50",
        "200605": "44.65",
        "200606": "42.19",
        "200607": "40.37",
        "200608": "37.12",
        "200609": "31.96",
        "200610": "31.59",
        "200611": "33.92",
        "200612": "35.42",
        "200701": "40.00",
        "200702": "37.26",
        "200703": "35.23",
        "200704": "36.48",
        "200705": "34.57",
        "200706": "37.55",
        "200707": "44.84",
        "200708": "41.20",
        "200709": "39.28",
        "200710": "36.29",
        "200711": "31.24",
        "200712": "29.36",
        "200801": "25.85",
        "200802": "24.83",
        "200803": "24.79",
        "200804": "26.21",
        "200805": "24.78",
        "200806": "21.59",
        "200807": "17.80",
        "200808": "19.54",
        "200809": "14.65",
        "200810": "11.45",
        "200811": "10.50",
        "200812": "9.48",
        "200901": "9.27",
        "200902": "9.20",
        "200903": "11.17",
        "200904": "13.67",
        "200905": "13.65",
        "200906": "13.85",
        "200907": "13.80",
        "200908": "13.68",
        "200909": "13.92",
        "200910": "15.22",
        "200911": "14.49",
        "200912": "15.49",
        "201001": "16.15",
        "201002": "14.10",
        "201003": "14.77",
        "201004": "15.43",
        "201005": "13.48",
        "201006": "14.11",
        "201007": "15.48",
        "201008": "15.78",
        "201009": "15.19",
        "201010": "15.57",
        "201011": "13.17",
        "201012": "13.36",
        "201101": "13.17",
        "201102": "12.60",
        "201103": "11.79",
        "201104": "11.01",
        "201105": "11.15",
        "201106": "10.88",
        "201107": "10.69",
        "201108": "8.63",
        "201109": "8.55",
        "201110": "10.21",
        "201111": "9.23",
        "201112": "7.74",
        "201201": "7.77",
        "201202": "8.91",
        "201203": "8.77",
        "201204": "9.58",
        "201205": "8.55",
        "201206": "8.02",
        "201207": "7.58",
        "201208": "8.00",
        "201209": "8.06",
        "201210": "8.01",
        "201211": "7.22",
        "201212": "8.12",
        "201301": "8.75",
        "201302": "8.51",
        "201303": "9.12",
        "201304": "12.42",
        "201305": "12.90",
        "201306": "11.22",
        "201307": "10.93",
        "201308": "10.06",
        "201309": "10.66",
        "201310": "11.36",
        "201311": "11.45",
        "201312": "11.70",
        "201401": "12.62",
        "201402": "15.68",
        "201403": "14.88",
        "201404": "17.38",
        "201405": "15.98",
        "201406": "16.14",
        "201407": "16.47",
        "201408": "15.07",
        "201409": "14.30",
        "201410": "12.68",
        "201411": "11.53",
        "201412": "13.44",
        "201501": "13.74",
        "201502": "12.34",
        "201503": "12.52",
        "201504": "12.45",
        "201505": "11.47",
        "201506": "10.02",
        "201507": "8.93",
        "201508": "8.72",
        "201509": "9.22",
        "201510": "9.55",
        "201511": "10.31",
        "201512": "9.69",
        "201601": "8.79",
        "201602": "8.79",
        "201603": "9.29",
        "201604": "8.65",
        "201605": "7.94",
        "201606": "9.14",
        "201607": "8.95",
        "201608": "8.61",
        "201609": "8.57",
        "201610": "8.33",
        "201611": "8.90",
        "201612": "8.63",
        "201701": "8.52",
        "201702": "8.43",
        "201703": "8.89",
        "201704": "8.58",
        "201705": "8.41",
        "201706": "8.89",
        "201707": "8.56",
        "201708": "8.58",
        "201709": "9.69",
        "201710": "10.57",
        "201711": "10.23",
        "201712": "10.41",
        "201801": "13.04",
        "201802": "12.23",
        "201803": "12.44",
        "201804": "12.25",
        "201805": "12.19",
        "201806": "14.58",
        "201807": "12.90",
        "201808": "12.53",
        "201809": "11.41",
        "201810": "9.59",
        "201811": "8.01",
        "201812": "8.23",
        "201901": "8.27",
        "201902": "8.52",
        "201903": "8.60",
        "201904": "8.67",
        "201905": "10.81",
        "201906": "10.46",
        "201907": "11.18",
        "201908": "10.89",
        "201909": "10.77",
        "201910": "10.71",
        "201911": "10.52",
        "201912": "10.19",
        "202001": "9.73",
        "202002": "9.00",
        "202003": "7.72",
        "202004": "7.39",
        "202005": "7.83",
        "202006": "9.33",
        "202007": "11.18",
        "202008": "10.30",
        "202009": "10.52",
        "202010": "10.90",
        "202011": "10.91",
        "202012": "12.88",
        "202101": "16.72",
        "202102": "17.42",
        "202103": "17.73",
        "202104": "19.11",
        "202105": "15.19",
        "202106": "15.58",
        "202107": "14.62",
        "202108": "13.45",
        "202109": "13.32",
        "202110": "17.62",
        "202111": "17.80",
        "202112": "17.60",
        "202201": "15.95",
        "202202": "15.99",
        "202203": "16.45",
        "202204": "17.19",
        "202205": "18.19",
        "202206": "17.80",
        "202207": "16.94",
        "202208": "17.44",
        "202209": "19.31",
        "202210": "19.18",
        "202211": "36.55",
        "202212": "42.82",
        "202301": "41.10",
        "202302": "46.60",
        "202303": "58.59",
        "202304": "69.04",
        "202305": "69.60",
        "202306": "70.54",
        "202307": "62.74",
        "202308": "58.94",
        "202309": "63.96"
    },
    "quarters": {
        "20011": {
            "year_quarter": 20011,
            "year": 2001,
            "quarter": 1,
            "eps": null,
            "eps_growth_year": null,
            "eps_4q": null,
            "eps_4q_growth_year": null,
            "roe": null,
            "roe_4q": 0,
            "gross_profit": null,
            "gross_margin": null,
            "gross_margin_4q_avg": 0,
            "net_income": null,
            "revenue": null,
            "common_shares": null,
            "book_valuer_per_share": null,
            "book_valuer_per_share_4q_avg": 0,
            "equity": null,
            "current_ratio": null,
            "debt_ratio": null,
            "inventory_turnover_ratio": null,
            "account_receivable_turnover_ratio": null,
            "reinvestment_rate": null,
            "research_to_sale_ratio": null,
            "price_fair": 0,
            "eps_avg_yearly": 0,
            "eps_latest_yearly": 0,
            "eps_growth_yearly": 0
        },
        "20012": {
            "year_quarter": 20012,
            "year": 2001,
            "quarter": 2,
            "eps": null,
            "eps_growth_year": null,
            "eps_4q": null,
            "eps_4q_growth_year": null,
            "roe": null,
            "roe_4q": 0,
            "gross_profit": null,
            "gross_margin": null,
            "gross_margin_4q_avg": 0,
            "net_income": null,
            "revenue": null,
            "common_shares": null,
            "book_valuer_per_share": null,
            "book_valuer_per_share_4q_avg": 0,
            "equity": null,
            "current_ratio": null,
            "debt_ratio": null,
            "inventory_turnover_ratio": null,
            "account_receivable_turnover_ratio": null,
            "reinvestment_rate": null,
            "research_to_sale_ratio": null,
            "price_fair": 0,
            "eps_avg_yearly": 0,
            "eps_latest_yearly": 0,
            "eps_growth_yearly": 0
        },
        "20013": {
            "year_quarter": 20013,
            "year": 2001,
            "quarter": 3,
            "eps": null,
            "eps_growth_year": null,
            "eps_4q": null,
            "eps_4q_growth_year": null,
            "roe": null,
            "roe_4q": 0,
            "gross_profit": null,
            "gross_margin": null,
            "gross_margin_4q_avg": 0,
            "net_income": null,
            "revenue": null,
            "common_shares": null,
            "book_valuer_per_share": null,
            "book_valuer_per_share_4q_avg": 0,
            "equity": null,
            "current_ratio": null,
            "debt_ratio": null,
            "inventory_turnover_ratio": null,
            "account_receivable_turnover_ratio": null,
            "reinvestment_rate": null,
            "research_to_sale_ratio": null,
            "price_fair": 0,
            "eps_avg_yearly": 0,
            "eps_latest_yearly": 0,
            "eps_growth_yearly": 0
        },
        "20014": {
            "year_quarter": 20014,
            "year": 2001,
            "quarter": 4,
            "eps": null,
            "eps_growth_year": null,
            "eps_4q": null,
            "eps_4q_growth_year": null,
            "roe": null,
            "roe_4q": 0,
            "gross_profit": null,
            "gross_margin": null,
            "gross_margin_4q_avg": 0,
            "net_income": null,
            "revenue": null,
            "common_shares": 476157,
            "book_valuer_per_share": 13.02,
            "book_valuer_per_share_4q_avg": 3.26,
            "equity": 619762,
            "current_ratio": 254.47,
            "debt_ratio": 28.14,
            "inventory_turnover_ratio": null,
            "account_receivable_turnover_ratio": null,
            "reinvestment_rate": null,
            "research_to_sale_ratio": null,
            "price_fair": 0,
            "eps_avg_yearly": 0,
            "eps_latest_yearly": 0,
            "eps_growth_yearly": 0
        },
        "20021": {
            "year_quarter": 20021,
            "year": 2002,
            "quarter": 1,
            "eps": null,
            "eps_growth_year": null,
            "eps_4q": null,
            "eps_4q_growth_year": null,
            "roe": null,
            "roe_4q": 0,
            "gross_profit": null,
            "gross_margin": null,
            "gross_margin_4q_avg": 0,
            "net_income": null,
            "revenue": null,
            "common_shares": null,
            "book_valuer_per_share": null,
            "book_valuer_per_share_4q_avg": 3.26,
            "equity": null,
            "current_ratio": null,
            "debt_ratio": null,
            "inventory_turnover_ratio": null,
            "account_receivable_turnover_ratio": null,
            "reinvestment_rate": null,
            "research_to_sale_ratio": null,
            "price_fair": 0,
            "eps_avg_yearly": 0,
            "eps_latest_yearly": 0,
            "eps_growth_yearly": 0
        },
        "20022": {
            "year_quarter": 20022,
            "year": 2002,
            "quarter": 2,
            "eps": null,
            "eps_growth_year": null,
            "eps_4q": null,
            "eps_4q_growth_year": null,
            "roe": null,
            "roe_4q": 0,
            "gross_profit": null,
            "gross_margin": null,
            "gross_margin_4q_avg": 0,
            "net_income": null,
            "revenue": null,
            "common_shares": null,
            "book_valuer_per_share": null,
            "book_valuer_per_share_4q_avg": 3.26,
            "equity": null,
            "current_ratio": null,
            "debt_ratio": null,
            "inventory_turnover_ratio": null,
            "account_receivable_turnover_ratio": null,
            "reinvestment_rate": null,
            "research_to_sale_ratio": null,
            "price_fair": 0,
            "eps_avg_yearly": 0,
            "eps_latest_yearly": 0,
            "eps_growth_yearly": 0
        },
        "20023": {
            "year_quarter": 20023,
            "year": 2002,
            "quarter": 3,
            "eps": null,
            "eps_growth_year": null,
            "eps_4q": null,
            "eps_4q_growth_year": null,
            "roe": null,
            "roe_4q": 0,
            "gross_profit": null,
            "gross_margin": null,
            "gross_margin_4q_avg": 0,
            "net_income": null,
            "revenue": null,
            "common_shares": null,
            "book_valuer_per_share": null,
            "book_valuer_per_share_4q_avg": 3.26,
            "equity": null,
            "current_ratio": null,
            "debt_ratio": null,
            "inventory_turnover_ratio": null,
            "account_receivable_turnover_ratio": null,
            "reinvestment_rate": null,
            "research_to_sale_ratio": null,
            "price_fair": 0,
            "eps_avg_yearly": 0,
            "eps_latest_yearly": 0,
            "eps_growth_yearly": 0
        },
        "20024": {
            "year_quarter": 20024,
            "year": 2002,
            "quarter": 4,
            "eps": null,
            "eps_growth_year": null,
            "eps_4q": null,
            "eps_4q_growth_year": null,
            "roe": null,
            "roe_4q": 0,
            "gross_profit": null,
            "gross_margin": null,
            "gross_margin_4q_avg": 0,
            "net_income": null,
            "revenue": null,
            "common_shares": 537829,
            "book_valuer_per_share": 12.8,
            "book_valuer_per_share_4q_avg": 3.2,
            "equity": 688524,
            "current_ratio": 255.3,
            "debt_ratio": 30.22,
            "inventory_turnover_ratio": null,
            "account_receivable_turnover_ratio": null,
            "reinvestment_rate": null,
            "research_to_sale_ratio": null,
            "price_fair": 0,
            "eps_avg_yearly": 0,
            "eps_latest_yearly": 0,
            "eps_growth_yearly": 0
        },
        "20031": {
            "year_quarter": 20031,
            "year": 2003,
            "quarter": 1,
            "eps": null,
            "eps_growth_year": null,
            "eps_4q": null,
            "eps_4q_growth_year": null,
            "roe": null,
            "roe_4q": 0,
            "gross_profit": null,
            "gross_margin": null,
            "gross_margin_4q_avg": 0,
            "net_income": null,
            "revenue": null,
            "common_shares": null,
            "book_valuer_per_share": null,
            "book_valuer_per_share_4q_avg": 3.2,
            "equity": null,
            "current_ratio": null,
            "debt_ratio": null,
            "inventory_turnover_ratio": null,
            "account_receivable_turnover_ratio": null,
            "reinvestment_rate": null,
            "research_to_sale_ratio": null,
            "price_fair": 0,
            "eps_avg_yearly": 0,
            "eps_latest_yearly": 0,
            "eps_growth_yearly": 0
        },
        "20032": {
            "year_quarter": 20032,
            "year": 2003,
            "quarter": 2,
            "eps": null,
            "eps_growth_year": null,
            "eps_4q": null,
            "eps_4q_growth_year": null,
            "roe": null,
            "roe_4q": 0,
            "gross_profit": null,
            "gross_margin": null,
            "gross_margin_4q_avg": 0,
            "net_income": null,
            "revenue": null,
            "common_shares": null,
            "book_valuer_per_share": null,
            "book_valuer_per_share_4q_avg": 3.2,
            "equity": null,
            "current_ratio": null,
            "debt_ratio": null,
            "inventory_turnover_ratio": null,
            "account_receivable_turnover_ratio": null,
            "reinvestment_rate": null,
            "research_to_sale_ratio": null,
            "price_fair": 0,
            "eps_avg_yearly": 0,
            "eps_latest_yearly": 0,
            "eps_growth_yearly": 0
        },
        "20033": {
            "year_quarter": 20033,
            "year": 2003,
            "quarter": 3,
            "eps": null,
            "eps_growth_year": null,
            "eps_4q": null,
            "eps_4q_growth_year": null,
            "roe": null,
            "roe_4q": 0,
            "gross_profit": null,
            "gross_margin": null,
            "gross_margin_4q_avg": 0,
            "net_income": null,
            "revenue": null,
            "common_shares": null,
            "book_valuer_per_share": null,
            "book_valuer_per_share_4q_avg": 3.2,
            "equity": null,
            "current_ratio": null,
            "debt_ratio": null,
            "inventory_turnover_ratio": null,
            "account_receivable_turnover_ratio": null,
            "reinvestment_rate": null,
            "research_to_sale_ratio": null,
            "price_fair": 0,
            "eps_avg_yearly": 0,
            "eps_latest_yearly": 0,
            "eps_growth_yearly": 0
        },
        "20034": {
            "year_quarter": 20034,
            "year": 2003,
            "quarter": 4,
            "eps": null,
            "eps_growth_year": null,
            "eps_4q": null,
            "eps_4q_growth_year": null,
            "roe": null,
            "roe_4q": 0,
            "gross_profit": null,
            "gross_margin": null,
            "gross_margin_4q_avg": 0,
            "net_income": null,
            "revenue": null,
            "common_shares": 574607,
            "book_valuer_per_share": 14.01,
            "book_valuer_per_share_4q_avg": 3.5,
            "equity": 805291,
            "current_ratio": 252.02,
            "debt_ratio": 31.31,
            "inventory_turnover_ratio": null,
            "account_receivable_turnover_ratio": null,
            "reinvestment_rate": null,
            "research_to_sale_ratio": null,
            "price_fair": 0,
            "eps_avg_yearly": 0,
            "eps_latest_yearly": 0,
            "eps_growth_yearly": 0
        },
        "20041": {
            "year_quarter": 20041,
            "year": 2004,
            "quarter": 1,
            "eps": 0.78,
            "eps_growth_year": null,
            "eps_4q": null,
            "eps_4q_growth_year": null,
            "roe": 5.4,
            "roe_4q": 5.4,
            "gross_profit": 109679,
            "gross_margin": 41.27,
            "gross_margin_4q_avg": 10.32,
            "net_income": 44565,
            "revenue": 265741,
            "common_shares": 574607,
            "book_valuer_per_share": 14.72,
            "book_valuer_per_share_4q_avg": 7.18,
            "equity": 846094,
            "current_ratio": 327.26,
            "debt_ratio": 22.73,
            "inventory_turnover_ratio": 0.58,
            "account_receivable_turnover_ratio": null,
            "reinvestment_rate": null,
            "research_to_sale_ratio": null,
            "price_fair": 0,
            "eps_avg_yearly": 0,
            "eps_latest_yearly": 0,
            "eps_growth_yearly": 0
        },
        "20042": {
            "year_quarter": 20042,
            "year": 2004,
            "quarter": 2,
            "eps": 0.53,
            "eps_growth_year": null,
            "eps_4q": null,
            "eps_4q_growth_year": null,
            "roe": 4.06,
            "roe_4q": 9.46,
            "gross_profit": 90525,
            "gross_margin": 41.13,
            "gross_margin_4q_avg": 20.6,
            "net_income": 33766,
            "revenue": 220098,
            "common_shares": 574607,
            "book_valuer_per_share": 14.24,
            "book_valuer_per_share_4q_avg": 10.74,
            "equity": 818300,
            "current_ratio": 292.07,
            "debt_ratio": 28.68,
            "inventory_turnover_ratio": 0.62,
            "account_receivable_turnover_ratio": null,
            "reinvestment_rate": null,
            "research_to_sale_ratio": null,
            "price_fair": 6.36,
            "eps_avg_yearly": 2.12,
            "eps_latest_yearly": 2.12,
            "eps_growth_yearly": -128.21
        },
        "20043": {
            "year_quarter": 20043,
            "year": 2004,
            "quarter": 3,
            "eps": 1.01,
            "eps_growth_year": null,
            "eps_4q": null,
            "eps_4q_growth_year": null,
            "roe": 7.62,
            "roe_4q": 17.08,
            "gross_profit": 123091,
            "gross_margin": 41.07,
            "gross_margin_4q_avg": 30.87,
            "net_income": 64913,
            "revenue": 299676,
            "common_shares": 640422,
            "book_valuer_per_share": 13.83,
            "book_valuer_per_share_4q_avg": 14.2,
            "equity": 885418,
            "current_ratio": 335.38,
            "debt_ratio": 24.88,
            "inventory_turnover_ratio": 0.87,
            "account_receivable_turnover_ratio": null,
            "reinvestment_rate": null,
            "research_to_sale_ratio": null,
            "price_fair": 107.8,
            "eps_avg_yearly": 3.08,
            "eps_latest_yearly": 4.04,
            "eps_growth_yearly": 117.03
        },
        "20044": {
            "year_quarter": 20044,
            "year": 2004,
            "quarter": 4,
            "eps": 0.82,
            "eps_growth_year": null,
            "eps_4q": 3.05,
            "eps_4q_growth_year": null,
            "roe": 5.8,
            "roe_4q": 22.880000000000003,
            "gross_profit": 147893,
            "gross_margin": 42.58,
            "gross_margin_4q_avg": 41.51,
            "net_income": 52660,
            "revenue": 347320,
            "common_shares": 640422,
            "book_valuer_per_share": 14.53,
            "book_valuer_per_share_4q_avg": 14.33,
            "equity": 930568,
            "current_ratio": 268.45,
            "debt_ratio": 31.78,
            "inventory_turnover_ratio": 0.83,
            "account_receivable_turnover_ratio": null,
            "reinvestment_rate": null,
            "research_to_sale_ratio": null,
            "price_fair": 110.13,
            "eps_avg_yearly": 3.15,
            "eps_latest_yearly": 3.28,
            "eps_growth_yearly": 52.94
        },
        "20051": {
            "year_quarter": 20051,
            "year": 2005,
            "quarter": 1,
            "eps": 0.81,
            "eps_growth_year": 3.85,
            "eps_4q": 3.17,
            "eps_4q_growth_year": null,
            "roe": 5.44,
            "roe_4q": 22.919999999999998,
            "gross_profit": 122085,
            "gross_margin": 43.69,
            "gross_margin_4q_avg": 42.12,
            "net_income": 51975,
            "revenue": 279419,
            "common_shares": 640422,
            "book_valuer_per_share": 15.29,
            "book_valuer_per_share_4q_avg": 14.47,
            "equity": 979100,
            "current_ratio": 332.05,
            "debt_ratio": 24.85,
            "inventory_turnover_ratio": 0.62,
            "account_receivable_turnover_ratio": null,
            "reinvestment_rate": null,
            "research_to_sale_ratio": null,
            "price_fair": 110.95,
            "eps_avg_yearly": 3.17,
            "eps_latest_yearly": 3.24,
            "eps_growth_yearly": 38.48
        },
        "20052": {
            "year_quarter": 20052,
            "year": 2005,
            "quarter": 2,
            "eps": 1.02,
            "eps_growth_year": 92.45,
            "eps_4q": 3.67,
            "eps_4q_growth_year": null,
            "roe": 6.74,
            "roe_4q": 25.6,
            "gross_profit": 146942,
            "gross_margin": 45.02,
            "gross_margin_4q_avg": 43.09,
            "net_income": 65198,
            "revenue": 326370,
            "common_shares": 640422,
            "book_valuer_per_share": 14.91,
            "book_valuer_per_share_4q_avg": 14.64,
            "equity": 954761,
            "current_ratio": 246.06,
            "debt_ratio": 32.18,
            "inventory_turnover_ratio": 0.76,
            "account_receivable_turnover_ratio": null,
            "reinvestment_rate": null,
            "research_to_sale_ratio": null,
            "price_fair": 117.32,
            "eps_avg_yearly": 3.35,
            "eps_latest_yearly": 4.08,
            "eps_growth_yearly": 51.53
        },
        "20053": {
            "year_quarter": 20053,
            "year": 2005,
            "quarter": 3,
            "eps": 1.02,
            "eps_growth_year": 0.99,
            "eps_4q": 3.38,
            "eps_4q_growth_year": null,
            "roe": 7.34,
            "roe_4q": 25.32,
            "gross_profit": 145188,
            "gross_margin": 43.59,
            "gross_margin_4q_avg": 43.72,
            "net_income": 73528,
            "revenue": 333054,
            "common_shares": 718569,
            "book_valuer_per_share": 14.6,
            "book_valuer_per_share_4q_avg": 14.83,
            "equity": 1049074,
            "current_ratio": 175.12,
            "debt_ratio": 29.63,
            "inventory_turnover_ratio": 0.72,
            "account_receivable_turnover_ratio": null,
            "reinvestment_rate": null,
            "research_to_sale_ratio": null,
            "price_fair": 121.57,
            "eps_avg_yearly": 3.47,
            "eps_latest_yearly": 4.08,
            "eps_growth_yearly": 42.94
        },
        "20054": {
            "year_quarter": 20054,
            "year": 2005,
            "quarter": 4,
            "eps": 1.32,
            "eps_growth_year": 60.98,
            "eps_4q": 3.98,
            "eps_4q_growth_year": 30.42,
            "roe": 8.65,
            "roe_4q": 28.17,
            "gross_profit": 173770,
            "gross_margin": 47.91,
            "gross_margin_4q_avg": 45.05,
            "net_income": 94692,
            "revenue": 362727,
            "common_shares": 718569,
            "book_valuer_per_share": 15.86,
            "book_valuer_per_share_4q_avg": 15.17,
            "equity": 1139860,
            "current_ratio": 292.05,
            "debt_ratio": 31.97,
            "inventory_turnover_ratio": 0.51,
            "account_receivable_turnover_ratio": null,
            "reinvestment_rate": null,
            "research_to_sale_ratio": null,
            "price_fair": 130.6,
            "eps_avg_yearly": 3.73,
            "eps_latest_yearly": 5.28,
            "eps_growth_yearly": 53.61
        },
        "20061": {
            "year_quarter": 20061,
            "year": 2006,
            "quarter": 1,
            "eps": 0.95,
            "eps_growth_year": 17.28,
            "eps_4q": 4.19,
            "eps_4q_growth_year": 32.16,
            "roe": 5.85,
            "roe_4q": 28.58,
            "gross_profit": 157482,
            "gross_margin": 44.79,
            "gross_margin_4q_avg": 45.33,
            "net_income": 68493,
            "revenue": 351637,
            "common_shares": 718569,
            "book_valuer_per_share": 16.74,
            "book_valuer_per_share_4q_avg": 15.53,
            "equity": 1203044,
            "current_ratio": 267.99,
            "debt_ratio": 23.59,
            "inventory_turnover_ratio": 0.55,
            "account_receivable_turnover_ratio": null,
            "reinvestment_rate": null,
            "research_to_sale_ratio": null,
            "price_fair": 130.9,
            "eps_avg_yearly": 3.74,
            "eps_latest_yearly": 3.8,
            "eps_growth_yearly": 32.9
        },
        "20062": {
            "year_quarter": 20062,
            "year": 2006,
            "quarter": 2,
            "eps": 0.9,
            "eps_growth_year": -11.76,
            "eps_4q": 4.2,
            "eps_4q_growth_year": 14.49,
            "roe": 5.63,
            "roe_4q": 27.470000000000002,
            "gross_profit": 150969,
            "gross_margin": 45.71,
            "gross_margin_4q_avg": 45.5,
            "net_income": 64466,
            "revenue": 330275,
            "common_shares": 718569,
            "book_valuer_per_share": 15.1,
            "book_valuer_per_share_4q_avg": 15.58,
            "equity": 1085250,
            "current_ratio": 167.56,
            "debt_ratio": 34.62,
            "inventory_turnover_ratio": 0.7,
            "account_receivable_turnover_ratio": null,
            "reinvestment_rate": null,
            "research_to_sale_ratio": null,
            "price_fair": 130.36,
            "eps_avg_yearly": 3.72,
            "eps_latest_yearly": 3.6,
            "eps_growth_yearly": 26.9
        },
        "20063": {
            "year_quarter": 20063,
            "year": 2006,
            "quarter": 3,
            "eps": 0.66,
            "eps_growth_year": -35.29,
            "eps_4q": 3.59,
            "eps_4q_growth_year": 6.39,
            "roe": 4.58,
            "roe_4q": 24.71,
            "gross_profit": 129568,
            "gross_margin": 45.18,
            "gross_margin_4q_avg": 45.9,
            "net_income": 51250,
            "revenue": 286769,
            "common_shares": 775046,
            "book_valuer_per_share": 14.89,
            "book_valuer_per_share_4q_avg": 15.65,
            "equity": 1153852,
            "current_ratio": 136.02,
            "debt_ratio": 32.99,
            "inventory_turnover_ratio": 0.55,
            "account_receivable_turnover_ratio": null,
            "reinvestment_rate": null,
            "research_to_sale_ratio": null,
            "price_fair": 85.14,
            "eps_avg_yearly": 3.62,
            "eps_latest_yearly": 2.64,
            "eps_growth_yearly": 13.54
        },
        "20064": {
            "year_quarter": 20064,
            "year": 2006,
            "quarter": 4,
            "eps": 0.35,
            "eps_growth_year": -73.48,
            "eps_4q": 2.7,
            "eps_4q_growth_year": -32.07,
            "roe": 2.35,
            "roe_4q": 18.409999999999997,
            "gross_profit": 130749,
            "gross_margin": 40.14,
            "gross_margin_4q_avg": 43.96,
            "net_income": 27406,
            "revenue": 325702,
            "common_shares": 775046,
            "book_valuer_per_share": 15.15,
            "book_valuer_per_share_4q_avg": 15.47,
            "equity": 1174332,
            "current_ratio": 340.96,
            "debt_ratio": 28.35,
            "inventory_turnover_ratio": 0.54,
            "account_receivable_turnover_ratio": null,
            "reinvestment_rate": null,
            "research_to_sale_ratio": null,
            "price_fair": 10.24,
            "eps_avg_yearly": 3.41,
            "eps_latest_yearly": 1.4,
            "eps_growth_yearly": -4.77
        },
        "20071": {
            "year_quarter": 20071,
            "year": 2007,
            "quarter": 1,
            "eps": 0.56,
            "eps_growth_year": -41.05,
            "eps_4q": 2.4,
            "eps_4q_growth_year": -42.62,
            "roe": 3.61,
            "roe_4q": 16.169999999999998,
            "gross_profit": 106051,
            "gross_margin": 39.08,
            "gross_margin_4q_avg": 42.53,
            "net_income": 43489,
            "revenue": 271344,
            "common_shares": 775046,
            "book_valuer_per_share": 15.95,
            "book_valuer_per_share_4q_avg": 15.27,
            "equity": 1235918,
            "current_ratio": 156.22,
            "debt_ratio": 28.88,
            "inventory_turnover_ratio": 0.46,
            "account_receivable_turnover_ratio": null,
            "reinvestment_rate": null,
            "research_to_sale_ratio": null,
            "price_fair": 85.01,
            "eps_avg_yearly": 3.32,
            "eps_latest_yearly": 2.24,
            "eps_growth_yearly": 15.63
        },
        "20072": {
            "year_quarter": 20072,
            "year": 2007,
            "quarter": 2,
            "eps": 0.68,
            "eps_growth_year": -24.44,
            "eps_4q": 2.16,
            "eps_4q_growth_year": -48.59,
            "roe": 4.66,
            "roe_4q": 15.2,
            "gross_profit": 112976,
            "gross_margin": 37.84,
            "gross_margin_4q_avg": 40.56,
            "net_income": 56051,
            "revenue": 298532,
            "common_shares": 775046,
            "book_valuer_per_share": 15.08,
            "book_valuer_per_share_4q_avg": 15.27,
            "equity": 1168911,
            "current_ratio": 117.42,
            "debt_ratio": 36.67,
            "inventory_turnover_ratio": 0.58,
            "account_receivable_turnover_ratio": null,
            "reinvestment_rate": null,
            "research_to_sale_ratio": null,
            "price_fair": 101.46,
            "eps_avg_yearly": 3.27,
            "eps_latest_yearly": 2.72,
            "eps_growth_yearly": 21.02
        },
        "20073": {
            "year_quarter": 20073,
            "year": 2007,
            "quarter": 3,
            "eps": 0.49,
            "eps_growth_year": -25.76,
            "eps_4q": 2.04,
            "eps_4q_growth_year": -43.29,
            "roe": 3.38,
            "roe_4q": 13.999999999999998,
            "gross_profit": 101351,
            "gross_margin": 32.65,
            "gross_margin_4q_avg": 37.43,
            "net_income": 40211,
            "revenue": 310382,
            "common_shares": 829035,
            "book_valuer_per_share": 14.62,
            "book_valuer_per_share_4q_avg": 15.2,
            "equity": 1211673,
            "current_ratio": 122.51,
            "debt_ratio": 34.48,
            "inventory_turnover_ratio": 0.54,
            "account_receivable_turnover_ratio": null,
            "reinvestment_rate": null,
            "research_to_sale_ratio": null,
            "price_fair": 68.43,
            "eps_avg_yearly": 3.18,
            "eps_latest_yearly": 1.96,
            "eps_growth_yearly": 11.54
        },
        "20074": {
            "year_quarter": 20074,
            "year": 2007,
            "quarter": 4,
            "eps": 0.14,
            "eps_growth_year": -60,
            "eps_4q": 1.85,
            "eps_4q_growth_year": -31.47,
            "roe": 0.93,
            "roe_4q": 12.579999999999998,
            "gross_profit": 185512,
            "gross_margin": 33.44,
            "gross_margin_4q_avg": 35.75,
            "net_income": 11428,
            "revenue": 554714,
            "common_shares": 829035,
            "book_valuer_per_share": 14.86,
            "book_valuer_per_share_4q_avg": 15.13,
            "equity": 1241426,
            "current_ratio": 360.74,
            "debt_ratio": 29.37,
            "inventory_turnover_ratio": 0.74,
            "account_receivable_turnover_ratio": null,
            "reinvestment_rate": 8.6,
            "research_to_sale_ratio": null,
            "price_fair": 9.01,
            "eps_avg_yearly": 3,
            "eps_latest_yearly": 0.56,
            "eps_growth_yearly": -8.28
        },
        "20081": {
            "year_quarter": 20081,
            "year": 2008,
            "quarter": 1,
            "eps": 0.02,
            "eps_growth_year": -96.43,
            "eps_4q": 1.33,
            "eps_4q_growth_year": -44.56,
            "roe": 0.13,
            "roe_4q": 9.1,
            "gross_profit": 158709,
            "gross_margin": 44.86,
            "gross_margin_4q_avg": 37.2,
            "net_income": 1644,
            "revenue": 353752,
            "common_shares": 829035,
            "book_valuer_per_share": 14.43,
            "book_valuer_per_share_4q_avg": 14.75,
            "equity": 1205391,
            "current_ratio": 386.5,
            "debt_ratio": 27.55,
            "inventory_turnover_ratio": 0.35,
            "account_receivable_turnover_ratio": null,
            "reinvestment_rate": 17.14,
            "research_to_sale_ratio": null,
            "price_fair": 8.46,
            "eps_avg_yearly": 2.82,
            "eps_latest_yearly": 0.08,
            "eps_growth_yearly": -29.19
        },
        "20082": {
            "year_quarter": 20082,
            "year": 2008,
            "quarter": 2,
            "eps": 0.05,
            "eps_growth_year": -92.65,
            "eps_4q": 0.81,
            "eps_4q_growth_year": -62.34,
            "roe": 0.31,
            "roe_4q": 4.75,
            "gross_profit": 161993,
            "gross_margin": 43.82,
            "gross_margin_4q_avg": 38.69,
            "net_income": 3574,
            "revenue": 369642,
            "common_shares": 829035,
            "book_valuer_per_share": 13.23,
            "book_valuer_per_share_4q_avg": 14.29,
            "equity": 1104034,
            "current_ratio": 230.03,
            "debt_ratio": 37.59,
            "inventory_turnover_ratio": 0.37,
            "account_receivable_turnover_ratio": null,
            "reinvestment_rate": 23.54,
            "research_to_sale_ratio": null,
            "price_fair": 71.07,
            "eps_avg_yearly": 2.7,
            "eps_latest_yearly": 0.2,
            "eps_growth_yearly": 16.32
        },
        "20083": {
            "year_quarter": 20083,
            "year": 2008,
            "quarter": 3,
            "eps": 0.23,
            "eps_growth_year": -53.06,
            "eps_4q": 0.44,
            "eps_4q_growth_year": -78.35,
            "roe": 1.72,
            "roe_4q": 3.09,
            "gross_profit": 165865,
            "gross_margin": 44.27,
            "gross_margin_4q_avg": 41.6,
            "net_income": 19681,
            "revenue": 374694,
            "common_shares": 864791,
            "book_valuer_per_share": 13.57,
            "book_valuer_per_share_4q_avg": 14.02,
            "equity": 1181678,
            "current_ratio": 251.9,
            "debt_ratio": 39.8,
            "inventory_turnover_ratio": 0.31,
            "account_receivable_turnover_ratio": null,
            "reinvestment_rate": 29.8,
            "research_to_sale_ratio": null,
            "price_fair": 87.68,
            "eps_avg_yearly": 2.51,
            "eps_latest_yearly": 0.92,
            "eps_growth_yearly": 83.68
        },
        "20084": {
            "year_quarter": 20084,
            "year": 2008,
            "quarter": 4,
            "eps": -0.17,
            "eps_growth_year": -221.43,
            "eps_4q": 0.19,
            "eps_4q_growth_year": -89.82,
            "roe": -1.35,
            "roe_4q": 0.8099999999999999,
            "gross_profit": 138284,
            "gross_margin": 45.25,
            "gross_margin_4q_avg": 44.55,
            "net_income": -16031,
            "revenue": 305581,
            "common_shares": 864791,
            "book_valuer_per_share": 13.63,
            "book_valuer_per_share_4q_avg": 13.72,
            "equity": 1185237,
            "current_ratio": 279.62,
            "debt_ratio": 38.66,
            "inventory_turnover_ratio": 0.22,
            "account_receivable_turnover_ratio": 3.79,
            "reinvestment_rate": 33.05,
            "research_to_sale_ratio": null,
            "price_fair": 85.87,
            "eps_avg_yearly": 2.45,
            "eps_latest_yearly": 0.92,
            "eps_growth_yearly": 94.28
        },
        "20091": {
            "year_quarter": 20091,
            "year": 2009,
            "quarter": 1,
            "eps": 0.04,
            "eps_growth_year": 100,
            "eps_4q": 0.2,
            "eps_4q_growth_year": -85.22,
            "roe": 0.23,
            "roe_4q": 0.9099999999999999,
            "gross_profit": 145006,
            "gross_margin": 43.57,
            "gross_margin_4q_avg": 44.23,
            "net_income": 2791,
            "revenue": 332841,
            "common_shares": 864791,
            "book_valuer_per_share": 14.06,
            "book_valuer_per_share_4q_avg": 13.62,
            "equity": 1221708,
            "current_ratio": 251.54,
            "debt_ratio": 40.17,
            "inventory_turnover_ratio": 0.25,
            "account_receivable_turnover_ratio": 1.99,
            "reinvestment_rate": 51.28,
            "research_to_sale_ratio": null,
            "price_fair": 83.9,
            "eps_avg_yearly": 2.4,
            "eps_latest_yearly": 0.92,
            "eps_growth_yearly": 101.36
        },
        "20092": {
            "year_quarter": 20092,
            "year": 2009,
            "quarter": 2,
            "eps": 0.1,
            "eps_growth_year": 100,
            "eps_4q": 0.22,
            "eps_4q_growth_year": -72.69,
            "roe": 0.65,
            "roe_4q": 1.25,
            "gross_profit": 167671,
            "gross_margin": 40.82,
            "gross_margin_4q_avg": 43.48,
            "net_income": 7815,
            "revenue": 410738,
            "common_shares": 864791,
            "book_valuer_per_share": 13.57,
            "book_valuer_per_share_4q_avg": 13.71,
            "equity": 1178852,
            "current_ratio": 229.41,
            "debt_ratio": 40.68,
            "inventory_turnover_ratio": 0.34,
            "account_receivable_turnover_ratio": 2.47,
            "reinvestment_rate": 60.68,
            "research_to_sale_ratio": null,
            "price_fair": 74.7,
            "eps_avg_yearly": 2.13,
            "eps_latest_yearly": 0.4,
            "eps_growth_yearly": 136.81
        },
        "20093": {
            "year_quarter": 20093,
            "year": 2009,
            "quarter": 3,
            "eps": -0.29,
            "eps_growth_year": -226.09,
            "eps_4q": -0.31,
            "eps_4q_growth_year": -171.11,
            "roe": -2.17,
            "roe_4q": -2.64,
            "gross_profit": 119778,
            "gross_margin": 39.85,
            "gross_margin_4q_avg": 42.37,
            "net_income": -25162,
            "revenue": 300553,
            "common_shares": 864791,
            "book_valuer_per_share": 13.08,
            "book_valuer_per_share_4q_avg": 13.59,
            "equity": 1135483,
            "current_ratio": 211.04,
            "debt_ratio": 43.64,
            "inventory_turnover_ratio": 0.25,
            "account_receivable_turnover_ratio": 2.21,
            "reinvestment_rate": 81.95,
            "research_to_sale_ratio": null,
            "price_fair": 69.46,
            "eps_avg_yearly": 1.98,
            "eps_latest_yearly": 0.4,
            "eps_growth_yearly": 147.33
        },
        "20094": {
            "year_quarter": 20094,
            "year": 2009,
            "quarter": 4,
            "eps": -0.41,
            "eps_growth_year": null,
            "eps_4q": -0.55,
            "eps_4q_growth_year": -394.02,
            "roe": -3.18,
            "roe_4q": -4.469999999999999,
            "gross_profit": 108886,
            "gross_margin": 37.1,
            "gross_margin_4q_avg": 40.34,
            "net_income": -35284,
            "revenue": 293477,
            "common_shares": 864791,
            "book_valuer_per_share": 12.45,
            "book_valuer_per_share_4q_avg": 13.29,
            "equity": 1081258,
            "current_ratio": 223.49,
            "debt_ratio": 45.11,
            "inventory_turnover_ratio": 0.26,
            "account_receivable_turnover_ratio": 3.49,
            "reinvestment_rate": 426.8,
            "research_to_sale_ratio": null,
            "price_fair": 59.85,
            "eps_avg_yearly": 1.71,
            "eps_latest_yearly": 0.4,
            "eps_growth_yearly": 149.8
        },
        "20101": {
            "year_quarter": 20101,
            "year": 2010,
            "quarter": 1,
            "eps": -0.32,
            "eps_growth_year": -900,
            "eps_4q": -0.92,
            "eps_4q_growth_year": -565.91,
            "roe": -2.62,
            "roe_4q": -7.32,
            "gross_profit": 114880,
            "gross_margin": 40.52,
            "gross_margin_4q_avg": 39.57,
            "net_income": -27877,
            "revenue": 283509,
            "common_shares": 864791,
            "book_valuer_per_share": 12.02,
            "book_valuer_per_share_4q_avg": 12.78,
            "equity": 1043700,
            "current_ratio": 214.42,
            "debt_ratio": 48.59,
            "inventory_turnover_ratio": 0.24,
            "account_receivable_turnover_ratio": 1.46,
            "reinvestment_rate": 644.77,
            "research_to_sale_ratio": 6.02,
            "price_fair": 53.2,
            "eps_avg_yearly": 1.52,
            "eps_latest_yearly": 0.4,
            "eps_growth_yearly": 173.62
        },
        "20102": {
            "year_quarter": 20102,
            "year": 2010,
            "quarter": 2,
            "eps": -0.2,
            "eps_growth_year": -297.57,
            "eps_4q": -1.21,
            "eps_4q_growth_year": -645.05,
            "roe": -1.67,
            "roe_4q": -9.64,
            "gross_profit": 119918,
            "gross_margin": 40.96,
            "gross_margin_4q_avg": 39.61,
            "net_income": -17356,
            "revenue": 292736,
            "common_shares": 864791,
            "book_valuer_per_share": 11.95,
            "book_valuer_per_share_4q_avg": 12.38,
            "equity": 1033785,
            "current_ratio": 209.15,
            "debt_ratio": 45.99,
            "inventory_turnover_ratio": 0.26,
            "account_receivable_turnover_ratio": 1.42,
            "reinvestment_rate": 995.85,
            "research_to_sale_ratio": 6.01,
            "price_fair": 45.92,
            "eps_avg_yearly": 1.31,
            "eps_latest_yearly": 0.4,
            "eps_growth_yearly": 193.08
        },
        "20103": {
            "year_quarter": 20103,
            "year": 2010,
            "quarter": 3,
            "eps": -0.55,
            "eps_growth_year": null,
            "eps_4q": -1.48,
            "eps_4q_growth_year": null,
            "roe": -4.74,
            "roe_4q": -12.21,
            "gross_profit": 92216,
            "gross_margin": 33.99,
            "gross_margin_4q_avg": 38.14,
            "net_income": -47517,
            "revenue": 271272,
            "common_shares": 864791,
            "book_valuer_per_share": 11.22,
            "book_valuer_per_share_4q_avg": 11.91,
            "equity": 970058,
            "current_ratio": 165.15,
            "debt_ratio": 49.34,
            "inventory_turnover_ratio": 0.27,
            "account_receivable_turnover_ratio": 1.44,
            "reinvestment_rate": 2978.03,
            "research_to_sale_ratio": 5.34,
            "price_fair": 40.76,
            "eps_avg_yearly": 1.16,
            "eps_latest_yearly": 0.4,
            "eps_growth_yearly": 226.39
        },
        "20104": {
            "year_quarter": 20104,
            "year": 2010,
            "quarter": 4,
            "eps": -1.12,
            "eps_growth_year": null,
            "eps_4q": -2.18,
            "eps_4q_growth_year": null,
            "roe": -10.85,
            "roe_4q": -19.88,
            "gross_profit": 54574,
            "gross_margin": 18.54,
            "gross_margin_4q_avg": 33.5,
            "net_income": -96557,
            "revenue": 294397,
            "common_shares": 864791,
            "book_valuer_per_share": 9.36,
            "book_valuer_per_share_4q_avg": 11.14,
            "equity": 809672,
            "current_ratio": 136.62,
            "debt_ratio": 52.98,
            "inventory_turnover_ratio": 0.39,
            "account_receivable_turnover_ratio": 1.44,
            "reinvestment_rate": null,
            "research_to_sale_ratio": 3.89,
            "price_fair": 39.73,
            "eps_avg_yearly": 1.14,
            "eps_latest_yearly": 0.4,
            "eps_growth_yearly": 278.17
        },
        "20111": {
            "year_quarter": 20111,
            "year": 2011,
            "quarter": 1,
            "eps": -0.3,
            "eps_growth_year": null,
            "eps_4q": -2.16,
            "eps_4q_growth_year": null,
            "roe": -3.18,
            "roe_4q": -20.439999999999998,
            "gross_profit": 94733,
            "gross_margin": 38.32,
            "gross_margin_4q_avg": 32.95,
            "net_income": -25571,
            "revenue": 247228,
            "common_shares": 864791,
            "book_valuer_per_share": 9.21,
            "book_valuer_per_share_4q_avg": 10.44,
            "equity": 796565,
            "current_ratio": 123.23,
            "debt_ratio": 54.07,
            "inventory_turnover_ratio": 0.27,
            "account_receivable_turnover_ratio": 1.23,
            "reinvestment_rate": null,
            "research_to_sale_ratio": 4.47,
            "price_fair": 34.2,
            "eps_avg_yearly": 0.98,
            "eps_latest_yearly": 0.4,
            "eps_growth_yearly": 283.63
        },
        "20112": {
            "year_quarter": 20112,
            "year": 2011,
            "quarter": 2,
            "eps": -0.17,
            "eps_growth_year": null,
            "eps_4q": -2.13,
            "eps_4q_growth_year": null,
            "roe": -1.9,
            "roe_4q": -20.67,
            "gross_profit": 102812,
            "gross_margin": 35.37,
            "gross_margin_4q_avg": 31.56,
            "net_income": -14869,
            "revenue": 290701,
            "common_shares": 864791,
            "book_valuer_per_share": 8.9,
            "book_valuer_per_share_4q_avg": 9.67,
            "equity": 769871,
            "current_ratio": 116.94,
            "debt_ratio": 54.48,
            "inventory_turnover_ratio": 0.33,
            "account_receivable_turnover_ratio": 1.59,
            "reinvestment_rate": null,
            "research_to_sale_ratio": 3.64,
            "price_fair": 24.03,
            "eps_avg_yearly": 0.69,
            "eps_latest_yearly": 0.4,
            "eps_growth_yearly": 316.61
        },
        "20113": {
            "year_quarter": 20113,
            "year": 2011,
            "quarter": 3,
            "eps": -0.19,
            "eps_growth_year": null,
            "eps_4q": -1.78,
            "eps_4q_growth_year": null,
            "roe": -2.11,
            "roe_4q": -18.04,
            "gross_profit": 109645,
            "gross_margin": 37.26,
            "gross_margin_4q_avg": 32.37,
            "net_income": -16712,
            "revenue": 294239,
            "common_shares": 864791,
            "book_valuer_per_share": 9.38,
            "book_valuer_per_share_4q_avg": 9.21,
            "equity": 810998,
            "current_ratio": 105.71,
            "debt_ratio": 56.93,
            "inventory_turnover_ratio": 0.3,
            "account_receivable_turnover_ratio": 1.49,
            "reinvestment_rate": null,
            "research_to_sale_ratio": 4.31,
            "price_fair": 15.12,
            "eps_avg_yearly": 0.43,
            "eps_latest_yearly": 0.4,
            "eps_growth_yearly": 402.29
        },
        "20114": {
            "year_quarter": 20114,
            "year": 2011,
            "quarter": 4,
            "eps": -0.33,
            "eps_growth_year": null,
            "eps_4q": -0.99,
            "eps_4q_growth_year": null,
            "roe": -3.56,
            "roe_4q": -10.75,
            "gross_profit": 87861,
            "gross_margin": 29.54,
            "gross_margin_4q_avg": 35.12,
            "net_income": -28704,
            "revenue": 297463,
            "common_shares": 864791,
            "book_valuer_per_share": 9.28,
            "book_valuer_per_share_4q_avg": 9.19,
            "equity": 802154,
            "current_ratio": 95.66,
            "debt_ratio": 56.64,
            "inventory_turnover_ratio": 0.32,
            "account_receivable_turnover_ratio": 1.3,
            "reinvestment_rate": null,
            "research_to_sale_ratio": 2.76,
            "price_fair": 14,
            "eps_avg_yearly": 0.4,
            "eps_latest_yearly": 0.4,
            "eps_growth_yearly": 574.29
        },
        "20121": {
            "year_quarter": 20121,
            "year": 2012,
            "quarter": 1,
            "eps": -0.39,
            "eps_growth_year": null,
            "eps_4q": -1.08,
            "eps_4q_growth_year": null,
            "roe": -4.3,
            "roe_4q": -11.87,
            "gross_profit": 100868,
            "gross_margin": 40.39,
            "gross_margin_4q_avg": 35.64,
            "net_income": -33327,
            "revenue": 249723,
            "common_shares": 864791,
            "book_valuer_per_share": 8.64,
            "book_valuer_per_share_4q_avg": 9.05,
            "equity": 747336,
            "current_ratio": 91.22,
            "debt_ratio": 56.48,
            "inventory_turnover_ratio": 0.24,
            "account_receivable_turnover_ratio": 1.07,
            "reinvestment_rate": null,
            "research_to_sale_ratio": 4.9,
            "price_fair": 17.73,
            "eps_avg_yearly": 0.51,
            "eps_latest_yearly": 0.4,
            "eps_growth_yearly": 880
        },
        "20122": {
            "year_quarter": 20122,
            "year": 2012,
            "quarter": 2,
            "eps": -0.41,
            "eps_growth_year": null,
            "eps_4q": -1.32,
            "eps_4q_growth_year": null,
            "roe": -4.82,
            "roe_4q": -14.790000000000001,
            "gross_profit": 89121,
            "gross_margin": 29.82,
            "gross_margin_4q_avg": 34.25,
            "net_income": -35370,
            "revenue": 298906,
            "common_shares": 864791,
            "book_valuer_per_share": 8.32,
            "book_valuer_per_share_4q_avg": 8.91,
            "equity": 719177,
            "current_ratio": 89.98,
            "debt_ratio": 58.19,
            "inventory_turnover_ratio": 0.35,
            "account_receivable_turnover_ratio": 1.55,
            "reinvestment_rate": null,
            "research_to_sale_ratio": 4.08,
            "price_fair": 23.1,
            "eps_avg_yearly": 0.66,
            "eps_latest_yearly": 0.4,
            "eps_growth_yearly": 1020
        },
        "20123": {
            "year_quarter": 20123,
            "year": 2012,
            "quarter": 3,
            "eps": -0.33,
            "eps_growth_year": null,
            "eps_4q": -1.45,
            "eps_4q_growth_year": null,
            "roe": -4.07,
            "roe_4q": -16.75,
            "gross_profit": 87399,
            "gross_margin": 35.48,
            "gross_margin_4q_avg": 33.81,
            "net_income": -28343,
            "revenue": 246341,
            "common_shares": 864791,
            "book_valuer_per_share": 7.8,
            "book_valuer_per_share_4q_avg": 8.51,
            "equity": 674428,
            "current_ratio": 87.21,
            "debt_ratio": 60.67,
            "inventory_turnover_ratio": 0.26,
            "account_receivable_turnover_ratio": 1.24,
            "reinvestment_rate": null,
            "research_to_sale_ratio": 4.22,
            "price_fair": 14,
            "eps_avg_yearly": 0.4,
            "eps_latest_yearly": 0.4,
            "eps_growth_yearly": 600
        },
        "20124": {
            "year_quarter": 20124,
            "year": 2012,
            "quarter": 4,
            "eps": -0.76,
            "eps_growth_year": null,
            "eps_4q": -1.82,
            "eps_4q_growth_year": null,
            "roe": -10.59,
            "roe_4q": -23.78,
            "gross_profit": 67657,
            "gross_margin": 26.64,
            "gross_margin_4q_avg": 33.08,
            "net_income": -70100,
            "revenue": 253929,
            "common_shares": 917291,
            "book_valuer_per_share": 7.08,
            "book_valuer_per_share_4q_avg": 7.96,
            "equity": 649313,
            "current_ratio": 87.01,
            "debt_ratio": 62.5,
            "inventory_turnover_ratio": 0.32,
            "account_receivable_turnover_ratio": 1.14,
            "reinvestment_rate": null,
            "research_to_sale_ratio": 3.64,
            "price_fair": 14,
            "eps_avg_yearly": 0.4,
            "eps_latest_yearly": 0.4,
            "eps_growth_yearly": 600
        },
        "20131": {
            "year_quarter": 20131,
            "year": 2013,
            "quarter": 1,
            "eps": -0.55,
            "eps_growth_year": null,
            "eps_4q": -2.01,
            "eps_4q_growth_year": null,
            "roe": -7.66,
            "roe_4q": -27.14,
            "gross_profit": 75048,
            "gross_margin": 30.04,
            "gross_margin_4q_avg": 30.5,
            "net_income": -51721,
            "revenue": 249847,
            "common_shares": 917291,
            "book_valuer_per_share": 7.13,
            "book_valuer_per_share_4q_avg": 7.58,
            "equity": 701734,
            "current_ratio": 89.87,
            "debt_ratio": 59.72,
            "inventory_turnover_ratio": 0.33,
            "account_receivable_turnover_ratio": 1.51,
            "reinvestment_rate": null,
            "research_to_sale_ratio": 4.63,
            "price_fair": 14,
            "eps_avg_yearly": 0.4,
            "eps_latest_yearly": 0.4,
            "eps_growth_yearly": 600
        },
        "20132": {
            "year_quarter": 20132,
            "year": 2013,
            "quarter": 2,
            "eps": -0.31,
            "eps_growth_year": null,
            "eps_4q": -1.94,
            "eps_4q_growth_year": null,
            "roe": -4.53,
            "roe_4q": -26.85,
            "gross_profit": 88035,
            "gross_margin": 31.86,
            "gross_margin_4q_avg": 31.01,
            "net_income": -32260,
            "revenue": 276336,
            "common_shares": 917291,
            "book_valuer_per_share": 7.14,
            "book_valuer_per_share_4q_avg": 7.29,
            "equity": 721552,
            "current_ratio": 91.96,
            "debt_ratio": 58.98,
            "inventory_turnover_ratio": 0.36,
            "account_receivable_turnover_ratio": 2.45,
            "reinvestment_rate": null,
            "research_to_sale_ratio": 3.17,
            "price_fair": 0,
            "eps_avg_yearly": 0,
            "eps_latest_yearly": 0,
            "eps_growth_yearly": 0
        },
        "20133": {
            "year_quarter": 20133,
            "year": 2013,
            "quarter": 3,
            "eps": -0.25,
            "eps_growth_year": null,
            "eps_4q": -1.88,
            "eps_4q_growth_year": null,
            "roe": -3.73,
            "roe_4q": -26.509999999999998,
            "gross_profit": 79903,
            "gross_margin": 31.4,
            "gross_margin_4q_avg": 29.99,
            "net_income": -26320,
            "revenue": 254494,
            "common_shares": 917291,
            "book_valuer_per_share": 6.8,
            "book_valuer_per_share_4q_avg": 7.04,
            "equity": 687850,
            "current_ratio": 87.37,
            "debt_ratio": 59.53,
            "inventory_turnover_ratio": 0.32,
            "account_receivable_turnover_ratio": 2.34,
            "reinvestment_rate": null,
            "research_to_sale_ratio": 3.62,
            "price_fair": 0,
            "eps_avg_yearly": 0,
            "eps_latest_yearly": 0,
            "eps_growth_yearly": 0
        },
        "20134": {
            "year_quarter": 20134,
            "year": 2013,
            "quarter": 4,
            "eps": 1.33,
            "eps_growth_year": null,
            "eps_4q": 0.21,
            "eps_4q_growth_year": null,
            "roe": 15.83,
            "roe_4q": -0.09000000000000075,
            "gross_profit": 71900,
            "gross_margin": 25.85,
            "gross_margin_4q_avg": 29.79,
            "net_income": 118940,
            "revenue": 278182,
            "common_shares": 917291,
            "book_valuer_per_share": 8.21,
            "book_valuer_per_share_4q_avg": 7.32,
            "equity": 814744,
            "current_ratio": 114,
            "debt_ratio": 48.57,
            "inventory_turnover_ratio": 0.38,
            "account_receivable_turnover_ratio": 2.64,
            "reinvestment_rate": null,
            "research_to_sale_ratio": 3.88,
            "price_fair": 0,
            "eps_avg_yearly": 0,
            "eps_latest_yearly": 0,
            "eps_growth_yearly": 0
        },
        "20141": {
            "year_quarter": 20141,
            "year": 2014,
            "quarter": 1,
            "eps": -0.43,
            "eps_growth_year": null,
            "eps_4q": 0.34,
            "eps_4q_growth_year": null,
            "roe": -5.47,
            "roe_4q": 2.0999999999999988,
            "gross_profit": 82475,
            "gross_margin": 26.7,
            "gross_margin_4q_avg": 28.95,
            "net_income": -44143,
            "revenue": 308867,
            "common_shares": 917291,
            "book_valuer_per_share": 7.82,
            "book_valuer_per_share_4q_avg": 7.49,
            "equity": 799737,
            "current_ratio": 110.03,
            "debt_ratio": 51.87,
            "inventory_turnover_ratio": 0.44,
            "account_receivable_turnover_ratio": 2.62,
            "reinvestment_rate": null,
            "research_to_sale_ratio": 2.98,
            "price_fair": 0,
            "eps_avg_yearly": 0,
            "eps_latest_yearly": 0,
            "eps_growth_yearly": 0
        },
        "20142": {
            "year_quarter": 20142,
            "year": 2014,
            "quarter": 2,
            "eps": -0.21,
            "eps_growth_year": null,
            "eps_4q": 0.36,
            "eps_4q_growth_year": null,
            "roe": -2.66,
            "roe_4q": 3.970000000000001,
            "gross_profit": 94567,
            "gross_margin": 31.76,
            "gross_margin_4q_avg": 28.93,
            "net_income": -24886,
            "revenue": 297749,
            "common_shares": 1087291,
            "book_valuer_per_share": 8.83,
            "book_valuer_per_share_4q_avg": 7.92,
            "equity": 1072013,
            "current_ratio": 146.73,
            "debt_ratio": 43.7,
            "inventory_turnover_ratio": 0.41,
            "account_receivable_turnover_ratio": 2.27,
            "reinvestment_rate": null,
            "research_to_sale_ratio": 2.84,
            "price_fair": 0,
            "eps_avg_yearly": 0,
            "eps_latest_yearly": 0,
            "eps_growth_yearly": 0
        },
        "20143": {
            "year_quarter": 20143,
            "year": 2014,
            "quarter": 3,
            "eps": -0.5,
            "eps_growth_year": null,
            "eps_4q": 0.12,
            "eps_4q_growth_year": null,
            "roe": -5.36,
            "roe_4q": 2.3400000000000016,
            "gross_profit": 68132,
            "gross_margin": 23.47,
            "gross_margin_4q_avg": 26.95,
            "net_income": -56231,
            "revenue": 290305,
            "common_shares": 1087291,
            "book_valuer_per_share": 8.48,
            "book_valuer_per_share_4q_avg": 8.34,
            "equity": 1027510,
            "current_ratio": 141.79,
            "debt_ratio": 44.31,
            "inventory_turnover_ratio": 0.43,
            "account_receivable_turnover_ratio": 2.37,
            "reinvestment_rate": null,
            "research_to_sale_ratio": 3.57,
            "price_fair": 0,
            "eps_avg_yearly": 0,
            "eps_latest_yearly": 0,
            "eps_growth_yearly": 0
        },
        "20144": {
            "year_quarter": 20144,
            "year": 2014,
            "quarter": 4,
            "eps": -0.45,
            "eps_growth_year": -134.19,
            "eps_4q": -1.46,
            "eps_4q_growth_year": -783.75,
            "roe": -5.25,
            "roe_4q": -18.74,
            "gross_profit": 72556,
            "gross_margin": 27.08,
            "gross_margin_4q_avg": 27.25,
            "net_income": -52160,
            "revenue": 267965,
            "common_shares": 1087291,
            "book_valuer_per_share": 8.02,
            "book_valuer_per_share_4q_avg": 8.29,
            "equity": 959718,
            "current_ratio": 127.34,
            "debt_ratio": 47.57,
            "inventory_turnover_ratio": 0.36,
            "account_receivable_turnover_ratio": 2.23,
            "reinvestment_rate": null,
            "research_to_sale_ratio": 3.13,
            "price_fair": 0,
            "eps_avg_yearly": 0,
            "eps_latest_yearly": 0,
            "eps_growth_yearly": 0
        },
        "20151": {
            "year_quarter": 20151,
            "year": 2015,
            "quarter": 1,
            "eps": -0.59,
            "eps_growth_year": null,
            "eps_4q": -1.46,
            "eps_4q_growth_year": -525.44,
            "roe": -6.88,
            "roe_4q": -20.15,
            "gross_profit": 75146,
            "gross_margin": 32.02,
            "gross_margin_4q_avg": 28.58,
            "net_income": -70834,
            "revenue": 234653,
            "common_shares": 1287291,
            "book_valuer_per_share": 7.88,
            "book_valuer_per_share_4q_avg": 8.3,
            "equity": 1100385,
            "current_ratio": 149.86,
            "debt_ratio": 43.27,
            "inventory_turnover_ratio": 0.3,
            "account_receivable_turnover_ratio": 1.89,
            "reinvestment_rate": null,
            "research_to_sale_ratio": 4.13,
            "price_fair": 0,
            "eps_avg_yearly": 0,
            "eps_latest_yearly": 0,
            "eps_growth_yearly": 0
        },
        "20152": {
            "year_quarter": 20152,
            "year": 2015,
            "quarter": 2,
            "eps": 0.2,
            "eps_growth_year": null,
            "eps_4q": -1.1,
            "eps_4q_growth_year": -402.27,
            "roe": 2.39,
            "roe_4q": -15.100000000000001,
            "gross_profit": 87923,
            "gross_margin": 37.77,
            "gross_margin_4q_avg": 30.09,
            "net_income": 26471,
            "revenue": 232760,
            "common_shares": 1287291,
            "book_valuer_per_share": 8.02,
            "book_valuer_per_share_4q_avg": 8.1,
            "equity": 1119184,
            "current_ratio": 166.57,
            "debt_ratio": 37.18,
            "inventory_turnover_ratio": 0.28,
            "account_receivable_turnover_ratio": 2.09,
            "reinvestment_rate": null,
            "research_to_sale_ratio": 4.18,
            "price_fair": 0,
            "eps_avg_yearly": 0,
            "eps_latest_yearly": 0,
            "eps_growth_yearly": 0
        },
        "20153": {
            "year_quarter": 20153,
            "year": 2015,
            "quarter": 3,
            "eps": -0.27,
            "eps_growth_year": null,
            "eps_4q": -0.98,
            "eps_4q_growth_year": -945.09,
            "roe": -3.22,
            "roe_4q": -12.96,
            "gross_profit": 68003,
            "gross_margin": 33.84,
            "gross_margin_4q_avg": 32.68,
            "net_income": -35781,
            "revenue": 200942,
            "common_shares": 1287291,
            "book_valuer_per_share": 7.91,
            "book_valuer_per_share_4q_avg": 7.96,
            "equity": 1104547,
            "current_ratio": 163.98,
            "debt_ratio": 36.59,
            "inventory_turnover_ratio": 0.25,
            "account_receivable_turnover_ratio": 2.01,
            "reinvestment_rate": null,
            "research_to_sale_ratio": 5.36,
            "price_fair": 0,
            "eps_avg_yearly": 0,
            "eps_latest_yearly": 0,
            "eps_growth_yearly": 0
        },
        "20154": {
            "year_quarter": 20154,
            "year": 2015,
            "quarter": 4,
            "eps": -0.88,
            "eps_growth_year": null,
            "eps_4q": -1.47,
            "eps_4q_growth_year": null,
            "roe": -10.86,
            "roe_4q": -18.57,
            "gross_profit": 60575,
            "gross_margin": 27.75,
            "gross_margin_4q_avg": 32.85,
            "net_income": -113564,
            "revenue": 218310,
            "common_shares": 1287291,
            "book_valuer_per_share": 7,
            "book_valuer_per_share_4q_avg": 7.7,
            "equity": 986369,
            "current_ratio": 157.75,
            "debt_ratio": 38.94,
            "inventory_turnover_ratio": 0.31,
            "account_receivable_turnover_ratio": 2.22,
            "reinvestment_rate": null,
            "research_to_sale_ratio": 4.21,
            "price_fair": 0,
            "eps_avg_yearly": 0,
            "eps_latest_yearly": 0,
            "eps_growth_yearly": 0
        },
        "20161": {
            "year_quarter": 20161,
            "year": 2016,
            "quarter": 1,
            "eps": 0,
            "eps_growth_year": null,
            "eps_4q": -0.94,
            "eps_4q_growth_year": null,
            "roe": 0.05,
            "roe_4q": -11.639999999999999,
            "gross_profit": 79291,
            "gross_margin": 37.13,
            "gross_margin_4q_avg": 34.12,
            "net_income": 492,
            "revenue": 213524,
            "common_shares": 1287291,
            "book_valuer_per_share": 6.86,
            "book_valuer_per_share_4q_avg": 7.45,
            "equity": 968780,
            "current_ratio": 485.74,
            "debt_ratio": 16.43,
            "inventory_turnover_ratio": 0.39,
            "account_receivable_turnover_ratio": 1.7,
            "reinvestment_rate": null,
            "research_to_sale_ratio": 3.81,
            "price_fair": 0,
            "eps_avg_yearly": 0,
            "eps_latest_yearly": 0,
            "eps_growth_yearly": 0
        },
        "20162": {
            "year_quarter": 20162,
            "year": 2016,
            "quarter": 2,
            "eps": -0.26,
            "eps_growth_year": -230,
            "eps_4q": -1.4,
            "eps_4q_growth_year": null,
            "roe": -3.39,
            "roe_4q": -17.419999999999998,
            "gross_profit": 70648,
            "gross_margin": 41.34,
            "gross_margin_4q_avg": 35.02,
            "net_income": -32455,
            "revenue": 170902,
            "common_shares": 1287291,
            "book_valuer_per_share": 6.67,
            "book_valuer_per_share_4q_avg": 7.11,
            "equity": 947229,
            "current_ratio": 406.36,
            "debt_ratio": 20.52,
            "inventory_turnover_ratio": 0.44,
            "account_receivable_turnover_ratio": 1.44,
            "reinvestment_rate": null,
            "research_to_sale_ratio": 4.86,
            "price_fair": 0,
            "eps_avg_yearly": 0,
            "eps_latest_yearly": 0,
            "eps_growth_yearly": 0
        },
        "20163": {
            "year_quarter": 20163,
            "year": 2016,
            "quarter": 3,
            "eps": -0.21,
            "eps_growth_year": null,
            "eps_4q": -1.34,
            "eps_4q_growth_year": null,
            "roe": -2.83,
            "roe_4q": -17.03,
            "gross_profit": 63889,
            "gross_margin": 39.37,
            "gross_margin_4q_avg": 36.4,
            "net_income": -27585,
            "revenue": 162293,
            "common_shares": 1287291,
            "book_valuer_per_share": 6.44,
            "book_valuer_per_share_4q_avg": 6.74,
            "equity": 1000052,
            "current_ratio": 433.51,
            "debt_ratio": 20.58,
            "inventory_turnover_ratio": 0.39,
            "account_receivable_turnover_ratio": 2.07,
            "reinvestment_rate": null,
            "research_to_sale_ratio": 5,
            "price_fair": 0,
            "eps_avg_yearly": 0,
            "eps_latest_yearly": 0,
            "eps_growth_yearly": 0
        },
        "20164": {
            "year_quarter": 20164,
            "year": 2016,
            "quarter": 4,
            "eps": -1.06,
            "eps_growth_year": null,
            "eps_4q": -1.52,
            "eps_4q_growth_year": null,
            "roe": -15,
            "roe_4q": -21.169999999999998,
            "gross_profit": 29369,
            "gross_margin": 21.02,
            "gross_margin_4q_avg": 34.72,
            "net_income": -134022,
            "revenue": 139733,
            "common_shares": 1287291,
            "book_valuer_per_share": 5.41,
            "book_valuer_per_share_4q_avg": 6.35,
            "equity": 786874,
            "current_ratio": 311.56,
            "debt_ratio": 25.32,
            "inventory_turnover_ratio": 0.41,
            "account_receivable_turnover_ratio": 1.84,
            "reinvestment_rate": null,
            "research_to_sale_ratio": 5.03,
            "price_fair": 0,
            "eps_avg_yearly": 0,
            "eps_latest_yearly": 0,
            "eps_growth_yearly": 0
        },
        "20171": {
            "year_quarter": 20171,
            "year": 2017,
            "quarter": 1,
            "eps": -0.16,
            "eps_growth_year": null,
            "eps_4q": -1.68,
            "eps_4q_growth_year": null,
            "roe": -2.7,
            "roe_4q": -23.92,
            "gross_profit": 69794,
            "gross_margin": 37.84,
            "gross_margin_4q_avg": 34.89,
            "net_income": -20725,
            "revenue": 184427,
            "common_shares": 1287291,
            "book_valuer_per_share": 5.09,
            "book_valuer_per_share_4q_avg": 5.9,
            "equity": 746481,
            "current_ratio": 310.83,
            "debt_ratio": 26.44,
            "inventory_turnover_ratio": 0.43,
            "account_receivable_turnover_ratio": 2.13,
            "reinvestment_rate": null,
            "research_to_sale_ratio": 4.45,
            "price_fair": 0,
            "eps_avg_yearly": 0,
            "eps_latest_yearly": 0,
            "eps_growth_yearly": 0
        },
        "20172": {
            "year_quarter": 20172,
            "year": 2017,
            "quarter": 2,
            "eps": -0.2,
            "eps_growth_year": null,
            "eps_4q": -1.62,
            "eps_4q_growth_year": null,
            "roe": -3.09,
            "roe_4q": -23.619999999999997,
            "gross_profit": 68401,
            "gross_margin": 34.71,
            "gross_margin_4q_avg": 33.24,
            "net_income": -23405,
            "revenue": 197079,
            "common_shares": 1287291,
            "book_valuer_per_share": 5.13,
            "book_valuer_per_share_4q_avg": 5.52,
            "equity": 767074,
            "current_ratio": 296.95,
            "debt_ratio": 31.73,
            "inventory_turnover_ratio": 0.46,
            "account_receivable_turnover_ratio": 2.23,
            "reinvestment_rate": null,
            "research_to_sale_ratio": 4.57,
            "price_fair": 0,
            "eps_avg_yearly": 0,
            "eps_latest_yearly": 0,
            "eps_growth_yearly": 0
        },
        "20173": {
            "year_quarter": 20173,
            "year": 2017,
            "quarter": 3,
            "eps": -0.12,
            "eps_growth_year": null,
            "eps_4q": -1.78,
            "eps_4q_growth_year": null,
            "roe": -1.3,
            "roe_4q": -22.09,
            "gross_profit": 77313,
            "gross_margin": 34.61,
            "gross_margin_4q_avg": 32.05,
            "net_income": -9864,
            "revenue": 223413,
            "common_shares": 1094198,
            "book_valuer_per_share": 5.91,
            "book_valuer_per_share_4q_avg": 5.39,
            "equity": 756046,
            "current_ratio": 288.22,
            "debt_ratio": 32.04,
            "inventory_turnover_ratio": 0.47,
            "account_receivable_turnover_ratio": 2.12,
            "reinvestment_rate": null,
            "research_to_sale_ratio": 4.23,
            "price_fair": 0,
            "eps_avg_yearly": 0,
            "eps_latest_yearly": 0,
            "eps_growth_yearly": 0
        },
        "20174": {
            "year_quarter": 20174,
            "year": 2017,
            "quarter": 4,
            "eps": -0.27,
            "eps_growth_year": null,
            "eps_4q": -0.81,
            "eps_4q_growth_year": null,
            "roe": -3.12,
            "roe_4q": -10.21,
            "gross_profit": 59197,
            "gross_margin": 26.21,
            "gross_margin_4q_avg": 33.34,
            "net_income": -23738,
            "revenue": 225886,
            "common_shares": 1094198,
            "book_valuer_per_share": 5.8,
            "book_valuer_per_share_4q_avg": 5.48,
            "equity": 766510,
            "current_ratio": 285.89,
            "debt_ratio": 31.54,
            "inventory_turnover_ratio": 0.52,
            "account_receivable_turnover_ratio": 1.8,
            "reinvestment_rate": null,
            "research_to_sale_ratio": 4.59,
            "price_fair": 0,
            "eps_avg_yearly": 0,
            "eps_latest_yearly": 0,
            "eps_growth_yearly": 0
        },
        "20181": {
            "year_quarter": 20181,
            "year": 2018,
            "quarter": 1,
            "eps": -0.07,
            "eps_growth_year": null,
            "eps_4q": -0.69,
            "eps_4q_growth_year": null,
            "roe": -0.48,
            "roe_4q": -7.99,
            "gross_profit": 85385,
            "gross_margin": 37.26,
            "gross_margin_4q_avg": 33.2,
            "net_income": -3630,
            "revenue": 229154,
            "common_shares": 1094198,
            "book_valuer_per_share": 5.67,
            "book_valuer_per_share_4q_avg": 5.63,
            "equity": 756965,
            "current_ratio": 299.67,
            "debt_ratio": 31.01,
            "inventory_turnover_ratio": 0.45,
            "account_receivable_turnover_ratio": 2.06,
            "reinvestment_rate": null,
            "research_to_sale_ratio": 4.51,
            "price_fair": 0,
            "eps_avg_yearly": 0,
            "eps_latest_yearly": 0,
            "eps_growth_yearly": 0
        },
        "20182": {
            "year_quarter": 20182,
            "year": 2018,
            "quarter": 2,
            "eps": 0.1,
            "eps_growth_year": null,
            "eps_4q": -0.36,
            "eps_4q_growth_year": null,
            "roe": 2.05,
            "roe_4q": -2.8500000000000005,
            "gross_profit": 93154,
            "gross_margin": 36.54,
            "gross_margin_4q_avg": 33.66,
            "net_income": 15704,
            "revenue": 254935,
            "common_shares": 1094198,
            "book_valuer_per_share": 5.88,
            "book_valuer_per_share_4q_avg": 5.82,
            "equity": 773536,
            "current_ratio": 291.21,
            "debt_ratio": 32.41,
            "inventory_turnover_ratio": 0.5,
            "account_receivable_turnover_ratio": 2.57,
            "reinvestment_rate": null,
            "research_to_sale_ratio": 4.28,
            "price_fair": 0,
            "eps_avg_yearly": 0,
            "eps_latest_yearly": 0,
            "eps_growth_yearly": 0
        },
        "20183": {
            "year_quarter": 20183,
            "year": 2018,
            "quarter": 3,
            "eps": -0.05,
            "eps_growth_year": null,
            "eps_4q": -0.29,
            "eps_4q_growth_year": null,
            "roe": 0.13,
            "roe_4q": -1.4200000000000004,
            "gross_profit": 70323,
            "gross_margin": 36.85,
            "gross_margin_4q_avg": 34.22,
            "net_income": 972,
            "revenue": 190849,
            "common_shares": 1094198,
            "book_valuer_per_share": 5.83,
            "book_valuer_per_share_4q_avg": 5.8,
            "equity": 774569,
            "current_ratio": 285.54,
            "debt_ratio": 30.89,
            "inventory_turnover_ratio": 0.36,
            "account_receivable_turnover_ratio": 2.01,
            "reinvestment_rate": null,
            "research_to_sale_ratio": 5.47,
            "price_fair": 0,
            "eps_avg_yearly": 0,
            "eps_latest_yearly": 0,
            "eps_growth_yearly": 0
        },
        "20184": {
            "year_quarter": 20184,
            "year": 2018,
            "quarter": 4,
            "eps": -0.43,
            "eps_growth_year": null,
            "eps_4q": -0.45,
            "eps_4q_growth_year": null,
            "roe": -5.61,
            "roe_4q": -3.9100000000000006,
            "gross_profit": 70388,
            "gross_margin": 35.75,
            "gross_margin_4q_avg": 36.6,
            "net_income": -42341,
            "revenue": 196897,
            "common_shares": 1094198,
            "book_valuer_per_share": 5.41,
            "book_valuer_per_share_4q_avg": 5.7,
            "equity": 734391,
            "current_ratio": 282.27,
            "debt_ratio": 32.64,
            "inventory_turnover_ratio": 0.38,
            "account_receivable_turnover_ratio": 2.38,
            "reinvestment_rate": null,
            "research_to_sale_ratio": 6.38,
            "price_fair": 0,
            "eps_avg_yearly": 0,
            "eps_latest_yearly": 0,
            "eps_growth_yearly": 0
        },
        "20191": {
            "year_quarter": 20191,
            "year": 2019,
            "quarter": 1,
            "eps": 0,
            "eps_growth_year": null,
            "eps_4q": -0.37,
            "eps_4q_growth_year": null,
            "roe": 0.81,
            "roe_4q": -2.620000000000001,
            "gross_profit": 78833,
            "gross_margin": 37.86,
            "gross_margin_4q_avg": 36.75,
            "net_income": 5990,
            "revenue": 208237,
            "common_shares": 1094198,
            "book_valuer_per_share": 5.43,
            "book_valuer_per_share_4q_avg": 5.64,
            "equity": 741296,
            "current_ratio": 249.54,
            "debt_ratio": 38.66,
            "inventory_turnover_ratio": 0.39,
            "account_receivable_turnover_ratio": 2.4,
            "reinvestment_rate": null,
            "research_to_sale_ratio": 5.14,
            "price_fair": 0,
            "eps_avg_yearly": 0,
            "eps_latest_yearly": 0,
            "eps_growth_yearly": 0
        },
        "20192": {
            "year_quarter": 20192,
            "year": 2019,
            "quarter": 2,
            "eps": 0.01,
            "eps_growth_year": -90,
            "eps_4q": -0.46,
            "eps_4q_growth_year": null,
            "roe": 0.77,
            "roe_4q": -3.9000000000000004,
            "gross_profit": 82794,
            "gross_margin": 37.96,
            "gross_margin_4q_avg": 37.11,
            "net_income": 5654,
            "revenue": 218119,
            "common_shares": 1094198,
            "book_valuer_per_share": 5.48,
            "book_valuer_per_share_4q_avg": 5.54,
            "equity": 735721,
            "current_ratio": 233.21,
            "debt_ratio": 42,
            "inventory_turnover_ratio": 0.38,
            "account_receivable_turnover_ratio": 2.23,
            "reinvestment_rate": null,
            "research_to_sale_ratio": 4.97,
            "price_fair": 0,
            "eps_avg_yearly": 0,
            "eps_latest_yearly": 0,
            "eps_growth_yearly": 0
        },
        "20193": {
            "year_quarter": 20193,
            "year": 2019,
            "quarter": 3,
            "eps": -0.2,
            "eps_growth_year": null,
            "eps_4q": -0.59,
            "eps_4q_growth_year": null,
            "roe": -2.36,
            "roe_4q": -6.390000000000001,
            "gross_profit": 67515,
            "gross_margin": 35.18,
            "gross_margin_4q_avg": 36.69,
            "net_income": -17458,
            "revenue": 191940,
            "common_shares": 1126298,
            "book_valuer_per_share": 5.38,
            "book_valuer_per_share_4q_avg": 5.43,
            "equity": 746352,
            "current_ratio": 233.79,
            "debt_ratio": 41.1,
            "inventory_turnover_ratio": 0.33,
            "account_receivable_turnover_ratio": 2.09,
            "reinvestment_rate": null,
            "research_to_sale_ratio": 6.76,
            "price_fair": 0,
            "eps_avg_yearly": 0,
            "eps_latest_yearly": 0,
            "eps_growth_yearly": 0
        },
        "20194": {
            "year_quarter": 20194,
            "year": 2019,
            "quarter": 4,
            "eps": -0.39,
            "eps_growth_year": null,
            "eps_4q": -0.56,
            "eps_4q_growth_year": null,
            "roe": -5.58,
            "roe_4q": -6.359999999999999,
            "gross_profit": 67906,
            "gross_margin": 34.44,
            "gross_margin_4q_avg": 36.36,
            "net_income": -40565,
            "revenue": 197162,
            "common_shares": 1126298,
            "book_valuer_per_share": 5.01,
            "book_valuer_per_share_4q_avg": 5.33,
            "equity": 707654,
            "current_ratio": 210.88,
            "debt_ratio": 40.57,
            "inventory_turnover_ratio": 0.37,
            "account_receivable_turnover_ratio": 2.36,
            "reinvestment_rate": null,
            "research_to_sale_ratio": 6.82,
            "price_fair": 0,
            "eps_avg_yearly": 0,
            "eps_latest_yearly": 0,
            "eps_growth_yearly": 0
        },
        "20201": {
            "year_quarter": 20201,
            "year": 2020,
            "quarter": 1,
            "eps": 0.15,
            "eps_growth_year": null,
            "eps_4q": -0.42,
            "eps_4q_growth_year": null,
            "roe": 5.04,
            "roe_4q": -2.13,
            "gross_profit": 82042,
            "gross_margin": 37.82,
            "gross_margin_4q_avg": 36.35,
            "net_income": 36629,
            "revenue": 216900,
            "common_shares": 1126298,
            "book_valuer_per_share": 5.17,
            "book_valuer_per_share_4q_avg": 5.26,
            "equity": 745019,
            "current_ratio": 224.51,
            "debt_ratio": 43.1,
            "inventory_turnover_ratio": 0.43,
            "account_receivable_turnover_ratio": 2.57,
            "reinvestment_rate": null,
            "research_to_sale_ratio": 6.08,
            "price_fair": 0,
            "eps_avg_yearly": 0,
            "eps_latest_yearly": 0,
            "eps_growth_yearly": 0
        },
        "20202": {
            "year_quarter": 20202,
            "year": 2020,
            "quarter": 2,
            "eps": -0.04,
            "eps_growth_year": -500,
            "eps_4q": -0.48,
            "eps_4q_growth_year": null,
            "roe": -0.62,
            "roe_4q": -3.52,
            "gross_profit": 78308,
            "gross_margin": 36.22,
            "gross_margin_4q_avg": 35.92,
            "net_income": -4470,
            "revenue": 216226,
            "common_shares": 1126298,
            "book_valuer_per_share": 5.09,
            "book_valuer_per_share_4q_avg": 5.16,
            "equity": 700770,
            "current_ratio": 209.62,
            "debt_ratio": 44.31,
            "inventory_turnover_ratio": 0.44,
            "account_receivable_turnover_ratio": 2.37,
            "reinvestment_rate": null,
            "research_to_sale_ratio": 5.6,
            "price_fair": 0,
            "eps_avg_yearly": 0,
            "eps_latest_yearly": 0,
            "eps_growth_yearly": 0
        },
        "20203": {
            "year_quarter": 20203,
            "year": 2020,
            "quarter": 3,
            "eps": -0.11,
            "eps_growth_year": null,
            "eps_4q": -0.39,
            "eps_4q_growth_year": null,
            "roe": -1.77,
            "roe_4q": -2.93,
            "gross_profit": 64050,
            "gross_margin": 36.03,
            "gross_margin_4q_avg": 36.13,
            "net_income": -12391,
            "revenue": 177782,
            "common_shares": 1126298,
            "book_valuer_per_share": 5,
            "book_valuer_per_share_4q_avg": 5.07,
            "equity": 699821,
            "current_ratio": 190.08,
            "debt_ratio": 44.78,
            "inventory_turnover_ratio": 0.33,
            "account_receivable_turnover_ratio": 2.16,
            "reinvestment_rate": null,
            "research_to_sale_ratio": 7.14,
            "price_fair": 0,
            "eps_avg_yearly": 0,
            "eps_latest_yearly": 0,
            "eps_growth_yearly": 0
        },
        "20204": {
            "year_quarter": 20204,
            "year": 2020,
            "quarter": 4,
            "eps": 0.03,
            "eps_growth_year": null,
            "eps_4q": 0.03,
            "eps_4q_growth_year": null,
            "roe": 0.67,
            "roe_4q": 3.32,
            "gross_profit": 102520,
            "gross_margin": 34.48,
            "gross_margin_4q_avg": 36.14,
            "net_income": 4703,
            "revenue": 297327,
            "common_shares": 1126298,
            "book_valuer_per_share": 5.01,
            "book_valuer_per_share_4q_avg": 5.07,
            "equity": 702855,
            "current_ratio": 189.67,
            "debt_ratio": 44.98,
            "inventory_turnover_ratio": 0.53,
            "account_receivable_turnover_ratio": 3.5,
            "reinvestment_rate": null,
            "research_to_sale_ratio": 4.42,
            "price_fair": 0,
            "eps_avg_yearly": 0,
            "eps_latest_yearly": 0,
            "eps_growth_yearly": 0
        },
        "20211": {
            "year_quarter": 20211,
            "year": 2021,
            "quarter": 1,
            "eps": 0.01,
            "eps_growth_year": -93.33,
            "eps_4q": -0.11,
            "eps_4q_growth_year": null,
            "roe": 0.05,
            "roe_4q": -1.67,
            "gross_profit": 105194,
            "gross_margin": 35.62,
            "gross_margin_4q_avg": 35.59,
            "net_income": 320,
            "revenue": 295302,
            "common_shares": 1126298,
            "book_valuer_per_share": 5.03,
            "book_valuer_per_share_4q_avg": 5.03,
            "equity": 703442,
            "current_ratio": 191.83,
            "debt_ratio": 43.15,
            "inventory_turnover_ratio": 0.52,
            "account_receivable_turnover_ratio": 2.83,
            "reinvestment_rate": null,
            "research_to_sale_ratio": 5.29,
            "price_fair": 0.12,
            "eps_avg_yearly": 0.04,
            "eps_latest_yearly": 0.04,
            "eps_growth_yearly": -266.67
        },
        "20212": {
            "year_quarter": 20212,
            "year": 2021,
            "quarter": 2,
            "eps": 0.08,
            "eps_growth_year": null,
            "eps_4q": 0.01,
            "eps_4q_growth_year": null,
            "roe": 1.37,
            "roe_4q": 0.3200000000000003,
            "gross_profit": 118154,
            "gross_margin": 38.36,
            "gross_margin_4q_avg": 36.12,
            "net_income": 10740,
            "revenue": 308031,
            "common_shares": 1126298,
            "book_valuer_per_share": 5.66,
            "book_valuer_per_share_4q_avg": 5.18,
            "equity": 859537,
            "current_ratio": 229.15,
            "debt_ratio": 39.05,
            "inventory_turnover_ratio": 0.52,
            "account_receivable_turnover_ratio": 2.72,
            "reinvestment_rate": null,
            "research_to_sale_ratio": 5,
            "price_fair": 6.3,
            "eps_avg_yearly": 0.18,
            "eps_latest_yearly": 0.32,
            "eps_growth_yearly": 1266.67
        },
        "20213": {
            "year_quarter": 20213,
            "year": 2021,
            "quarter": 3,
            "eps": 0.18,
            "eps_growth_year": null,
            "eps_4q": 0.27,
            "eps_4q_growth_year": null,
            "roe": 2.47,
            "roe_4q": 4.5600000000000005,
            "gross_profit": 127848,
            "gross_margin": 41.06,
            "gross_margin_4q_avg": 37.38,
            "net_income": 22651,
            "revenue": 311335,
            "common_shares": 1326298,
            "book_valuer_per_share": 6.32,
            "book_valuer_per_share_4q_avg": 5.51,
            "equity": 976140,
            "current_ratio": 293.35,
            "debt_ratio": 32.72,
            "inventory_turnover_ratio": 0.48,
            "account_receivable_turnover_ratio": 2.25,
            "reinvestment_rate": null,
            "research_to_sale_ratio": 5.31,
            "price_fair": 12.6,
            "eps_avg_yearly": 0.36,
            "eps_latest_yearly": 0.72,
            "eps_growth_yearly": 1011.11
        },
        "20214": {
            "year_quarter": 20214,
            "year": 2021,
            "quarter": 4,
            "eps": -0.08,
            "eps_growth_year": -347.92,
            "eps_4q": 0.17,
            "eps_4q_growth_year": 526.72,
            "roe": -0.81,
            "roe_4q": 3.08,
            "gross_profit": 84764,
            "gross_margin": 31.57,
            "gross_margin_4q_avg": 36.65,
            "net_income": -7859,
            "revenue": 268500,
            "common_shares": 1326298,
            "book_valuer_per_share": 6.23,
            "book_valuer_per_share_4q_avg": 5.81,
            "equity": 966071,
            "current_ratio": 279.11,
            "debt_ratio": 32.77,
            "inventory_turnover_ratio": 0.42,
            "account_receivable_turnover_ratio": 1.99,
            "reinvestment_rate": null,
            "research_to_sale_ratio": 6.88,
            "price_fair": 12.6,
            "eps_avg_yearly": 0.36,
            "eps_latest_yearly": 0.72,
            "eps_growth_yearly": 1011.11
        },
        "20221": {
            "year_quarter": 20221,
            "year": 2022,
            "quarter": 1,
            "eps": -0.05,
            "eps_growth_year": -600,
            "eps_4q": 0.11,
            "eps_4q_growth_year": null,
            "roe": -0.38,
            "roe_4q": 2.6500000000000004,
            "gross_profit": 89637,
            "gross_margin": 36.99,
            "gross_margin_4q_avg": 37,
            "net_income": -3697,
            "revenue": 242302,
            "common_shares": 1326298,
            "book_valuer_per_share": 6.26,
            "book_valuer_per_share_4q_avg": 6.12,
            "equity": 972459,
            "current_ratio": 252.49,
            "debt_ratio": 37.09,
            "inventory_turnover_ratio": 0.3,
            "account_receivable_turnover_ratio": 2.04,
            "reinvestment_rate": null,
            "research_to_sale_ratio": 8.67,
            "price_fair": 12.6,
            "eps_avg_yearly": 0.36,
            "eps_latest_yearly": 0.72,
            "eps_growth_yearly": 1011.11
        },
        "20222": {
            "year_quarter": 20222,
            "year": 2022,
            "quarter": 2,
            "eps": 0.06,
            "eps_growth_year": -25,
            "eps_4q": 0.1,
            "eps_4q_growth_year": 621.16,
            "roe": 1.31,
            "roe_4q": 2.5900000000000003,
            "gross_profit": 104747,
            "gross_margin": 39.2,
            "gross_margin_4q_avg": 37.21,
            "net_income": 12782,
            "revenue": 267242,
            "common_shares": 1326298,
            "book_valuer_per_share": 6.35,
            "book_valuer_per_share_4q_avg": 6.29,
            "equity": 983899,
            "current_ratio": 225.73,
            "debt_ratio": 39.78,
            "inventory_turnover_ratio": 0.29,
            "account_receivable_turnover_ratio": 2.05,
            "reinvestment_rate": null,
            "research_to_sale_ratio": 7.32,
            "price_fair": 12.6,
            "eps_avg_yearly": 0.36,
            "eps_latest_yearly": 0.72,
            "eps_growth_yearly": 1011.11
        },
        "20223": {
            "year_quarter": 20223,
            "year": 2022,
            "quarter": 3,
            "eps": 0.08,
            "eps_growth_year": -55.56,
            "eps_4q": 0.01,
            "eps_4q_growth_year": -95.14,
            "roe": 1.63,
            "roe_4q": 1.75,
            "gross_profit": 108103,
            "gross_margin": 37.32,
            "gross_margin_4q_avg": 36.27,
            "net_income": 16266,
            "revenue": 289637,
            "common_shares": 1326298,
            "book_valuer_per_share": 6.52,
            "book_valuer_per_share_4q_avg": 6.34,
            "equity": 1013176,
            "current_ratio": 202.69,
            "debt_ratio": 40.06,
            "inventory_turnover_ratio": 0.32,
            "account_receivable_turnover_ratio": 2.13,
            "reinvestment_rate": null,
            "research_to_sale_ratio": 7.42,
            "price_fair": 12.25,
            "eps_avg_yearly": 0.35,
            "eps_latest_yearly": 0.32,
            "eps_growth_yearly": 791.67
        },
        "20224": {
            "year_quarter": 20224,
            "year": 2022,
            "quarter": 4,
            "eps": -0.02,
            "eps_growth_year": null,
            "eps_4q": 0.07,
            "eps_4q_growth_year": -60.54,
            "roe": -0.09,
            "roe_4q": 2.4699999999999998,
            "gross_profit": 110686,
            "gross_margin": 38.14,
            "gross_margin_4q_avg": 37.91,
            "net_income": -911,
            "revenue": 290192,
            "common_shares": 1326298,
            "book_valuer_per_share": 6.44,
            "book_valuer_per_share_4q_avg": 6.39,
            "equity": 1004591,
            "current_ratio": 194.07,
            "debt_ratio": 40.39,
            "inventory_turnover_ratio": 0.32,
            "account_receivable_turnover_ratio": 2.25,
            "reinvestment_rate": null,
            "research_to_sale_ratio": 6.92,
            "price_fair": 12.25,
            "eps_avg_yearly": 0.35,
            "eps_latest_yearly": 0.32,
            "eps_growth_yearly": 791.67
        },
        "20231": {
            "year_quarter": 20231,
            "year": 2023,
            "quarter": 1,
            "eps": -0.1,
            "eps_growth_year": null,
            "eps_4q": 0.01,
            "eps_4q_growth_year": -88.42,
            "roe": -1.1,
            "roe_4q": 1.7499999999999998,
            "gross_profit": 105611,
            "gross_margin": 41.48,
            "gross_margin_4q_avg": 39.04,
            "net_income": -13005,
            "revenue": 254605,
            "common_shares": 1426298,
            "book_valuer_per_share": 8.51,
            "book_valuer_per_share_4q_avg": 6.96,
            "equity": 1364158,
            "current_ratio": 226.49,
            "debt_ratio": 35.64,
            "inventory_turnover_ratio": 0.27,
            "account_receivable_turnover_ratio": 2.14,
            "reinvestment_rate": null,
            "research_to_sale_ratio": 7.82,
            "price_fair": 12.25,
            "eps_avg_yearly": 0.35,
            "eps_latest_yearly": 0.32,
            "eps_growth_yearly": 791.67
        },
        "20232": {
            "year_quarter": 20232,
            "year": 2023,
            "quarter": 2,
            "eps": 0.01,
            "eps_growth_year": -83.33,
            "eps_4q": -0.04,
            "eps_4q_growth_year": -139.72,
            "roe": 0.07,
            "roe_4q": 0.5099999999999998,
            "gross_profit": 95493,
            "gross_margin": 37.93,
            "gross_margin_4q_avg": 38.72,
            "net_income": 987,
            "revenue": 251754,
            "common_shares": 1426298,
            "book_valuer_per_share": 8.59,
            "book_valuer_per_share_4q_avg": 7.52,
            "equity": 1363729,
            "current_ratio": 241.06,
            "debt_ratio": 32.32,
            "inventory_turnover_ratio": 0.28,
            "account_receivable_turnover_ratio": 2.09,
            "reinvestment_rate": null,
            "research_to_sale_ratio": 8.66,
            "price_fair": 12.25,
            "eps_avg_yearly": 0.35,
            "eps_latest_yearly": 0.32,
            "eps_growth_yearly": 791.67
        }
    },
    "months": {
        "2003-09": {
            "month": "2003-09",
            "price": "16.04",
            "revenue": 79160
        },
        "2003-10": {
            "month": "2003-10",
            "price": "15.70",
            "revenue": 103107
        },
        "2003-11": {
            "month": "2003-11",
            "price": "15.75",
            "revenue": 128616
        },
        "2003-12": {
            "month": "2003-12",
            "price": "16.85",
            "revenue": 121186
        },
        "2004-01": {
            "month": "2004-01",
            "price": "16.35",
            "revenue": 112366
        },
        "2004-02": {
            "month": "2004-02",
            "price": "22.10",
            "revenue": 69499
        },
        "2004-03": {
            "month": "2004-03",
            "price": "25.39",
            "revenue": 83875
        },
        "2004-04": {
            "month": "2004-04",
            "price": "26.84",
            "revenue": 86049
        },
        "2004-05": {
            "month": "2004-05",
            "price": "25.52",
            "revenue": 76422
        },
        "2004-06": {
            "month": "2004-06",
            "price": "25.91",
            "revenue": 60688
        },
        "2004-07": {
            "month": "2004-07",
            "price": "25.20",
            "revenue": 81440
        },
        "2004-08": {
            "month": "2004-08",
            "price": "22.48",
            "revenue": 111760
        },
        "2004-09": {
            "month": "2004-09",
            "price": "23.02",
            "revenue": 106476
        },
        "2004-10": {
            "month": "2004-10",
            "price": "22.71",
            "revenue": 114137
        },
        "2004-11": {
            "month": "2004-11",
            "price": "20.98",
            "revenue": 124807
        },
        "2004-12": {
            "month": "2004-12",
            "price": "21.74",
            "revenue": 108376
        },
        "2005-01": {
            "month": "2005-01",
            "price": "24.47",
            "revenue": 104628
        },
        "2005-02": {
            "month": "2005-02",
            "price": "30.41",
            "revenue": 73022
        },
        "2005-03": {
            "month": "2005-03",
            "price": "29.49",
            "revenue": 101769
        },
        "2005-04": {
            "month": "2005-04",
            "price": "29.58",
            "revenue": 114724
        },
        "2005-05": {
            "month": "2005-05",
            "price": "32.61",
            "revenue": 87741
        },
        "2005-06": {
            "month": "2005-06",
            "price": "35.08",
            "revenue": 130034
        },
        "2005-07": {
            "month": "2005-07",
            "price": "50.00",
            "revenue": 93825
        },
        "2005-08": {
            "month": "2005-08",
            "price": "52.40",
            "revenue": 104871
        },
        "2005-09": {
            "month": "2005-09",
            "price": "49.37",
            "revenue": 128229
        },
        "2005-10": {
            "month": "2005-10",
            "price": "42.10",
            "revenue": 126383
        },
        "2005-11": {
            "month": "2005-11",
            "price": "38.34",
            "revenue": 147226
        },
        "2005-12": {
            "month": "2005-12",
            "price": "42.78",
            "revenue": 109145
        },
        "2006-01": {
            "month": "2006-01",
            "price": "42.10",
            "revenue": 124912
        },
        "2006-02": {
            "month": "2006-02",
            "price": "39.08",
            "revenue": 109150
        },
        "2006-03": {
            "month": "2006-03",
            "price": "39.39",
            "revenue": 117575
        },
        "2006-04": {
            "month": "2006-04",
            "price": "42.50",
            "revenue": 121964
        },
        "2006-05": {
            "month": "2006-05",
            "price": "44.65",
            "revenue": 118149
        },
        "2006-06": {
            "month": "2006-06",
            "price": "42.19",
            "revenue": 90162
        },
        "2006-07": {
            "month": "2006-07",
            "price": "40.37",
            "revenue": 106765
        },
        "2006-08": {
            "month": "2006-08",
            "price": "37.12",
            "revenue": 72507
        },
        "2006-09": {
            "month": "2006-09",
            "price": "31.96",
            "revenue": 107496
        },
        "2006-10": {
            "month": "2006-10",
            "price": "31.59",
            "revenue": 126984
        },
        "2006-11": {
            "month": "2006-11",
            "price": "33.92",
            "revenue": 97496
        },
        "2006-12": {
            "month": "2006-12",
            "price": "35.42",
            "revenue": 101222
        },
        "2007-01": {
            "month": "2007-01",
            "price": "40.00",
            "revenue": 93872
        },
        "2007-02": {
            "month": "2007-02",
            "price": "37.26",
            "revenue": 68669
        },
        "2007-03": {
            "month": "2007-03",
            "price": "35.23",
            "revenue": 108802
        },
        "2007-04": {
            "month": "2007-04",
            "price": "36.48",
            "revenue": 118405
        },
        "2007-05": {
            "month": "2007-05",
            "price": "34.57",
            "revenue": 106552
        },
        "2007-06": {
            "month": "2007-06",
            "price": "37.55",
            "revenue": 73575
        },
        "2007-07": {
            "month": "2007-07",
            "price": "44.84",
            "revenue": 110447
        },
        "2007-08": {
            "month": "2007-08",
            "price": "41.20",
            "revenue": 99001
        },
        "2007-09": {
            "month": "2007-09",
            "price": "39.28",
            "revenue": 100934
        },
        "2007-10": {
            "month": "2007-10",
            "price": "36.29",
            "revenue": 118955
        },
        "2007-11": {
            "month": "2007-11",
            "price": "31.24",
            "revenue": 125509
        },
        "2007-12": {
            "month": "2007-12",
            "price": "29.36",
            "revenue": 310251
        },
        "2008-01": {
            "month": "2008-01",
            "price": "25.85",
            "revenue": 100927
        },
        "2008-02": {
            "month": "2008-02",
            "price": "24.83",
            "revenue": 39190
        },
        "2008-03": {
            "month": "2008-03",
            "price": "24.79",
            "revenue": 93111
        },
        "2008-04": {
            "month": "2008-04",
            "price": "26.21",
            "revenue": 55645
        },
        "2008-05": {
            "month": "2008-05",
            "price": "24.78",
            "revenue": 102481
        },
        "2008-06": {
            "month": "2008-06",
            "price": "21.59",
            "revenue": 90351
        },
        "2008-07": {
            "month": "2008-07",
            "price": "17.80",
            "revenue": 107364
        },
        "2008-08": {
            "month": "2008-08",
            "price": "19.54",
            "revenue": 98087
        },
        "2008-09": {
            "month": "2008-09",
            "price": "14.65",
            "revenue": 88134
        },
        "2008-10": {
            "month": "2008-10",
            "price": "11.45",
            "revenue": 79482
        },
        "2008-11": {
            "month": "2008-11",
            "price": "10.50",
            "revenue": 60336
        },
        "2008-12": {
            "month": "2008-12",
            "price": "9.48",
            "revenue": 107184
        },
        "2009-01": {
            "month": "2009-01",
            "price": "9.27",
            "revenue": 70408
        },
        "2009-02": {
            "month": "2009-02",
            "price": "9.20",
            "revenue": 56922
        },
        "2009-03": {
            "month": "2009-03",
            "price": "11.17",
            "revenue": 101005
        },
        "2009-04": {
            "month": "2009-04",
            "price": "13.67",
            "revenue": 81566
        },
        "2009-05": {
            "month": "2009-05",
            "price": "13.65",
            "revenue": 97311
        },
        "2009-06": {
            "month": "2009-06",
            "price": "13.85",
            "revenue": 70190
        },
        "2009-07": {
            "month": "2009-07",
            "price": "13.80",
            "revenue": 66156
        },
        "2009-08": {
            "month": "2009-08",
            "price": "13.68",
            "revenue": 49279
        },
        "2009-09": {
            "month": "2009-09",
            "price": "13.92",
            "revenue": 67501
        },
        "2009-10": {
            "month": "2009-10",
            "price": "15.22",
            "revenue": 84502
        },
        "2009-11": {
            "month": "2009-11",
            "price": "14.49",
            "revenue": 47869
        },
        "2009-12": {
            "month": "2009-12",
            "price": "15.49",
            "revenue": 70436
        },
        "2010-01": {
            "month": "2010-01",
            "price": "16.15",
            "revenue": 63515
        },
        "2010-02": {
            "month": "2010-02",
            "price": "14.10",
            "revenue": 36539
        },
        "2010-03": {
            "month": "2010-03",
            "price": "14.77",
            "revenue": 90507
        },
        "2010-04": {
            "month": "2010-04",
            "price": "15.43",
            "revenue": 67995
        },
        "2010-05": {
            "month": "2010-05",
            "price": "13.48",
            "revenue": 62333
        },
        "2010-06": {
            "month": "2010-06",
            "price": "14.11",
            "revenue": 64858
        },
        "2010-07": {
            "month": "2010-07",
            "price": "15.48",
            "revenue": 61192
        },
        "2010-08": {
            "month": "2010-08",
            "price": "15.78",
            "revenue": 42361
        },
        "2010-09": {
            "month": "2010-09",
            "price": "15.19",
            "revenue": 69100
        },
        "2010-10": {
            "month": "2010-10",
            "price": "15.57",
            "revenue": 63194
        },
        "2010-11": {
            "month": "2010-11",
            "price": "13.17",
            "revenue": 64025
        },
        "2010-12": {
            "month": "2010-12",
            "price": "13.36",
            "revenue": 75119
        },
        "2011-01": {
            "month": "2011-01",
            "price": "13.17",
            "revenue": 56470
        },
        "2011-02": {
            "month": "2011-02",
            "price": "12.60",
            "revenue": 34257
        },
        "2011-03": {
            "month": "2011-03",
            "price": "11.79",
            "revenue": 56126
        },
        "2011-04": {
            "month": "2011-04",
            "price": "11.01",
            "revenue": 60726
        },
        "2011-05": {
            "month": "2011-05",
            "price": "11.15",
            "revenue": 69485
        },
        "2011-06": {
            "month": "2011-06",
            "price": "10.88",
            "revenue": 56959
        },
        "2011-07": {
            "month": "2011-07",
            "price": "10.69",
            "revenue": 63910
        },
        "2011-08": {
            "month": "2011-08",
            "price": "8.63",
            "revenue": 85011
        },
        "2011-09": {
            "month": "2011-09",
            "price": "8.55",
            "revenue": 43681
        },
        "2011-10": {
            "month": "2011-10",
            "price": "10.21",
            "revenue": 82035
        },
        "2011-11": {
            "month": "2011-11",
            "price": "9.23",
            "revenue": 56357
        },
        "2011-12": {
            "month": "2011-12",
            "price": "7.74",
            "revenue": 52209
        },
        "2012-01": {
            "month": "2012-01",
            "price": "7.77",
            "revenue": 43939
        },
        "2012-02": {
            "month": "2012-02",
            "price": "8.91",
            "revenue": 48015
        },
        "2012-03": {
            "month": "2012-03",
            "price": "8.77",
            "revenue": 55416
        },
        "2012-04": {
            "month": "2012-04",
            "price": "9.58",
            "revenue": 68357
        },
        "2012-05": {
            "month": "2012-05",
            "price": "8.55",
            "revenue": 60094
        },
        "2012-06": {
            "month": "2012-06",
            "price": "8.02",
            "revenue": 44098
        },
        "2012-07": {
            "month": "2012-07",
            "price": "7.58",
            "revenue": 88439
        },
        "2012-08": {
            "month": "2012-08",
            "price": "8.00",
            "revenue": 56097
        },
        "2012-09": {
            "month": "2012-09",
            "price": "8.06",
            "revenue": 40226
        },
        "2012-10": {
            "month": "2012-10",
            "price": "8.01",
            "revenue": 63526
        },
        "2012-11": {
            "month": "2012-11",
            "price": "7.22",
            "revenue": 48704
        },
        "2012-12": {
            "month": "2012-12",
            "price": "8.12",
            "revenue": 40370
        },
        "2013-01": {
            "month": "2013-01",
            "price": "8.75",
            "revenue": 93142
        },
        "2013-02": {
            "month": "2013-02",
            "price": "8.51",
            "revenue": 73840
        },
        "2013-03": {
            "month": "2013-03",
            "price": "9.12",
            "revenue": 82173
        },
        "2013-04": {
            "month": "2013-04",
            "price": "12.42",
            "revenue": 92590
        },
        "2013-05": {
            "month": "2013-05",
            "price": "12.90",
            "revenue": 89978
        },
        "2013-06": {
            "month": "2013-06",
            "price": "11.22",
            "revenue": 94363
        },
        "2013-07": {
            "month": "2013-07",
            "price": "10.93",
            "revenue": 89718
        },
        "2013-08": {
            "month": "2013-08",
            "price": "10.06",
            "revenue": 81732
        },
        "2013-09": {
            "month": "2013-09",
            "price": "10.66",
            "revenue": 82354
        },
        "2013-10": {
            "month": "2013-10",
            "price": "11.36",
            "revenue": 90740
        },
        "2013-11": {
            "month": "2013-11",
            "price": "11.45",
            "revenue": 91841
        },
        "2013-12": {
            "month": "2013-12",
            "price": "11.70",
            "revenue": 96412
        },
        "2014-01": {
            "month": "2014-01",
            "price": "12.62",
            "revenue": 109193
        },
        "2014-02": {
            "month": "2014-02",
            "price": "15.68",
            "revenue": 100769
        },
        "2014-03": {
            "month": "2014-03",
            "price": "14.88",
            "revenue": 98715
        },
        "2014-04": {
            "month": "2014-04",
            "price": "17.38",
            "revenue": 96738
        },
        "2014-05": {
            "month": "2014-05",
            "price": "15.98",
            "revenue": 80418
        },
        "2014-06": {
            "month": "2014-06",
            "price": "16.14",
            "revenue": 120184
        },
        "2014-07": {
            "month": "2014-07",
            "price": "16.47",
            "revenue": 111358
        },
        "2014-08": {
            "month": "2014-08",
            "price": "15.07",
            "revenue": 81461
        },
        "2014-09": {
            "month": "2014-09",
            "price": "14.30",
            "revenue": 107773
        },
        "2014-10": {
            "month": "2014-10",
            "price": "12.68",
            "revenue": 111792
        },
        "2014-11": {
            "month": "2014-11",
            "price": "11.53",
            "revenue": 82354
        },
        "2014-12": {
            "month": "2014-12",
            "price": "13.44",
            "revenue": 97588
        },
        "2015-01": {
            "month": "2015-01",
            "price": "13.74",
            "revenue": 80147
        },
        "2015-02": {
            "month": "2015-02",
            "price": "12.34",
            "revenue": 81807
        },
        "2015-03": {
            "month": "2015-03",
            "price": "12.52",
            "revenue": 78677
        },
        "2015-04": {
            "month": "2015-04",
            "price": "12.45",
            "revenue": 101975
        },
        "2015-05": {
            "month": "2015-05",
            "price": "11.47",
            "revenue": 57091
        },
        "2015-06": {
            "month": "2015-06",
            "price": "10.02",
            "revenue": 79141
        },
        "2015-07": {
            "month": "2015-07",
            "price": "8.93",
            "revenue": 84136
        },
        "2015-08": {
            "month": "2015-08",
            "price": "8.72",
            "revenue": 51719
        },
        "2015-09": {
            "month": "2015-09",
            "price": "9.22",
            "revenue": 59171
        },
        "2015-10": {
            "month": "2015-10",
            "price": "9.55",
            "revenue": 64561
        },
        "2015-11": {
            "month": "2015-11",
            "price": "10.31",
            "revenue": 59878
        },
        "2015-12": {
            "month": "2015-12",
            "price": "9.69",
            "revenue": 56931
        },
        "2016-01": {
            "month": "2016-01",
            "price": "8.79",
            "revenue": 71912
        },
        "2016-02": {
            "month": "2016-02",
            "price": "8.79",
            "revenue": 77403
        },
        "2016-03": {
            "month": "2016-03",
            "price": "9.29",
            "revenue": 63612
        },
        "2016-04": {
            "month": "2016-04",
            "price": "8.65",
            "revenue": 29431
        },
        "2016-05": {
            "month": "2016-05",
            "price": "7.94",
            "revenue": 57002
        },
        "2016-06": {
            "month": "2016-06",
            "price": "9.14",
            "revenue": 62152
        },
        "2016-07": {
            "month": "2016-07",
            "price": "8.95",
            "revenue": 53251
        },
        "2016-08": {
            "month": "2016-08",
            "price": "8.61",
            "revenue": 62140
        },
        "2016-09": {
            "month": "2016-09",
            "price": "8.57",
            "revenue": 47625
        },
        "2016-10": {
            "month": "2016-10",
            "price": "8.33",
            "revenue": 34400
        },
        "2016-11": {
            "month": "2016-11",
            "price": "8.90",
            "revenue": 52791
        },
        "2016-12": {
            "month": "2016-12",
            "price": "8.63",
            "revenue": 46659
        },
        "2017-01": {
            "month": "2017-01",
            "price": "8.52",
            "revenue": 48238
        },
        "2017-02": {
            "month": "2017-02",
            "price": "8.43",
            "revenue": 70403
        },
        "2017-03": {
            "month": "2017-03",
            "price": "8.89",
            "revenue": 66566
        },
        "2017-04": {
            "month": "2017-04",
            "price": "8.58",
            "revenue": 56983
        },
        "2017-05": {
            "month": "2017-05",
            "price": "8.41",
            "revenue": 70130
        },
        "2017-06": {
            "month": "2017-06",
            "price": "8.89",
            "revenue": 67835
        },
        "2017-07": {
            "month": "2017-07",
            "price": "8.56",
            "revenue": 71515
        },
        "2017-08": {
            "month": "2017-08",
            "price": "8.58",
            "revenue": 80661
        },
        "2017-09": {
            "month": "2017-09",
            "price": "9.69",
            "revenue": 71054
        },
        "2017-10": {
            "month": "2017-10",
            "price": "10.57",
            "revenue": 58920
        },
        "2017-11": {
            "month": "2017-11",
            "price": "10.23",
            "revenue": 80612
        },
        "2017-12": {
            "month": "2017-12",
            "price": "10.41",
            "revenue": 87093
        },
        "2018-01": {
            "month": "2018-01",
            "price": "13.04",
            "revenue": 72965
        },
        "2018-02": {
            "month": "2018-02",
            "price": "12.23",
            "revenue": 73507
        },
        "2018-03": {
            "month": "2018-03",
            "price": "12.44",
            "revenue": 82536
        },
        "2018-04": {
            "month": "2018-04",
            "price": "12.25",
            "revenue": 78711
        },
        "2018-05": {
            "month": "2018-05",
            "price": "12.19",
            "revenue": 100388
        },
        "2018-06": {
            "month": "2018-06",
            "price": "14.58",
            "revenue": 77270
        },
        "2018-07": {
            "month": "2018-07",
            "price": "12.90",
            "revenue": 61605
        },
        "2018-08": {
            "month": "2018-08",
            "price": "12.53",
            "revenue": 66106
        },
        "2018-09": {
            "month": "2018-09",
            "price": "11.41",
            "revenue": 60177
        },
        "2018-10": {
            "month": "2018-10",
            "price": "9.59",
            "revenue": 75098
        },
        "2018-11": {
            "month": "2018-11",
            "price": "8.01",
            "revenue": 66079
        },
        "2018-12": {
            "month": "2018-12",
            "price": "8.23",
            "revenue": 56251
        },
        "2019-01": {
            "month": "2019-01",
            "price": "8.27",
            "revenue": 70825
        },
        "2019-02": {
            "month": "2019-02",
            "price": "8.52",
            "revenue": 57348
        },
        "2019-03": {
            "month": "2019-03",
            "price": "8.60",
            "revenue": 80041
        },
        "2019-04": {
            "month": "2019-04",
            "price": "8.67",
            "revenue": 62705
        },
        "2019-05": {
            "month": "2019-05",
            "price": "10.81",
            "revenue": 75170
        },
        "2019-06": {
            "month": "2019-06",
            "price": "10.46",
            "revenue": 84782
        },
        "2019-07": {
            "month": "2019-07",
            "price": "11.18",
            "revenue": 72455
        },
        "2019-08": {
            "month": "2019-08",
            "price": "10.89",
            "revenue": 44277
        },
        "2019-09": {
            "month": "2019-09",
            "price": "10.77",
            "revenue": 72171
        },
        "2019-10": {
            "month": "2019-10",
            "price": "10.71",
            "revenue": 75579
        },
        "2019-11": {
            "month": "2019-11",
            "price": "10.52",
            "revenue": 61925
        },
        "2019-12": {
            "month": "2019-12",
            "price": "10.19",
            "revenue": 60217
        },
        "2020-01": {
            "month": "2020-01",
            "price": "9.73",
            "revenue": 75030
        },
        "2020-02": {
            "month": "2020-02",
            "price": "9.00",
            "revenue": 72981
        },
        "2020-03": {
            "month": "2020-03",
            "price": "7.72",
            "revenue": 68924
        },
        "2020-04": {
            "month": "2020-04",
            "price": "7.39",
            "revenue": 63119
        },
        "2020-05": {
            "month": "2020-05",
            "price": "7.83",
            "revenue": 62158
        },
        "2020-06": {
            "month": "2020-06",
            "price": "9.33",
            "revenue": 88401
        },
        "2020-07": {
            "month": "2020-07",
            "price": "11.18",
            "revenue": 69749
        },
        "2020-08": {
            "month": "2020-08",
            "price": "10.30",
            "revenue": 53409
        },
        "2020-09": {
            "month": "2020-09",
            "price": "10.52",
            "revenue": 55225
        },
        "2020-10": {
            "month": "2020-10",
            "price": "10.90",
            "revenue": 100008
        },
        "2020-11": {
            "month": "2020-11",
            "price": "10.91",
            "revenue": 95491
        },
        "2020-12": {
            "month": "2020-12",
            "price": "12.88",
            "revenue": 101915
        },
        "2021-01": {
            "month": "2021-01",
            "price": "16.72",
            "revenue": 100103
        },
        "2021-02": {
            "month": "2021-02",
            "price": "17.42",
            "revenue": 77504
        },
        "2021-03": {
            "month": "2021-03",
            "price": "17.73",
            "revenue": 117488
        },
        "2021-04": {
            "month": "2021-04",
            "price": "19.11",
            "revenue": 117318
        },
        "2021-05": {
            "month": "2021-05",
            "price": "15.19",
            "revenue": 98396
        },
        "2021-06": {
            "month": "2021-06",
            "price": "15.58",
            "revenue": 92600
        },
        "2021-07": {
            "month": "2021-07",
            "price": "14.62",
            "revenue": 80039
        },
        "2021-08": {
            "month": "2021-08",
            "price": "13.45",
            "revenue": 94973
        },
        "2021-09": {
            "month": "2021-09",
            "price": "13.32",
            "revenue": 137697
        },
        "2021-10": {
            "month": "2021-10",
            "price": "17.62",
            "revenue": 103873
        },
        "2021-11": {
            "month": "2021-11",
            "price": "17.80",
            "revenue": 83925
        },
        "2021-12": {
            "month": "2021-12",
            "price": "17.60",
            "revenue": 81297
        },
        "2022-01": {
            "month": "2022-01",
            "price": "15.95",
            "revenue": 70997
        },
        "2022-02": {
            "month": "2022-02",
            "price": "15.99",
            "revenue": 70039
        },
        "2022-03": {
            "month": "2022-03",
            "price": "16.45",
            "revenue": 101874
        },
        "2022-04": {
            "month": "2022-04",
            "price": "17.19",
            "revenue": 90353
        },
        "2022-05": {
            "month": "2022-05",
            "price": "18.19",
            "revenue": 84569
        },
        "2022-06": {
            "month": "2022-06",
            "price": "17.80",
            "revenue": 92307
        },
        "2022-07": {
            "month": "2022-07",
            "price": "16.94",
            "revenue": 89114
        },
        "2022-08": {
            "month": "2022-08",
            "price": "17.44",
            "revenue": 105568
        },
        "2022-09": {
            "month": "2022-09",
            "price": "19.31",
            "revenue": 93248
        },
        "2022-10": {
            "month": "2022-10",
            "price": "19.18",
            "revenue": 92980
        },
        "2022-11": {
            "month": "2022-11",
            "price": "36.55",
            "revenue": 95521
        },
        "2022-12": {
            "month": "2022-12",
            "price": "42.82",
            "revenue": 100792
        },
        "2023-01": {
            "month": "2023-01",
            "price": "41.10",
            "revenue": 85386
        },
        "2023-02": {
            "month": "2023-02",
            "price": "46.60",
            "revenue": 85556
        },
        "2023-03": {
            "month": "2023-03",
            "price": "58.59",
            "revenue": 83632
        },
        "2023-04": {
            "month": "2023-04",
            "price": "69.04",
            "revenue": 72309
        },
        "2023-05": {
            "month": "2023-05",
            "price": "69.60",
            "revenue": 87779
        },
        "2023-06": {
            "month": "2023-06",
            "price": "70.54",
            "revenue": 91606
        },
        "2023-07": {
            "month": "2023-07",
            "price": "62.74",
            "revenue": 65193
        },
        "2023-08": {
            "month": "2023-08",
            "price": "58.94",
            "revenue": 74793
        }
    }
}
