{
    "summary": {
        "stock_name": "榮群",
        "stock_id": "8034",
        "category": "通信網路",
        "main_business": "有線通信機械器材製造業<br>無線通信機械器材製造業<br>通信工程業",
        "website_url": "http://www.opnet.com.tw",
        "ceo": "王慶橖",
        "pe_ratio": 29,
        "report_year_from": 2001,
        "report_year_to": 2023,
        "age": 23,
        "eps_negative_percentage": 43,
        "eps_growth_avg": {
            "last_all": -19.49,
            "last_2y": 16.18,
            "last_4y": -8.54,
            "last_8y": -12.91,
            "last_12y": -12.91,
            "last_16y": -34.68,
            "last_20y": null,
            "at_2006_last_3y": null,
            "at_2007_last_3y": -9.22,
            "at_2008_last_3y": -45.63,
            "at_2009_last_3y": -74.43,
            "at_2010_last_3y": -100,
            "at_2011_last_3y": -100,
            "at_2012_last_3y": -100,
            "at_2013_last_3y": null,
            "at_2014_last_3y": null,
            "at_2015_last_3y": null,
            "at_2016_last_3y": null,
            "at_2017_last_3y": null,
            "at_2018_last_3y": -34.76,
            "at_2019_last_3y": -22.99,
            "at_2020_last_3y": -41.99,
            "at_2021_last_3y": -6.49,
            "at_2022_last_3y": -9.91,
            "at_2023_last_3y": -7.87,
            "at_2024_last_3y": -7.87,
            "at_2006_last_all": 21.03,
            "at_2007_last_all": -9.22,
            "at_2008_last_all": -9.22,
            "at_2009_last_all": -27.38,
            "at_2010_last_all": -27.38,
            "at_2011_last_all": -27.38,
            "at_2012_last_all": -27.38,
            "at_2013_last_all": -27.38,
            "at_2014_last_all": -27.38,
            "at_2015_last_all": -27.38,
            "at_2016_last_all": -27.38,
            "at_2017_last_all": -27.38,
            "at_2018_last_all": -28.61,
            "at_2019_last_all": -26.12,
            "at_2020_last_all": -32.86,
            "at_2021_last_all": -18.1,
            "at_2022_last_all": -21.13,
            "at_2023_last_all": -19.49,
            "at_2024_last_all": -19.49
        },
        "latest_eps": 1.01,
        "latest_price": 28.95,
        "latest_roe": 9.17,
        "latest_gross_margin": 45.97,
        "latest_equity": 698357,
        "latest_revenue": 96979,
        "latest_gross_profit": 44583,
        "latest_net_income": 12616,
        "latest_debt_ratio": 25.23,
        "latest_current_ratio": 404.65,
        "latest_account_receivable_turnover_ratio": 1.34,
        "latest_inventory_turnover_ratio": 0.11,
        "latest_reinvestment_rate": -0.17,
        "latest_research_to_sale_ratio": 17.66
    },
    "eps_dividends": {
        "2001": {
            "cash": 0,
            "stock": 0,
            "eps": 0
        },
        "2002": {
            "cash": 0,
            "stock": 0,
            "eps": 0
        },
        "2003": {
            "cash": 0,
            "stock": 0,
            "eps": 0.56
        },
        "2004": {
            "cash": 0.1,
            "stock": 0.5,
            "eps": 1.69
        },
        "2005": {
            "cash": 0.49,
            "stock": 0.49,
            "eps": 1.46
        },
        "2006": {
            "cash": 1,
            "stock": 0,
            "eps": 1.12
        },
        "2007": {
            "cash": 0.8,
            "stock": 0,
            "eps": -0.46
        },
        "2008": {
            "cash": 0,
            "stock": 0,
            "eps": 0.43
        },
        "2009": {
            "cash": 0.2,
            "stock": 0,
            "eps": -0.93
        },
        "2010": {
            "cash": 0,
            "stock": 0,
            "eps": -1.39
        },
        "2011": {
            "cash": 0,
            "stock": 0,
            "eps": -1.08
        },
        "2012": {
            "cash": 0,
            "stock": 0,
            "eps": -0.44
        },
        "2013": {
            "cash": 0,
            "stock": 0,
            "eps": -0.22
        },
        "2014": {
            "cash": 0,
            "stock": 0,
            "eps": -0.09
        },
        "2015": {
            "cash": 0,
            "stock": 0,
            "eps": -0.21
        },
        "2016": {
            "cash": 0,
            "stock": 0,
            "eps": -0.26
        },
        "2017": {
            "cash": 0,
            "stock": 0,
            "eps": 1.64
        },
        "2018": {
            "cash": 0,
            "stock": 0,
            "eps": 1.07
        },
        "2019": {
            "cash": 0,
            "stock": 0,
            "eps": 0.95
        },
        "2020": {
            "cash": 0.2,
            "stock": 0,
            "eps": 0.19
        },
        "2021": {
            "cash": 0,
            "stock": 0,
            "eps": 1.28
        },
        "2022": {
            "cash": 1,
            "stock": 0,
            "eps": 0.66
        },
        "2023": {
            "cash": 0.6,
            "stock": 0,
            "eps": 0.64
        }
    },
    "dividends": {
        "2004-03-12": {
            "cash": 0.1,
            "stock": 0.5
        },
        "2005-03-08": {
            "cash": 0.49,
            "stock": 0.49
        },
        "2006-03-21": {
            "cash": 1,
            "stock": 0
        },
        "2007-03-09": {
            "cash": 0.8,
            "stock": 0
        },
        "2009-03-27": {
            "cash": 0.2,
            "stock": 0
        },
        "2020-08-12": {
            "cash": 0.2,
            "stock": 0
        },
        "2022-07-11": {
            "cash": 1,
            "stock": 0
        },
        "2023-08-08": {
            "cash": 0.6,
            "stock": 0
        }
    },
    "prices": {
        "200101": "無",
        "200102": "無",
        "200103": "無",
        "200104": "無",
        "200105": "無",
        "200106": "無",
        "200107": "無",
        "200108": "無",
        "200109": "無",
        "200110": "無",
        "200111": "無",
        "200112": "無",
        "200201": "無",
        "200202": "無",
        "200203": "無",
        "200204": "無",
        "200205": "無",
        "200206": "無",
        "200207": "無",
        "200208": "無",
        "200209": "無",
        "200210": "無",
        "200211": "無",
        "200212": "無",
        "200301": "無",
        "200302": "無",
        "200303": "無",
        "200304": "無",
        "200305": "無",
        "200306": "無",
        "200307": "無",
        "200308": "無",
        "200309": "17.13",
        "200310": "17.24",
        "200311": "16.70",
        "200312": "18.01",
        "200401": "20.22",
        "200402": "27.68",
        "200403": "26.01",
        "200404": "26.54",
        "200405": "16.98",
        "200406": "15.40",
        "200407": "11.68",
        "200408": "9.95",
        "200409": "11.23",
        "200410": "11.41",
        "200411": "12.96",
        "200412": "17.94",
        "200501": "17.32",
        "200502": "21.41",
        "200503": "18.48",
        "200504": "18.64",
        "200505": "17.64",
        "200506": "20.57",
        "200507": "21.02",
        "200508": "17.48",
        "200509": "13.70",
        "200510": "12.85",
        "200511": "12.84",
        "200512": "15.19",
        "200601": "14.91",
        "200602": "13.38",
        "200603": "13.30",
        "200604": "14.95",
        "200605": "14.64",
        "200606": "13.11",
        "200607": "13.38",
        "200608": "12.70",
        "200609": "12.16",
        "200610": "12.45",
        "200611": "13.35",
        "200612": "14.12",
        "200701": "15.02",
        "200702": "14.03",
        "200703": "17.48",
        "200704": "20.09",
        "200705": "17.04",
        "200706": "18.16",
        "200707": "18.22",
        "200708": "13.11",
        "200709": "11.88",
        "200710": "10.99",
        "200711": "10.28",
        "200712": "9.70",
        "200801": "8.66",
        "200802": "8.23",
        "200803": "8.87",
        "200804": "10.66",
        "200805": "11.73",
        "200806": "10.31",
        "200807": "8.58",
        "200808": "8.45",
        "200809": "7.27",
        "200810": "5.91",
        "200811": "5.84",
        "200812": "6.53",
        "200901": "6.82",
        "200902": "8.55",
        "200903": "8.41",
        "200904": "10.40",
        "200905": "10.92",
        "200906": "10.60",
        "200907": "10.67",
        "200908": "11.82",
        "200909": "12.23",
        "200910": "12.99",
        "200911": "12.06",
        "200912": "12.34",
        "201001": "11.71",
        "201002": "8.86",
        "201003": "9.52",
        "201004": "12.20",
        "201005": "10.23",
        "201006": "9.62",
        "201007": "10.19",
        "201008": "10.14",
        "201009": "8.79",
        "201010": "7.83",
        "201011": "6.70",
        "201012": "7.10",
        "201101": "7.26",
        "201102": "7.03",
        "201103": "6.88",
        "201104": "6.59",
        "201105": "6.33",
        "201106": "6.64",
        "201107": "6.24",
        "201108": "4.91",
        "201109": "4.60",
        "201110": "4.82",
        "201111": "5.28",
        "201112": "4.88",
        "201201": "4.89",
        "201202": "5.54",
        "201203": "6.02",
        "201204": "5.72",
        "201205": "5.53",
        "201206": "5.03",
        "201207": "5.02",
        "201208": "4.90",
        "201209": "5.18",
        "201210": "5.64",
        "201211": "5.89",
        "201212": "6.31",
        "201301": "6.24",
        "201302": "5.92",
        "201303": "5.83",
        "201304": "5.82",
        "201305": "6.25",
        "201306": "6.55",
        "201307": "7.09",
        "201308": "8.57",
        "201309": "9.88",
        "201310": "8.25",
        "201311": "7.97",
        "201312": "7.97",
        "201401": "8.28",
        "201402": "9.14",
        "201403": "11.97",
        "201404": "10.62",
        "201405": "9.01",
        "201406": "10.62",
        "201407": "11.18",
        "201408": "9.51",
        "201409": "7.77",
        "201410": "7.66",
        "201411": "7.30",
        "201412": "7.44",
        "201501": "7.73",
        "201502": "7.77",
        "201503": "9.08",
        "201504": "9.47",
        "201505": "7.16",
        "201506": "6.42",
        "201507": "6.44",
        "201508": "6.00",
        "201509": "6.03",
        "201510": "6.37",
        "201511": "6.20",
        "201512": "5.55",
        "201601": "5.70",
        "201602": "5.96",
        "201603": "6.27",
        "201604": "5.94",
        "201605": "5.46",
        "201606": "5.33",
        "201607": "5.35",
        "201608": "5.71",
        "201609": "6.54",
        "201610": "6.49",
        "201611": "6.39",
        "201612": "6.27",
        "201701": "6.32",
        "201702": "7.48",
        "201703": "9.67",
        "201704": "11.63",
        "201705": "11.46",
        "201706": "10.05",
        "201707": "10.13",
        "201708": "10.22",
        "201709": "12.18",
        "201710": "12.34",
        "201711": "12.73",
        "201712": "12.86",
        "201801": "15.95",
        "201802": "16.13",
        "201803": "15.82",
        "201804": "13.59",
        "201805": "11.96",
        "201806": "11.37",
        "201807": "10.58",
        "201808": "9.95",
        "201809": "8.65",
        "201810": "8.18",
        "201811": "7.48",
        "201812": "7.75",
        "201901": "9.10",
        "201902": "8.63",
        "201903": "8.57",
        "201904": "11.51",
        "201905": "11.03",
        "201906": "10.09",
        "201907": "10.02",
        "201908": "9.91",
        "201909": "11.39",
        "201910": "11.55",
        "201911": "11.66",
        "201912": "13.62",
        "202001": "16.05",
        "202002": "17.15",
        "202003": "17.20",
        "202004": "19.08",
        "202005": "32.35",
        "202006": "23.52",
        "202007": "24.49",
        "202008": "22.27",
        "202009": "19.67",
        "202010": "18.76",
        "202011": "16.54",
        "202012": "20.34",
        "202101": "19.70",
        "202102": "17.73",
        "202103": "18.67",
        "202104": "19.89",
        "202105": "16.43",
        "202106": "17.99",
        "202107": "16.89",
        "202108": "15.63",
        "202109": "14.50",
        "202110": "14.02",
        "202111": "15.83",
        "202112": "19.16",
        "202201": "19.05",
        "202202": "18.15",
        "202203": "18.53",
        "202204": "17.75",
        "202205": "16.34",
        "202206": "15.62",
        "202207": "13.87",
        "202208": "15.79",
        "202209": "14.77",
        "202210": "13.94",
        "202211": "14.90",
        "202212": "15.06",
        "202301": "14.88",
        "202302": "14.45",
        "202303": "14.37",
        "202304": "15.76",
        "202305": "15.80",
        "202306": "20.77",
        "202307": "18.47",
        "202308": "18.96",
        "202309": "21.45",
        "202310": "19.35",
        "202311": "23.40",
        "202312": "25.63"
    },
    "quarters": {
        "20011": {
            "year_quarter": 20011,
            "year": 2001,
            "quarter": 1,
            "eps": null,
            "eps_growth_year": null,
            "eps_4q": null,
            "eps_4q_growth_year": null,
            "roe": null,
            "roe_4q": 0,
            "gross_profit": null,
            "gross_margin": null,
            "gross_margin_4q_avg": 0,
            "net_income": null,
            "net_income_4q": null,
            "revenue": null,
            "revenue_4q": null,
            "common_shares": null,
            "book_valuer_per_share": null,
            "book_valuer_per_share_4q_avg": 0,
            "equity": null,
            "current_ratio": null,
            "debt_ratio": null,
            "inventory_turnover_ratio": null,
            "account_receivable_turnover_ratio": null,
            "reinvestment_rate": null,
            "research_to_sale_ratio": null,
            "price_fair": 0,
            "eps_avg_yearly": 0,
            "eps_latest_yearly": 0,
            "eps_growth_yearly": 0
        },
        "20012": {
            "year_quarter": 20012,
            "year": 2001,
            "quarter": 2,
            "eps": null,
            "eps_growth_year": null,
            "eps_4q": null,
            "eps_4q_growth_year": null,
            "roe": null,
            "roe_4q": 0,
            "gross_profit": null,
            "gross_margin": null,
            "gross_margin_4q_avg": 0,
            "net_income": null,
            "net_income_4q": null,
            "revenue": null,
            "revenue_4q": null,
            "common_shares": null,
            "book_valuer_per_share": null,
            "book_valuer_per_share_4q_avg": 0,
            "equity": null,
            "current_ratio": null,
            "debt_ratio": null,
            "inventory_turnover_ratio": null,
            "account_receivable_turnover_ratio": null,
            "reinvestment_rate": null,
            "research_to_sale_ratio": null,
            "price_fair": 0,
            "eps_avg_yearly": 0,
            "eps_latest_yearly": 0,
            "eps_growth_yearly": 0
        },
        "20013": {
            "year_quarter": 20013,
            "year": 2001,
            "quarter": 3,
            "eps": null,
            "eps_growth_year": null,
            "eps_4q": null,
            "eps_4q_growth_year": null,
            "roe": null,
            "roe_4q": 0,
            "gross_profit": null,
            "gross_margin": null,
            "gross_margin_4q_avg": 0,
            "net_income": null,
            "net_income_4q": null,
            "revenue": null,
            "revenue_4q": null,
            "common_shares": null,
            "book_valuer_per_share": null,
            "book_valuer_per_share_4q_avg": 0,
            "equity": null,
            "current_ratio": null,
            "debt_ratio": null,
            "inventory_turnover_ratio": null,
            "account_receivable_turnover_ratio": null,
            "reinvestment_rate": null,
            "research_to_sale_ratio": null,
            "price_fair": 0,
            "eps_avg_yearly": 0,
            "eps_latest_yearly": 0,
            "eps_growth_yearly": 0
        },
        "20014": {
            "year_quarter": 20014,
            "year": 2001,
            "quarter": 4,
            "eps": null,
            "eps_growth_year": null,
            "eps_4q": null,
            "eps_4q_growth_year": null,
            "roe": null,
            "roe_4q": 0,
            "gross_profit": null,
            "gross_margin": null,
            "gross_margin_4q_avg": 0,
            "net_income": null,
            "net_income_4q": null,
            "revenue": null,
            "revenue_4q": null,
            "common_shares": 492000,
            "book_valuer_per_share": 9.01,
            "book_valuer_per_share_4q_avg": 2.25,
            "equity": 443425,
            "current_ratio": 316.98,
            "debt_ratio": 24.56,
            "inventory_turnover_ratio": null,
            "account_receivable_turnover_ratio": null,
            "reinvestment_rate": null,
            "research_to_sale_ratio": null,
            "price_fair": 0,
            "eps_avg_yearly": 0,
            "eps_latest_yearly": 0,
            "eps_growth_yearly": 0
        },
        "20021": {
            "year_quarter": 20021,
            "year": 2002,
            "quarter": 1,
            "eps": null,
            "eps_growth_year": null,
            "eps_4q": null,
            "eps_4q_growth_year": null,
            "roe": null,
            "roe_4q": 0,
            "gross_profit": null,
            "gross_margin": null,
            "gross_margin_4q_avg": 0,
            "net_income": null,
            "net_income_4q": null,
            "revenue": null,
            "revenue_4q": null,
            "common_shares": null,
            "book_valuer_per_share": null,
            "book_valuer_per_share_4q_avg": 2.25,
            "equity": null,
            "current_ratio": null,
            "debt_ratio": null,
            "inventory_turnover_ratio": null,
            "account_receivable_turnover_ratio": null,
            "reinvestment_rate": null,
            "research_to_sale_ratio": null,
            "price_fair": 0,
            "eps_avg_yearly": 0,
            "eps_latest_yearly": 0,
            "eps_growth_yearly": 0
        },
        "20022": {
            "year_quarter": 20022,
            "year": 2002,
            "quarter": 2,
            "eps": null,
            "eps_growth_year": null,
            "eps_4q": null,
            "eps_4q_growth_year": null,
            "roe": null,
            "roe_4q": 0,
            "gross_profit": null,
            "gross_margin": null,
            "gross_margin_4q_avg": 0,
            "net_income": null,
            "net_income_4q": null,
            "revenue": null,
            "revenue_4q": null,
            "common_shares": null,
            "book_valuer_per_share": null,
            "book_valuer_per_share_4q_avg": 2.25,
            "equity": null,
            "current_ratio": null,
            "debt_ratio": null,
            "inventory_turnover_ratio": null,
            "account_receivable_turnover_ratio": null,
            "reinvestment_rate": null,
            "research_to_sale_ratio": null,
            "price_fair": 0,
            "eps_avg_yearly": 0,
            "eps_latest_yearly": 0,
            "eps_growth_yearly": 0
        },
        "20023": {
            "year_quarter": 20023,
            "year": 2002,
            "quarter": 3,
            "eps": null,
            "eps_growth_year": null,
            "eps_4q": null,
            "eps_4q_growth_year": null,
            "roe": null,
            "roe_4q": 0,
            "gross_profit": null,
            "gross_margin": null,
            "gross_margin_4q_avg": 0,
            "net_income": null,
            "net_income_4q": null,
            "revenue": null,
            "revenue_4q": null,
            "common_shares": null,
            "book_valuer_per_share": null,
            "book_valuer_per_share_4q_avg": 2.25,
            "equity": null,
            "current_ratio": null,
            "debt_ratio": null,
            "inventory_turnover_ratio": null,
            "account_receivable_turnover_ratio": null,
            "reinvestment_rate": null,
            "research_to_sale_ratio": null,
            "price_fair": 0,
            "eps_avg_yearly": 0,
            "eps_latest_yearly": 0,
            "eps_growth_yearly": 0
        },
        "20024": {
            "year_quarter": 20024,
            "year": 2002,
            "quarter": 4,
            "eps": null,
            "eps_growth_year": null,
            "eps_4q": null,
            "eps_4q_growth_year": null,
            "roe": null,
            "roe_4q": 0,
            "gross_profit": null,
            "gross_margin": null,
            "gross_margin_4q_avg": 0,
            "net_income": null,
            "net_income_4q": null,
            "revenue": null,
            "revenue_4q": null,
            "common_shares": 492000,
            "book_valuer_per_share": 9.18,
            "book_valuer_per_share_4q_avg": 2.3,
            "equity": 451645,
            "current_ratio": 297.36,
            "debt_ratio": 27.6,
            "inventory_turnover_ratio": null,
            "account_receivable_turnover_ratio": null,
            "reinvestment_rate": null,
            "research_to_sale_ratio": null,
            "price_fair": 0,
            "eps_avg_yearly": 0,
            "eps_latest_yearly": 0,
            "eps_growth_yearly": 0
        },
        "20031": {
            "year_quarter": 20031,
            "year": 2003,
            "quarter": 1,
            "eps": null,
            "eps_growth_year": null,
            "eps_4q": null,
            "eps_4q_growth_year": null,
            "roe": null,
            "roe_4q": 0,
            "gross_profit": null,
            "gross_margin": null,
            "gross_margin_4q_avg": 0,
            "net_income": null,
            "net_income_4q": null,
            "revenue": null,
            "revenue_4q": null,
            "common_shares": null,
            "book_valuer_per_share": null,
            "book_valuer_per_share_4q_avg": 2.3,
            "equity": null,
            "current_ratio": null,
            "debt_ratio": null,
            "inventory_turnover_ratio": null,
            "account_receivable_turnover_ratio": null,
            "reinvestment_rate": null,
            "research_to_sale_ratio": null,
            "price_fair": 0,
            "eps_avg_yearly": 0,
            "eps_latest_yearly": 0,
            "eps_growth_yearly": 0
        },
        "20032": {
            "year_quarter": 20032,
            "year": 2003,
            "quarter": 2,
            "eps": null,
            "eps_growth_year": null,
            "eps_4q": null,
            "eps_4q_growth_year": null,
            "roe": null,
            "roe_4q": 0,
            "gross_profit": null,
            "gross_margin": null,
            "gross_margin_4q_avg": 0,
            "net_income": null,
            "net_income_4q": null,
            "revenue": null,
            "revenue_4q": null,
            "common_shares": null,
            "book_valuer_per_share": null,
            "book_valuer_per_share_4q_avg": 2.3,
            "equity": null,
            "current_ratio": null,
            "debt_ratio": null,
            "inventory_turnover_ratio": null,
            "account_receivable_turnover_ratio": null,
            "reinvestment_rate": null,
            "research_to_sale_ratio": null,
            "price_fair": 0,
            "eps_avg_yearly": 0,
            "eps_latest_yearly": 0,
            "eps_growth_yearly": 0
        },
        "20033": {
            "year_quarter": 20033,
            "year": 2003,
            "quarter": 3,
            "eps": 0.12,
            "eps_growth_year": null,
            "eps_4q": null,
            "eps_4q_growth_year": null,
            "roe": 1.1,
            "roe_4q": 1.1,
            "gross_profit": 41479,
            "gross_margin": 47.42,
            "gross_margin_4q_avg": 11.86,
            "net_income": 5662,
            "net_income_4q": null,
            "revenue": 87474,
            "revenue_4q": null,
            "common_shares": 492000,
            "book_valuer_per_share": 10.5,
            "book_valuer_per_share_4q_avg": 4.92,
            "equity": 516736,
            "current_ratio": 402.78,
            "debt_ratio": 20.98,
            "inventory_turnover_ratio": 0.28,
            "account_receivable_turnover_ratio": null,
            "reinvestment_rate": null,
            "research_to_sale_ratio": null,
            "price_fair": 0,
            "eps_avg_yearly": 0,
            "eps_latest_yearly": 0,
            "eps_growth_yearly": 0
        },
        "20034": {
            "year_quarter": 20034,
            "year": 2003,
            "quarter": 4,
            "eps": 0.44,
            "eps_growth_year": null,
            "eps_4q": null,
            "eps_4q_growth_year": null,
            "roe": 4.01,
            "roe_4q": 5.109999999999999,
            "gross_profit": 62176,
            "gross_margin": 44.11,
            "gross_margin_4q_avg": 22.88,
            "net_income": 21155,
            "net_income_4q": null,
            "revenue": 140950,
            "revenue_4q": null,
            "common_shares": 492000,
            "book_valuer_per_share": 10.93,
            "book_valuer_per_share_4q_avg": 5.36,
            "equity": 537897,
            "current_ratio": 361.93,
            "debt_ratio": 23.84,
            "inventory_turnover_ratio": 0.46,
            "account_receivable_turnover_ratio": null,
            "reinvestment_rate": null,
            "research_to_sale_ratio": null,
            "price_fair": 61.6,
            "eps_avg_yearly": 1.76,
            "eps_latest_yearly": 1.76,
            "eps_growth_yearly": 1066.67
        },
        "20041": {
            "year_quarter": 20041,
            "year": 2004,
            "quarter": 1,
            "eps": 0.29,
            "eps_growth_year": null,
            "eps_4q": null,
            "eps_4q_growth_year": null,
            "roe": 2.71,
            "roe_4q": 7.82,
            "gross_profit": 55343,
            "gross_margin": 43.85,
            "gross_margin_4q_avg": 33.85,
            "net_income": 14782,
            "net_income_4q": null,
            "revenue": 126215,
            "revenue_4q": null,
            "common_shares": 492000,
            "book_valuer_per_share": 11.23,
            "book_valuer_per_share_4q_avg": 8.17,
            "equity": 552679,
            "current_ratio": 425.49,
            "debt_ratio": 20.59,
            "inventory_turnover_ratio": 0.36,
            "account_receivable_turnover_ratio": null,
            "reinvestment_rate": null,
            "research_to_sale_ratio": null,
            "price_fair": 51.1,
            "eps_avg_yearly": 1.46,
            "eps_latest_yearly": 1.16,
            "eps_growth_yearly": 465.15
        },
        "20042": {
            "year_quarter": 20042,
            "year": 2004,
            "quarter": 2,
            "eps": 0.68,
            "eps_growth_year": null,
            "eps_4q": 1.48,
            "eps_4q_growth_year": null,
            "roe": 6.17,
            "roe_4q": 13.989999999999998,
            "gross_profit": 79716,
            "gross_margin": 41.01,
            "gross_margin_4q_avg": 44.1,
            "net_income": 35329,
            "net_income_4q": null,
            "revenue": 194385,
            "revenue_4q": null,
            "common_shares": 492000,
            "book_valuer_per_share": 12.04,
            "book_valuer_per_share_4q_avg": 11.18,
            "equity": 592407,
            "current_ratio": 417.2,
            "debt_ratio": 20.81,
            "inventory_turnover_ratio": 0.51,
            "account_receivable_turnover_ratio": null,
            "reinvestment_rate": null,
            "research_to_sale_ratio": null,
            "price_fair": 65.8,
            "eps_avg_yearly": 1.88,
            "eps_latest_yearly": 2.72,
            "eps_growth_yearly": 489.41
        },
        "20043": {
            "year_quarter": 20043,
            "year": 2004,
            "quarter": 3,
            "eps": 0.31,
            "eps_growth_year": 158.33,
            "eps_4q": 1.7,
            "eps_4q_growth_year": null,
            "roe": 2.64,
            "roe_4q": 15.53,
            "gross_profit": 67012,
            "gross_margin": 39.22,
            "gross_margin_4q_avg": 42.05,
            "net_income": 15879,
            "net_income_4q": null,
            "revenue": 170872,
            "revenue_4q": null,
            "common_shares": 524300,
            "book_valuer_per_share": 11.61,
            "book_valuer_per_share_4q_avg": 11.45,
            "equity": 608546,
            "current_ratio": 428.24,
            "debt_ratio": 20.47,
            "inventory_turnover_ratio": 0.48,
            "account_receivable_turnover_ratio": null,
            "reinvestment_rate": null,
            "research_to_sale_ratio": null,
            "price_fair": 60.2,
            "eps_avg_yearly": 1.72,
            "eps_latest_yearly": 1.24,
            "eps_growth_yearly": 312.65
        },
        "20044": {
            "year_quarter": 20044,
            "year": 2004,
            "quarter": 4,
            "eps": 0.41,
            "eps_growth_year": -6.82,
            "eps_4q": 1.69,
            "eps_4q_growth_year": null,
            "roe": 3.42,
            "roe_4q": 14.940000000000001,
            "gross_profit": 81652,
            "gross_margin": 38.04,
            "gross_margin_4q_avg": 40.53,
            "net_income": 21178,
            "net_income_4q": null,
            "revenue": 214654,
            "revenue_4q": null,
            "common_shares": 524300,
            "book_valuer_per_share": 11.99,
            "book_valuer_per_share_4q_avg": 11.72,
            "equity": 628712,
            "current_ratio": 404.98,
            "debt_ratio": 21.97,
            "inventory_turnover_ratio": 0.7,
            "account_receivable_turnover_ratio": null,
            "reinvestment_rate": null,
            "research_to_sale_ratio": null,
            "price_fair": 59.64,
            "eps_avg_yearly": 1.7,
            "eps_latest_yearly": 1.64,
            "eps_growth_yearly": 275.92
        },
        "20051": {
            "year_quarter": 20051,
            "year": 2005,
            "quarter": 1,
            "eps": 0.12,
            "eps_growth_year": -58.62,
            "eps_4q": 1.45,
            "eps_4q_growth_year": null,
            "roe": 1.03,
            "roe_4q": 13.26,
            "gross_profit": 45599,
            "gross_margin": 42.65,
            "gross_margin_4q_avg": 40.23,
            "net_income": 6540,
            "net_income_4q": null,
            "revenue": 106908,
            "revenue_4q": null,
            "common_shares": 528990,
            "book_valuer_per_share": 12.1,
            "book_valuer_per_share_4q_avg": 11.94,
            "equity": 639888,
            "current_ratio": 460.98,
            "debt_ratio": 19.52,
            "inventory_turnover_ratio": 0.34,
            "account_receivable_turnover_ratio": null,
            "reinvestment_rate": null,
            "research_to_sale_ratio": null,
            "price_fair": 52.5,
            "eps_avg_yearly": 1.5,
            "eps_latest_yearly": 0.48,
            "eps_growth_yearly": 182.78
        },
        "20052": {
            "year_quarter": 20052,
            "year": 2005,
            "quarter": 2,
            "eps": 0.24,
            "eps_growth_year": -64.71,
            "eps_4q": 1.06,
            "eps_4q_growth_year": -28.41,
            "roe": 2.03,
            "roe_4q": 9.12,
            "gross_profit": 63790,
            "gross_margin": 38.54,
            "gross_margin_4q_avg": 39.61,
            "net_income": 12759,
            "net_income_4q": null,
            "revenue": 165496,
            "revenue_4q": null,
            "common_shares": 529260,
            "book_valuer_per_share": 11.69,
            "book_valuer_per_share_4q_avg": 11.85,
            "equity": 618509,
            "current_ratio": 331.05,
            "debt_ratio": 27.24,
            "inventory_turnover_ratio": 0.52,
            "account_receivable_turnover_ratio": null,
            "reinvestment_rate": null,
            "research_to_sale_ratio": null,
            "price_fair": 49.8,
            "eps_avg_yearly": 1.42,
            "eps_latest_yearly": 0.96,
            "eps_growth_yearly": 213.81
        },
        "20053": {
            "year_quarter": 20053,
            "year": 2005,
            "quarter": 3,
            "eps": 0.56,
            "eps_growth_year": 80.65,
            "eps_4q": 1.28,
            "eps_4q_growth_year": -24.71,
            "roe": 4.94,
            "roe_4q": 11.42,
            "gross_profit": 53090,
            "gross_margin": 41.92,
            "gross_margin_4q_avg": 40.29,
            "net_income": 31442,
            "net_income_4q": null,
            "revenue": 126652,
            "revenue_4q": null,
            "common_shares": 564059,
            "book_valuer_per_share": 11.58,
            "book_valuer_per_share_4q_avg": 11.84,
            "equity": 653167,
            "current_ratio": 474.06,
            "debt_ratio": 19.18,
            "inventory_turnover_ratio": 0.34,
            "account_receivable_turnover_ratio": null,
            "reinvestment_rate": null,
            "research_to_sale_ratio": null,
            "price_fair": 53.38,
            "eps_avg_yearly": 1.53,
            "eps_latest_yearly": 2.24,
            "eps_growth_yearly": 253.75
        },
        "20054": {
            "year_quarter": 20054,
            "year": 2005,
            "quarter": 4,
            "eps": 0.54,
            "eps_growth_year": 31.71,
            "eps_4q": 1.44,
            "eps_4q_growth_year": -14.75,
            "roe": 4.23,
            "roe_4q": 12.23,
            "gross_profit": 79659,
            "gross_margin": 34.02,
            "gross_margin_4q_avg": 39.28,
            "net_income": 30491,
            "net_income_4q": null,
            "revenue": 234175,
            "revenue_4q": null,
            "common_shares": 642383,
            "book_valuer_per_share": 12.27,
            "book_valuer_per_share_4q_avg": 11.91,
            "equity": 788066,
            "current_ratio": 492.92,
            "debt_ratio": 27.85,
            "inventory_turnover_ratio": 0.72,
            "account_receivable_turnover_ratio": null,
            "reinvestment_rate": null,
            "research_to_sale_ratio": null,
            "price_fair": 55.84,
            "eps_avg_yearly": 1.6,
            "eps_latest_yearly": 2.16,
            "eps_growth_yearly": 223.97
        },
        "20061": {
            "year_quarter": 20061,
            "year": 2006,
            "quarter": 1,
            "eps": 0.47,
            "eps_growth_year": 291.67,
            "eps_4q": 1.6,
            "eps_4q_growth_year": 10.29,
            "roe": 3.84,
            "roe_4q": 15.040000000000001,
            "gross_profit": 63838,
            "gross_margin": 32.36,
            "gross_margin_4q_avg": 36.71,
            "net_income": 31145,
            "net_income_4q": null,
            "revenue": 197290,
            "revenue_4q": null,
            "common_shares": 655319,
            "book_valuer_per_share": 12.74,
            "book_valuer_per_share_4q_avg": 12.07,
            "equity": 835175,
            "current_ratio": 550.19,
            "debt_ratio": 24.52,
            "inventory_turnover_ratio": 0.6,
            "account_receivable_turnover_ratio": null,
            "reinvestment_rate": null,
            "research_to_sale_ratio": null,
            "price_fair": 56.84,
            "eps_avg_yearly": 1.62,
            "eps_latest_yearly": 1.88,
            "eps_growth_yearly": 196.39
        },
        "20062": {
            "year_quarter": 20062,
            "year": 2006,
            "quarter": 2,
            "eps": 0.42,
            "eps_growth_year": 75,
            "eps_4q": 1.87,
            "eps_4q_growth_year": 76.08,
            "roe": 3.33,
            "roe_4q": 16.34,
            "gross_profit": 74754,
            "gross_margin": 32.28,
            "gross_margin_4q_avg": 35.15,
            "net_income": 27025,
            "net_income_4q": null,
            "revenue": 231581,
            "revenue_4q": null,
            "common_shares": 659692,
            "book_valuer_per_share": 11.97,
            "book_valuer_per_share_4q_avg": 12.14,
            "equity": 789776,
            "current_ratio": 370.38,
            "debt_ratio": 31.98,
            "inventory_turnover_ratio": 0.69,
            "account_receivable_turnover_ratio": null,
            "reinvestment_rate": null,
            "research_to_sale_ratio": null,
            "price_fair": 57.02,
            "eps_avg_yearly": 1.63,
            "eps_latest_yearly": 1.68,
            "eps_growth_yearly": 174.67
        },
        "20063": {
            "year_quarter": 20063,
            "year": 2006,
            "quarter": 3,
            "eps": 0.17,
            "eps_growth_year": -69.64,
            "eps_4q": 1.49,
            "eps_4q_growth_year": 16.66,
            "roe": 1.43,
            "roe_4q": 12.83,
            "gross_profit": 41336,
            "gross_margin": 35.9,
            "gross_margin_4q_avg": 33.64,
            "net_income": 11381,
            "net_income_4q": null,
            "revenue": 115130,
            "revenue_4q": null,
            "common_shares": 660412,
            "book_valuer_per_share": 12.14,
            "book_valuer_per_share_4q_avg": 12.28,
            "equity": 801886,
            "current_ratio": 794.36,
            "debt_ratio": 20.1,
            "inventory_turnover_ratio": 0.36,
            "account_receivable_turnover_ratio": null,
            "reinvestment_rate": null,
            "research_to_sale_ratio": null,
            "price_fair": 54.25,
            "eps_avg_yearly": 1.55,
            "eps_latest_yearly": 0.68,
            "eps_growth_yearly": 140.27
        },
        "20064": {
            "year_quarter": 20064,
            "year": 2006,
            "quarter": 4,
            "eps": 0.06,
            "eps_growth_year": -88.89,
            "eps_4q": 1.12,
            "eps_4q_growth_year": -22.08,
            "roe": 0.49,
            "roe_4q": 9.09,
            "gross_profit": 42284,
            "gross_margin": 46.52,
            "gross_margin_4q_avg": 36.77,
            "net_income": 3933,
            "net_income_4q": null,
            "revenue": 90901,
            "revenue_4q": null,
            "common_shares": 661727,
            "book_valuer_per_share": 12.13,
            "book_valuer_per_share_4q_avg": 12.25,
            "equity": 802834,
            "current_ratio": 1003.24,
            "debt_ratio": 17.95,
            "inventory_turnover_ratio": 0.29,
            "account_receivable_turnover_ratio": null,
            "reinvestment_rate": null,
            "research_to_sale_ratio": null,
            "price_fair": 50.72,
            "eps_avg_yearly": 1.45,
            "eps_latest_yearly": 0.24,
            "eps_growth_yearly": 109.57
        },
        "20071": {
            "year_quarter": 20071,
            "year": 2007,
            "quarter": 1,
            "eps": -0.06,
            "eps_growth_year": -112.77,
            "eps_4q": 0.58,
            "eps_4q_growth_year": -63.84,
            "roe": -0.5,
            "roe_4q": 4.75,
            "gross_profit": 19644,
            "gross_margin": 34.92,
            "gross_margin_4q_avg": 37.41,
            "net_income": -3985,
            "net_income_4q": null,
            "revenue": 56253,
            "revenue_4q": null,
            "common_shares": 663954,
            "book_valuer_per_share": 12.13,
            "book_valuer_per_share_4q_avg": 12.09,
            "equity": 805072,
            "current_ratio": 1236.13,
            "debt_ratio": 14.68,
            "inventory_turnover_ratio": 0.25,
            "account_receivable_turnover_ratio": null,
            "reinvestment_rate": null,
            "research_to_sale_ratio": null,
            "price_fair": 50.72,
            "eps_avg_yearly": 1.45,
            "eps_latest_yearly": 0.24,
            "eps_growth_yearly": 109.57
        },
        "20072": {
            "year_quarter": 20072,
            "year": 2007,
            "quarter": 2,
            "eps": -0.42,
            "eps_growth_year": -200,
            "eps_4q": -0.25,
            "eps_4q_growth_year": -113.24,
            "roe": -3.65,
            "roe_4q": -2.2300000000000004,
            "gross_profit": 10695,
            "gross_margin": 33.07,
            "gross_margin_4q_avg": 37.6,
            "net_income": -28003,
            "net_income_4q": null,
            "revenue": 32344,
            "revenue_4q": null,
            "common_shares": 674937,
            "book_valuer_per_share": 10.79,
            "book_valuer_per_share_4q_avg": 11.8,
            "equity": 728061,
            "current_ratio": 642.94,
            "debt_ratio": 20.18,
            "inventory_turnover_ratio": 0.15,
            "account_receivable_turnover_ratio": null,
            "reinvestment_rate": 18.25,
            "research_to_sale_ratio": null,
            "price_fair": 50.72,
            "eps_avg_yearly": 1.45,
            "eps_latest_yearly": 0.24,
            "eps_growth_yearly": 109.57
        },
        "20073": {
            "year_quarter": 20073,
            "year": 2007,
            "quarter": 3,
            "eps": -0.28,
            "eps_growth_year": -264.71,
            "eps_4q": -0.69,
            "eps_4q_growth_year": -146,
            "roe": -2.56,
            "roe_4q": -6.22,
            "gross_profit": 15769,
            "gross_margin": 24.26,
            "gross_margin_4q_avg": 34.69,
            "net_income": -18407,
            "net_income_4q": null,
            "revenue": 65004,
            "revenue_4q": null,
            "common_shares": 675917,
            "book_valuer_per_share": 10.5,
            "book_valuer_per_share_4q_avg": 11.39,
            "equity": 709602,
            "current_ratio": 616.32,
            "debt_ratio": 21.04,
            "inventory_turnover_ratio": 0.28,
            "account_receivable_turnover_ratio": null,
            "reinvestment_rate": 8.42,
            "research_to_sale_ratio": null,
            "price_fair": 50.72,
            "eps_avg_yearly": 1.45,
            "eps_latest_yearly": 0.24,
            "eps_growth_yearly": 109.57
        },
        "20074": {
            "year_quarter": 20074,
            "year": 2007,
            "quarter": 4,
            "eps": 0.3,
            "eps_growth_year": 400,
            "eps_4q": -0.47,
            "eps_4q_growth_year": -141.48,
            "roe": 2.77,
            "roe_4q": -3.94,
            "gross_profit": 58527,
            "gross_margin": 29.78,
            "gross_margin_4q_avg": 30.51,
            "net_income": 19762,
            "net_income_4q": null,
            "revenue": 196551,
            "revenue_4q": null,
            "common_shares": 676317,
            "book_valuer_per_share": 10.63,
            "book_valuer_per_share_4q_avg": 11.01,
            "equity": 719065,
            "current_ratio": 576.13,
            "debt_ratio": 22.45,
            "inventory_turnover_ratio": 0.79,
            "account_receivable_turnover_ratio": null,
            "reinvestment_rate": 7.53,
            "research_to_sale_ratio": null,
            "price_fair": 49.82,
            "eps_avg_yearly": 1.42,
            "eps_latest_yearly": 0.24,
            "eps_growth_yearly": 29.81
        },
        "20081": {
            "year_quarter": 20081,
            "year": 2008,
            "quarter": 1,
            "eps": 0.04,
            "eps_growth_year": null,
            "eps_4q": -0.39,
            "eps_4q_growth_year": -166.67,
            "roe": 0.35,
            "roe_4q": -3.09,
            "gross_profit": 49910,
            "gross_margin": 36.7,
            "gross_margin_4q_avg": 30.95,
            "net_income": 2508,
            "net_income_4q": null,
            "revenue": 135988,
            "revenue_4q": null,
            "common_shares": 656317,
            "book_valuer_per_share": 10.87,
            "book_valuer_per_share_4q_avg": 10.7,
            "equity": 713622,
            "current_ratio": 517.02,
            "debt_ratio": 18.92,
            "inventory_turnover_ratio": 0.53,
            "account_receivable_turnover_ratio": null,
            "reinvestment_rate": 6.68,
            "research_to_sale_ratio": null,
            "price_fair": 29.86,
            "eps_avg_yearly": 1.34,
            "eps_latest_yearly": 0.16,
            "eps_growth_yearly": 12.29
        },
        "20082": {
            "year_quarter": 20082,
            "year": 2008,
            "quarter": 2,
            "eps": 0.09,
            "eps_growth_year": null,
            "eps_4q": 0.15,
            "eps_4q_growth_year": null,
            "roe": 0.81,
            "roe_4q": 1.37,
            "gross_profit": 48373,
            "gross_margin": 46.95,
            "gross_margin_4q_avg": 34.42,
            "net_income": 5792,
            "net_income_4q": null,
            "revenue": 103037,
            "revenue_4q": null,
            "common_shares": 656317,
            "book_valuer_per_share": 10.94,
            "book_valuer_per_share_4q_avg": 10.74,
            "equity": 718227,
            "current_ratio": 578.08,
            "debt_ratio": 17.18,
            "inventory_turnover_ratio": 0.3,
            "account_receivable_turnover_ratio": null,
            "reinvestment_rate": 4.71,
            "research_to_sale_ratio": null,
            "price_fair": 21.87,
            "eps_avg_yearly": 1.14,
            "eps_latest_yearly": 0.36,
            "eps_growth_yearly": 9.13
        },
        "20083": {
            "year_quarter": 20083,
            "year": 2008,
            "quarter": 3,
            "eps": 0.15,
            "eps_growth_year": null,
            "eps_4q": 0.57,
            "eps_4q_growth_year": null,
            "roe": 1.41,
            "roe_4q": 5.34,
            "gross_profit": 38065,
            "gross_margin": 43.74,
            "gross_margin_4q_avg": 39.29,
            "net_income": 10054,
            "net_income_4q": null,
            "revenue": 87029,
            "revenue_4q": null,
            "common_shares": 656317,
            "book_valuer_per_share": 10.81,
            "book_valuer_per_share_4q_avg": 10.81,
            "equity": 709520,
            "current_ratio": 512.68,
            "debt_ratio": 19.3,
            "inventory_turnover_ratio": 0.24,
            "account_receivable_turnover_ratio": null,
            "reinvestment_rate": 2.74,
            "research_to_sale_ratio": null,
            "price_fair": 38.15,
            "eps_avg_yearly": 1.09,
            "eps_latest_yearly": 0.6,
            "eps_growth_yearly": 49.49
        },
        "20084": {
            "year_quarter": 20084,
            "year": 2008,
            "quarter": 4,
            "eps": 0.15,
            "eps_growth_year": -50,
            "eps_4q": 0.44,
            "eps_4q_growth_year": null,
            "roe": 1.35,
            "roe_4q": 3.92,
            "gross_profit": 47676,
            "gross_margin": 35.73,
            "gross_margin_4q_avg": 40.78,
            "net_income": 9554,
            "net_income_4q": null,
            "revenue": 133424,
            "revenue_4q": null,
            "common_shares": 656317,
            "book_valuer_per_share": 10.74,
            "book_valuer_per_share_4q_avg": 10.84,
            "equity": 705163,
            "current_ratio": 638.09,
            "debt_ratio": 15.99,
            "inventory_turnover_ratio": 0.38,
            "account_receivable_turnover_ratio": 1.84,
            "reinvestment_rate": 1.41,
            "research_to_sale_ratio": null,
            "price_fair": 35.12,
            "eps_avg_yearly": 1,
            "eps_latest_yearly": 0.6,
            "eps_growth_yearly": 38.73
        },
        "20091": {
            "year_quarter": 20091,
            "year": 2009,
            "quarter": 1,
            "eps": -0.22,
            "eps_growth_year": -650,
            "eps_4q": 0.17,
            "eps_4q_growth_year": null,
            "roe": -2.08,
            "roe_4q": 1.49,
            "gross_profit": 18406,
            "gross_margin": 25.74,
            "gross_margin_4q_avg": 38.04,
            "net_income": -14553,
            "net_income_4q": null,
            "revenue": 71513,
            "revenue_4q": null,
            "common_shares": 656317,
            "book_valuer_per_share": 10.54,
            "book_valuer_per_share_4q_avg": 10.76,
            "equity": 691712,
            "current_ratio": 949.01,
            "debt_ratio": 11.31,
            "inventory_turnover_ratio": 0.23,
            "account_receivable_turnover_ratio": 0.67,
            "reinvestment_rate": 2.77,
            "research_to_sale_ratio": null,
            "price_fair": 36.78,
            "eps_avg_yearly": 1.05,
            "eps_latest_yearly": 0.6,
            "eps_growth_yearly": 67.97
        },
        "20092": {
            "year_quarter": 20092,
            "year": 2009,
            "quarter": 2,
            "eps": -0.25,
            "eps_growth_year": -377.78,
            "eps_4q": -0.16,
            "eps_4q_growth_year": -204.79,
            "roe": -2.27,
            "roe_4q": -1.5899999999999996,
            "gross_profit": 27310,
            "gross_margin": 32.11,
            "gross_margin_4q_avg": 34.33,
            "net_income": -15416,
            "net_income_4q": null,
            "revenue": 85039,
            "revenue_4q": null,
            "common_shares": 659047,
            "book_valuer_per_share": 10.07,
            "book_valuer_per_share_4q_avg": 10.54,
            "equity": 663913,
            "current_ratio": 1025.19,
            "debt_ratio": 10.72,
            "inventory_turnover_ratio": 0.27,
            "account_receivable_turnover_ratio": 1.02,
            "reinvestment_rate": 1.93,
            "research_to_sale_ratio": null,
            "price_fair": 37.1,
            "eps_avg_yearly": 1.06,
            "eps_latest_yearly": 0.6,
            "eps_growth_yearly": 34.77
        },
        "20093": {
            "year_quarter": 20093,
            "year": 2009,
            "quarter": 3,
            "eps": -0.31,
            "eps_growth_year": -306.67,
            "eps_4q": -0.61,
            "eps_4q_growth_year": -208.02,
            "roe": -2.88,
            "roe_4q": -5.880000000000001,
            "gross_profit": 20741,
            "gross_margin": 24.68,
            "gross_margin_4q_avg": 29.57,
            "net_income": -18754,
            "net_income_4q": null,
            "revenue": 84031,
            "revenue_4q": null,
            "common_shares": 637647,
            "book_valuer_per_share": 10.04,
            "book_valuer_per_share_4q_avg": 10.35,
            "equity": 640214,
            "current_ratio": 1131.64,
            "debt_ratio": 9.93,
            "inventory_turnover_ratio": 0.34,
            "account_receivable_turnover_ratio": 0.72,
            "reinvestment_rate": -0.26,
            "research_to_sale_ratio": null,
            "price_fair": 2.79,
            "eps_avg_yearly": 0.93,
            "eps_latest_yearly": 0.6,
            "eps_growth_yearly": -20.62
        },
        "20094": {
            "year_quarter": 20094,
            "year": 2009,
            "quarter": 4,
            "eps": -0.15,
            "eps_growth_year": -200,
            "eps_4q": -0.96,
            "eps_4q_growth_year": -318.5,
            "roe": -1.39,
            "roe_4q": -8.62,
            "gross_profit": 28596,
            "gross_margin": 42,
            "gross_margin_4q_avg": 31.13,
            "net_income": -8884,
            "net_income_4q": null,
            "revenue": 68088,
            "revenue_4q": null,
            "common_shares": 628737,
            "book_valuer_per_share": 10.61,
            "book_valuer_per_share_4q_avg": 10.32,
            "equity": 638137,
            "current_ratio": 1322.56,
            "debt_ratio": 8.69,
            "inventory_turnover_ratio": 0.23,
            "account_receivable_turnover_ratio": 1.04,
            "reinvestment_rate": 212.2,
            "research_to_sale_ratio": null,
            "price_fair": 2.33,
            "eps_avg_yearly": 0.78,
            "eps_latest_yearly": 0.6,
            "eps_growth_yearly": -21.42
        },
        "20101": {
            "year_quarter": 20101,
            "year": 2010,
            "quarter": 1,
            "eps": -0.31,
            "eps_growth_year": null,
            "eps_4q": -1.03,
            "eps_4q_growth_year": -722.22,
            "roe": -2.99,
            "roe_4q": -9.53,
            "gross_profit": 15036,
            "gross_margin": 16.62,
            "gross_margin_4q_avg": 28.85,
            "net_income": -18824,
            "net_income_4q": null,
            "revenue": 90490,
            "revenue_4q": null,
            "common_shares": 628737,
            "book_valuer_per_share": 10.33,
            "book_valuer_per_share_4q_avg": 10.26,
            "equity": 621599,
            "current_ratio": 871.55,
            "debt_ratio": 12.23,
            "inventory_turnover_ratio": 0.46,
            "account_receivable_turnover_ratio": 0.62,
            "reinvestment_rate": null,
            "research_to_sale_ratio": 24.81,
            "price_fair": 1.85,
            "eps_avg_yearly": 0.62,
            "eps_latest_yearly": 0.6,
            "eps_growth_yearly": -17.07
        },
        "20102": {
            "year_quarter": 20102,
            "year": 2010,
            "quarter": 2,
            "eps": -0.33,
            "eps_growth_year": null,
            "eps_4q": -1.09,
            "eps_4q_growth_year": null,
            "roe": -3.25,
            "roe_4q": -10.51,
            "gross_profit": 13327,
            "gross_margin": 29.86,
            "gross_margin_4q_avg": 28.29,
            "net_income": -19924,
            "net_income_4q": null,
            "revenue": 44638,
            "revenue_4q": null,
            "common_shares": 628737,
            "book_valuer_per_share": 9.94,
            "book_valuer_per_share_4q_avg": 10.23,
            "equity": 604848,
            "current_ratio": 1313.38,
            "debt_ratio": 9,
            "inventory_turnover_ratio": 0.19,
            "account_receivable_turnover_ratio": 0.27,
            "reinvestment_rate": null,
            "research_to_sale_ratio": 43.12,
            "price_fair": 1.32,
            "eps_avg_yearly": 0.44,
            "eps_latest_yearly": 0.6,
            "eps_growth_yearly": -12.82
        },
        "20103": {
            "year_quarter": 20103,
            "year": 2010,
            "quarter": 3,
            "eps": -0.26,
            "eps_growth_year": null,
            "eps_4q": -1.02,
            "eps_4q_growth_year": null,
            "roe": -2.68,
            "roe_4q": -10.31,
            "gross_profit": 13967,
            "gross_margin": 17.39,
            "gross_margin_4q_avg": 26.47,
            "net_income": -16118,
            "net_income_4q": null,
            "revenue": 80331,
            "revenue_4q": null,
            "common_shares": 628737,
            "book_valuer_per_share": 9.59,
            "book_valuer_per_share_4q_avg": 10.12,
            "equity": 598998,
            "current_ratio": 985.99,
            "debt_ratio": 11.21,
            "inventory_turnover_ratio": 0.42,
            "account_receivable_turnover_ratio": 0.45,
            "reinvestment_rate": null,
            "research_to_sale_ratio": 24.11,
            "price_fair": 13.72,
            "eps_avg_yearly": 0.39,
            "eps_latest_yearly": 0.6,
            "eps_growth_yearly": 32.24
        },
        "20104": {
            "year_quarter": 20104,
            "year": 2010,
            "quarter": 4,
            "eps": -0.49,
            "eps_growth_year": null,
            "eps_4q": -1.37,
            "eps_4q_growth_year": null,
            "roe": -5.27,
            "roe_4q": -14.19,
            "gross_profit": 21142,
            "gross_margin": 41.26,
            "gross_margin_4q_avg": 26.28,
            "net_income": -30684,
            "net_income_4q": null,
            "revenue": 51238,
            "revenue_4q": null,
            "common_shares": 628737,
            "book_valuer_per_share": 9.05,
            "book_valuer_per_share_4q_avg": 9.73,
            "equity": 565474,
            "current_ratio": 961.72,
            "debt_ratio": 11.45,
            "inventory_turnover_ratio": 0.2,
            "account_receivable_turnover_ratio": 0.28,
            "reinvestment_rate": null,
            "research_to_sale_ratio": 37.72,
            "price_fair": 15.05,
            "eps_avg_yearly": 0.43,
            "eps_latest_yearly": 0.6,
            "eps_growth_yearly": 105
        },
        "20111": {
            "year_quarter": 20111,
            "year": 2011,
            "quarter": 1,
            "eps": -0.32,
            "eps_growth_year": null,
            "eps_4q": -1.39,
            "eps_4q_growth_year": null,
            "roe": -3.58,
            "roe_4q": -14.78,
            "gross_profit": 11409,
            "gross_margin": 25.6,
            "gross_margin_4q_avg": 28.53,
            "net_income": -19904,
            "net_income_4q": null,
            "revenue": 44569,
            "revenue_4q": null,
            "common_shares": 628737,
            "book_valuer_per_share": 8.77,
            "book_valuer_per_share_4q_avg": 9.34,
            "equity": 548049,
            "current_ratio": 1130.69,
            "debt_ratio": 10.05,
            "inventory_turnover_ratio": 0.22,
            "account_receivable_turnover_ratio": 0.3,
            "reinvestment_rate": null,
            "research_to_sale_ratio": 40.64,
            "price_fair": 15.05,
            "eps_avg_yearly": 0.43,
            "eps_latest_yearly": 0.6,
            "eps_growth_yearly": 105
        },
        "20112": {
            "year_quarter": 20112,
            "year": 2011,
            "quarter": 2,
            "eps": -0.37,
            "eps_growth_year": null,
            "eps_4q": -1.43,
            "eps_4q_growth_year": null,
            "roe": -4.26,
            "roe_4q": -15.79,
            "gross_profit": 17239,
            "gross_margin": 32.95,
            "gross_margin_4q_avg": 29.3,
            "net_income": -22820,
            "net_income_4q": null,
            "revenue": 52324,
            "revenue_4q": null,
            "common_shares": 628737,
            "book_valuer_per_share": 8.38,
            "book_valuer_per_share_4q_avg": 8.95,
            "equity": 523639,
            "current_ratio": 962.11,
            "debt_ratio": 11.56,
            "inventory_turnover_ratio": 0.23,
            "account_receivable_turnover_ratio": 0.43,
            "reinvestment_rate": null,
            "research_to_sale_ratio": 32.47,
            "price_fair": 15.05,
            "eps_avg_yearly": 0.43,
            "eps_latest_yearly": 0.6,
            "eps_growth_yearly": 105
        },
        "20113": {
            "year_quarter": 20113,
            "year": 2011,
            "quarter": 3,
            "eps": 0.12,
            "eps_growth_year": null,
            "eps_4q": -1.05,
            "eps_4q_growth_year": null,
            "roe": 1.42,
            "roe_4q": -11.69,
            "gross_profit": 28096,
            "gross_margin": 35.77,
            "gross_margin_4q_avg": 33.9,
            "net_income": 7505,
            "net_income_4q": null,
            "revenue": 78554,
            "revenue_4q": null,
            "common_shares": 628737,
            "book_valuer_per_share": 8.49,
            "book_valuer_per_share_4q_avg": 8.67,
            "equity": 530513,
            "current_ratio": 832.08,
            "debt_ratio": 13.13,
            "inventory_turnover_ratio": 0.35,
            "account_receivable_turnover_ratio": 0.76,
            "reinvestment_rate": null,
            "research_to_sale_ratio": 22.03,
            "price_fair": 15.05,
            "eps_avg_yearly": 0.43,
            "eps_latest_yearly": 0.6,
            "eps_growth_yearly": 105
        },
        "20114": {
            "year_quarter": 20114,
            "year": 2011,
            "quarter": 4,
            "eps": -0.51,
            "eps_growth_year": null,
            "eps_4q": -1.07,
            "eps_4q_growth_year": null,
            "roe": -6.19,
            "roe_4q": -12.610000000000001,
            "gross_profit": 8631,
            "gross_margin": 13.23,
            "gross_margin_4q_avg": 26.89,
            "net_income": -31806,
            "net_income_4q": null,
            "revenue": 65231,
            "revenue_4q": null,
            "common_shares": 628737,
            "book_valuer_per_share": 7.96,
            "book_valuer_per_share_4q_avg": 8.4,
            "equity": 497593,
            "current_ratio": 868.27,
            "debt_ratio": 13.1,
            "inventory_turnover_ratio": 0.45,
            "account_receivable_turnover_ratio": 0.81,
            "reinvestment_rate": null,
            "research_to_sale_ratio": 26.78,
            "price_fair": 15.05,
            "eps_avg_yearly": 0.43,
            "eps_latest_yearly": 0.6,
            "eps_growth_yearly": 105
        },
        "20121": {
            "year_quarter": 20121,
            "year": 2012,
            "quarter": 1,
            "eps": -0.07,
            "eps_growth_year": null,
            "eps_4q": -0.83,
            "eps_4q_growth_year": null,
            "roe": -0.91,
            "roe_4q": -9.940000000000001,
            "gross_profit": 23001,
            "gross_margin": 46.43,
            "gross_margin_4q_avg": 32.1,
            "net_income": -4538,
            "net_income_4q": null,
            "revenue": 49535,
            "revenue_4q": null,
            "common_shares": 628737,
            "book_valuer_per_share": 7.91,
            "book_valuer_per_share_4q_avg": 8.19,
            "equity": 494524,
            "current_ratio": 1052.54,
            "debt_ratio": 11.3,
            "inventory_turnover_ratio": 0.23,
            "account_receivable_turnover_ratio": 0.63,
            "reinvestment_rate": null,
            "research_to_sale_ratio": 30.92,
            "price_fair": 18.2,
            "eps_avg_yearly": 0.52,
            "eps_latest_yearly": 0.6,
            "eps_growth_yearly": 255.56
        },
        "20122": {
            "year_quarter": 20122,
            "year": 2012,
            "quarter": 2,
            "eps": -0.15,
            "eps_growth_year": null,
            "eps_4q": -0.61,
            "eps_4q_growth_year": null,
            "roe": -1.9,
            "roe_4q": -7.58,
            "gross_profit": 13556,
            "gross_margin": 27.11,
            "gross_margin_4q_avg": 30.64,
            "net_income": -9286,
            "net_income_4q": null,
            "revenue": 49996,
            "revenue_4q": null,
            "common_shares": 628737,
            "book_valuer_per_share": 7.75,
            "book_valuer_per_share_4q_avg": 8.03,
            "equity": 483933,
            "current_ratio": 794.91,
            "debt_ratio": 14.29,
            "inventory_turnover_ratio": 0.32,
            "account_receivable_turnover_ratio": 0.66,
            "reinvestment_rate": null,
            "research_to_sale_ratio": 29.83,
            "price_fair": 21,
            "eps_avg_yearly": 0.6,
            "eps_latest_yearly": 0.6,
            "eps_growth_yearly": 133.33
        },
        "20123": {
            "year_quarter": 20123,
            "year": 2012,
            "quarter": 3,
            "eps": -0.03,
            "eps_growth_year": -124.24,
            "eps_4q": -0.76,
            "eps_4q_growth_year": null,
            "roe": -0.38,
            "roe_4q": -9.38,
            "gross_profit": 26290,
            "gross_margin": 44.06,
            "gross_margin_4q_avg": 32.71,
            "net_income": -1819,
            "net_income_4q": null,
            "revenue": 59665,
            "revenue_4q": null,
            "common_shares": 628737,
            "book_valuer_per_share": 7.73,
            "book_valuer_per_share_4q_avg": 7.84,
            "equity": 483231,
            "current_ratio": 839.83,
            "debt_ratio": 13.62,
            "inventory_turnover_ratio": 0.28,
            "account_receivable_turnover_ratio": 1.06,
            "reinvestment_rate": null,
            "research_to_sale_ratio": 24.83,
            "price_fair": 6,
            "eps_avg_yearly": 0.6,
            "eps_latest_yearly": 0.6,
            "eps_growth_yearly": 0
        },
        "20124": {
            "year_quarter": 20124,
            "year": 2012,
            "quarter": 4,
            "eps": -0.19,
            "eps_growth_year": null,
            "eps_4q": -0.44,
            "eps_4q_growth_year": null,
            "roe": -2.47,
            "roe_4q": -5.66,
            "gross_profit": 18095,
            "gross_margin": 41.83,
            "gross_margin_4q_avg": 39.86,
            "net_income": -11826,
            "net_income_4q": null,
            "revenue": 43257,
            "revenue_4q": null,
            "common_shares": 628737,
            "book_valuer_per_share": 7.58,
            "book_valuer_per_share_4q_avg": 7.74,
            "equity": 473888,
            "current_ratio": 950.91,
            "debt_ratio": 12.44,
            "inventory_turnover_ratio": 0.21,
            "account_receivable_turnover_ratio": 1.05,
            "reinvestment_rate": null,
            "research_to_sale_ratio": 36.06,
            "price_fair": 0,
            "eps_avg_yearly": 0,
            "eps_latest_yearly": 0,
            "eps_growth_yearly": 0
        },
        "20131": {
            "year_quarter": 20131,
            "year": 2013,
            "quarter": 1,
            "eps": -0.24,
            "eps_growth_year": null,
            "eps_4q": -0.61,
            "eps_4q_growth_year": null,
            "roe": -3.26,
            "roe_4q": -8.01,
            "gross_profit": 11070,
            "gross_margin": 22.68,
            "gross_margin_4q_avg": 33.92,
            "net_income": -15056,
            "net_income_4q": null,
            "revenue": 48809,
            "revenue_4q": null,
            "common_shares": 628737,
            "book_valuer_per_share": 7.18,
            "book_valuer_per_share_4q_avg": 7.56,
            "equity": 448660,
            "current_ratio": 700.82,
            "debt_ratio": 17.62,
            "inventory_turnover_ratio": 0.3,
            "account_receivable_turnover_ratio": 1.04,
            "reinvestment_rate": null,
            "research_to_sale_ratio": 32.61,
            "price_fair": 0,
            "eps_avg_yearly": 0,
            "eps_latest_yearly": 0,
            "eps_growth_yearly": 0
        },
        "20132": {
            "year_quarter": 20132,
            "year": 2013,
            "quarter": 2,
            "eps": 0.1,
            "eps_growth_year": null,
            "eps_4q": -0.36,
            "eps_4q_growth_year": null,
            "roe": 1.42,
            "roe_4q": -4.69,
            "gross_profit": 35327,
            "gross_margin": 45.77,
            "gross_margin_4q_avg": 38.59,
            "net_income": 6437,
            "net_income_4q": null,
            "revenue": 77176,
            "revenue_4q": null,
            "common_shares": 628737,
            "book_valuer_per_share": 7.29,
            "book_valuer_per_share_4q_avg": 7.45,
            "equity": 455791,
            "current_ratio": 633.85,
            "debt_ratio": 18.98,
            "inventory_turnover_ratio": 0.32,
            "account_receivable_turnover_ratio": 1.45,
            "reinvestment_rate": null,
            "research_to_sale_ratio": 19.41,
            "price_fair": 0,
            "eps_avg_yearly": 0,
            "eps_latest_yearly": 0,
            "eps_growth_yearly": 0
        },
        "20133": {
            "year_quarter": 20133,
            "year": 2013,
            "quarter": 3,
            "eps": 0.01,
            "eps_growth_year": null,
            "eps_4q": -0.32,
            "eps_4q_growth_year": null,
            "roe": 0.15,
            "roe_4q": -4.16,
            "gross_profit": 30461,
            "gross_margin": 44.21,
            "gross_margin_4q_avg": 38.62,
            "net_income": 671,
            "net_income_4q": null,
            "revenue": 68894,
            "revenue_4q": null,
            "common_shares": 628737,
            "book_valuer_per_share": 7.28,
            "book_valuer_per_share_4q_avg": 7.33,
            "equity": 454974,
            "current_ratio": 665.85,
            "debt_ratio": 18.38,
            "inventory_turnover_ratio": 0.28,
            "account_receivable_turnover_ratio": 1.16,
            "reinvestment_rate": null,
            "research_to_sale_ratio": 21.78,
            "price_fair": 0.12,
            "eps_avg_yearly": 0.04,
            "eps_latest_yearly": 0.04,
            "eps_growth_yearly": -360
        },
        "20134": {
            "year_quarter": 20134,
            "year": 2013,
            "quarter": 4,
            "eps": -0.09,
            "eps_growth_year": null,
            "eps_4q": -0.22,
            "eps_4q_growth_year": null,
            "roe": -1.26,
            "roe_4q": -2.95,
            "gross_profit": 23324,
            "gross_margin": 34.77,
            "gross_margin_4q_avg": 36.86,
            "net_income": -5718,
            "net_income_4q": null,
            "revenue": 67081,
            "revenue_4q": null,
            "common_shares": 628737,
            "book_valuer_per_share": 7.19,
            "book_valuer_per_share_4q_avg": 7.24,
            "equity": 449022,
            "current_ratio": 758.41,
            "debt_ratio": 17.11,
            "inventory_turnover_ratio": 0.33,
            "account_receivable_turnover_ratio": 1.19,
            "reinvestment_rate": null,
            "research_to_sale_ratio": 22.54,
            "price_fair": 0.12,
            "eps_avg_yearly": 0.04,
            "eps_latest_yearly": 0.04,
            "eps_growth_yearly": -360
        },
        "20141": {
            "year_quarter": 20141,
            "year": 2014,
            "quarter": 1,
            "eps": 0.07,
            "eps_growth_year": null,
            "eps_4q": 0.09,
            "eps_4q_growth_year": null,
            "roe": 0.97,
            "roe_4q": 1.2799999999999998,
            "gross_profit": 26170,
            "gross_margin": 39.91,
            "gross_margin_4q_avg": 41.17,
            "net_income": 4372,
            "net_income_4q": null,
            "revenue": 65572,
            "revenue_4q": null,
            "common_shares": 628737,
            "book_valuer_per_share": 7.26,
            "book_valuer_per_share_4q_avg": 7.26,
            "equity": 453427,
            "current_ratio": 798.34,
            "debt_ratio": 16.41,
            "inventory_turnover_ratio": 0.31,
            "account_receivable_turnover_ratio": 1.48,
            "reinvestment_rate": null,
            "research_to_sale_ratio": 20.67,
            "price_fair": 0.12,
            "eps_avg_yearly": 0.04,
            "eps_latest_yearly": 0.04,
            "eps_growth_yearly": -360
        },
        "20142": {
            "year_quarter": 20142,
            "year": 2014,
            "quarter": 2,
            "eps": -0.19,
            "eps_growth_year": -290,
            "eps_4q": -0.2,
            "eps_4q_growth_year": null,
            "roe": -2.66,
            "roe_4q": -2.8000000000000003,
            "gross_profit": 16838,
            "gross_margin": 39.12,
            "gross_margin_4q_avg": 39.5,
            "net_income": -11911,
            "net_income_4q": null,
            "revenue": 43037,
            "revenue_4q": null,
            "common_shares": 628737,
            "book_valuer_per_share": 7.06,
            "book_valuer_per_share_4q_avg": 7.2,
            "equity": 441091,
            "current_ratio": 1043.7,
            "debt_ratio": 14.11,
            "inventory_turnover_ratio": 0.21,
            "account_receivable_turnover_ratio": 1.03,
            "reinvestment_rate": null,
            "research_to_sale_ratio": 32.35,
            "price_fair": 0.12,
            "eps_avg_yearly": 0.04,
            "eps_latest_yearly": 0.04,
            "eps_growth_yearly": -360
        },
        "20143": {
            "year_quarter": 20143,
            "year": 2014,
            "quarter": 3,
            "eps": -0.16,
            "eps_growth_year": -1700,
            "eps_4q": -0.37,
            "eps_4q_growth_year": null,
            "roe": -2.32,
            "roe_4q": -5.2700000000000005,
            "gross_profit": 15432,
            "gross_margin": 38.33,
            "gross_margin_4q_avg": 38.03,
            "net_income": -10126,
            "net_income_4q": null,
            "revenue": 40264,
            "revenue_4q": null,
            "common_shares": 628737,
            "book_valuer_per_share": 6.9,
            "book_valuer_per_share_4q_avg": 7.1,
            "equity": 431390,
            "current_ratio": 896.54,
            "debt_ratio": 15.61,
            "inventory_turnover_ratio": 0.21,
            "account_receivable_turnover_ratio": 1.13,
            "reinvestment_rate": null,
            "research_to_sale_ratio": 34.2,
            "price_fair": 0.12,
            "eps_avg_yearly": 0.04,
            "eps_latest_yearly": 0.04,
            "eps_growth_yearly": -360
        },
        "20144": {
            "year_quarter": 20144,
            "year": 2014,
            "quarter": 4,
            "eps": 0.19,
            "eps_growth_year": null,
            "eps_4q": -0.09,
            "eps_4q_growth_year": null,
            "roe": 2.7,
            "roe_4q": -1.3099999999999998,
            "gross_profit": 33384,
            "gross_margin": 44.79,
            "gross_margin_4q_avg": 40.54,
            "net_income": 11811,
            "net_income_4q": null,
            "revenue": 74529,
            "revenue_4q": null,
            "common_shares": 628737,
            "book_valuer_per_share": 7.11,
            "book_valuer_per_share_4q_avg": 7.08,
            "equity": 444525,
            "current_ratio": 864.89,
            "debt_ratio": 15.84,
            "inventory_turnover_ratio": 0.37,
            "account_receivable_turnover_ratio": 2.08,
            "reinvestment_rate": null,
            "research_to_sale_ratio": 18.6,
            "price_fair": 0.12,
            "eps_avg_yearly": 0.04,
            "eps_latest_yearly": 0.04,
            "eps_growth_yearly": -360
        },
        "20151": {
            "year_quarter": 20151,
            "year": 2015,
            "quarter": 1,
            "eps": -0.04,
            "eps_growth_year": -157.14,
            "eps_4q": -0.2,
            "eps_4q_growth_year": -321.87,
            "roe": -0.58,
            "roe_4q": -2.86,
            "gross_profit": 26026,
            "gross_margin": 40.8,
            "gross_margin_4q_avg": 40.76,
            "net_income": -2558,
            "net_income_4q": null,
            "revenue": 63787,
            "revenue_4q": null,
            "common_shares": 628737,
            "book_valuer_per_share": 7.09,
            "book_valuer_per_share_4q_avg": 7.04,
            "equity": 443216,
            "current_ratio": 873.49,
            "debt_ratio": 15.83,
            "inventory_turnover_ratio": 0.35,
            "account_receivable_turnover_ratio": 1.4,
            "reinvestment_rate": null,
            "research_to_sale_ratio": 21.51,
            "price_fair": 0.12,
            "eps_avg_yearly": 0.04,
            "eps_latest_yearly": 0.04,
            "eps_growth_yearly": -360
        },
        "20152": {
            "year_quarter": 20152,
            "year": 2015,
            "quarter": 2,
            "eps": -0.1,
            "eps_growth_year": null,
            "eps_4q": -0.11,
            "eps_4q_growth_year": null,
            "roe": -1.43,
            "roe_4q": -1.6299999999999994,
            "gross_profit": 21818,
            "gross_margin": 52.14,
            "gross_margin_4q_avg": 44.02,
            "net_income": -6284,
            "net_income_4q": null,
            "revenue": 41849,
            "revenue_4q": null,
            "common_shares": 628737,
            "book_valuer_per_share": 6.96,
            "book_valuer_per_share_4q_avg": 7.02,
            "equity": 434884,
            "current_ratio": 766.17,
            "debt_ratio": 15.72,
            "inventory_turnover_ratio": 0.18,
            "account_receivable_turnover_ratio": 1.04,
            "reinvestment_rate": null,
            "research_to_sale_ratio": 31.92,
            "price_fair": 0.12,
            "eps_avg_yearly": 0.04,
            "eps_latest_yearly": 0.04,
            "eps_growth_yearly": -360
        },
        "20153": {
            "year_quarter": 20153,
            "year": 2015,
            "quarter": 3,
            "eps": -0.01,
            "eps_growth_year": null,
            "eps_4q": 0.04,
            "eps_4q_growth_year": null,
            "roe": -0.09,
            "roe_4q": 0.6000000000000001,
            "gross_profit": 18959,
            "gross_margin": 41.38,
            "gross_margin_4q_avg": 44.78,
            "net_income": -392,
            "net_income_4q": null,
            "revenue": 45813,
            "revenue_4q": null,
            "common_shares": 628737,
            "book_valuer_per_share": 6.9,
            "book_valuer_per_share_4q_avg": 7.02,
            "equity": 430895,
            "current_ratio": 808.18,
            "debt_ratio": 12.04,
            "inventory_turnover_ratio": 0.23,
            "account_receivable_turnover_ratio": 1.41,
            "reinvestment_rate": null,
            "research_to_sale_ratio": 36.14,
            "price_fair": 0.12,
            "eps_avg_yearly": 0.04,
            "eps_latest_yearly": 0.04,
            "eps_growth_yearly": -360
        },
        "20154": {
            "year_quarter": 20154,
            "year": 2015,
            "quarter": 4,
            "eps": -0.06,
            "eps_growth_year": -130.46,
            "eps_4q": -0.21,
            "eps_4q_growth_year": null,
            "roe": -0.84,
            "roe_4q": -2.94,
            "gross_profit": 23432,
            "gross_margin": 37,
            "gross_margin_4q_avg": 42.83,
            "net_income": -3598,
            "net_income_4q": null,
            "revenue": 63327,
            "revenue_4q": null,
            "common_shares": 628737,
            "book_valuer_per_share": 6.9,
            "book_valuer_per_share_4q_avg": 6.96,
            "equity": 430911,
            "current_ratio": 853.96,
            "debt_ratio": 12.17,
            "inventory_turnover_ratio": 0.35,
            "account_receivable_turnover_ratio": 1.57,
            "reinvestment_rate": null,
            "research_to_sale_ratio": 20.49,
            "price_fair": 0.12,
            "eps_avg_yearly": 0.04,
            "eps_latest_yearly": 0.04,
            "eps_growth_yearly": -360
        },
        "20161": {
            "year_quarter": 20161,
            "year": 2016,
            "quarter": 1,
            "eps": -0.17,
            "eps_growth_year": null,
            "eps_4q": -0.33,
            "eps_4q_growth_year": null,
            "roe": -2.48,
            "roe_4q": -4.84,
            "gross_profit": 16662,
            "gross_margin": 45.41,
            "gross_margin_4q_avg": 43.98,
            "net_income": -10620,
            "net_income_4q": null,
            "revenue": 36690,
            "revenue_4q": null,
            "common_shares": 628737,
            "book_valuer_per_share": 6.84,
            "book_valuer_per_share_4q_avg": 6.9,
            "equity": 427168,
            "current_ratio": 1213.96,
            "debt_ratio": 8.35,
            "inventory_turnover_ratio": 0.19,
            "account_receivable_turnover_ratio": 1.09,
            "reinvestment_rate": null,
            "research_to_sale_ratio": 35.18,
            "price_fair": 0.12,
            "eps_avg_yearly": 0.04,
            "eps_latest_yearly": 0.04,
            "eps_growth_yearly": -360
        },
        "20162": {
            "year_quarter": 20162,
            "year": 2016,
            "quarter": 2,
            "eps": -0.23,
            "eps_growth_year": null,
            "eps_4q": -0.46,
            "eps_4q_growth_year": null,
            "roe": -3.42,
            "roe_4q": -6.83,
            "gross_profit": 8942,
            "gross_margin": 34.69,
            "gross_margin_4q_avg": 39.62,
            "net_income": -14367,
            "net_income_4q": null,
            "revenue": 25777,
            "revenue_4q": null,
            "common_shares": 628737,
            "book_valuer_per_share": 6.59,
            "book_valuer_per_share_4q_avg": 6.81,
            "equity": 412037,
            "current_ratio": 1204.46,
            "debt_ratio": 8.4,
            "inventory_turnover_ratio": 0.17,
            "account_receivable_turnover_ratio": 1.45,
            "reinvestment_rate": null,
            "research_to_sale_ratio": 51.95,
            "price_fair": 0.12,
            "eps_avg_yearly": 0.04,
            "eps_latest_yearly": 0.04,
            "eps_growth_yearly": -360
        },
        "20163": {
            "year_quarter": 20163,
            "year": 2016,
            "quarter": 3,
            "eps": -0.09,
            "eps_growth_year": null,
            "eps_4q": -0.54,
            "eps_4q_growth_year": -1415.52,
            "roe": -1.22,
            "roe_4q": -7.959999999999999,
            "gross_profit": 18285,
            "gross_margin": 49.58,
            "gross_margin_4q_avg": 41.67,
            "net_income": -5316,
            "net_income_4q": null,
            "revenue": 36883,
            "revenue_4q": null,
            "common_shares": 628737,
            "book_valuer_per_share": 7.35,
            "book_valuer_per_share_4q_avg": 6.92,
            "equity": 459172,
            "current_ratio": 781.33,
            "debt_ratio": 11.26,
            "inventory_turnover_ratio": 0.17,
            "account_receivable_turnover_ratio": 1.72,
            "reinvestment_rate": null,
            "research_to_sale_ratio": 34.7,
            "price_fair": 0.12,
            "eps_avg_yearly": 0.04,
            "eps_latest_yearly": 0.04,
            "eps_growth_yearly": -360
        },
        "20164": {
            "year_quarter": 20164,
            "year": 2016,
            "quarter": 4,
            "eps": 0.23,
            "eps_growth_year": null,
            "eps_4q": -0.26,
            "eps_4q_growth_year": null,
            "roe": 3.13,
            "roe_4q": -3.99,
            "gross_profit": 25366,
            "gross_margin": 38.33,
            "gross_margin_4q_avg": 42,
            "net_income": 14350,
            "net_income_4q": null,
            "revenue": 66179,
            "revenue_4q": null,
            "common_shares": 628737,
            "book_valuer_per_share": 7.35,
            "book_valuer_per_share_4q_avg": 7.03,
            "equity": 459152,
            "current_ratio": 969.07,
            "debt_ratio": 9.44,
            "inventory_turnover_ratio": 0.38,
            "account_receivable_turnover_ratio": 1.28,
            "reinvestment_rate": null,
            "research_to_sale_ratio": 18.58,
            "price_fair": 0.12,
            "eps_avg_yearly": 0.04,
            "eps_latest_yearly": 0.04,
            "eps_growth_yearly": -360
        },
        "20171": {
            "year_quarter": 20171,
            "year": 2017,
            "quarter": 1,
            "eps": -0.23,
            "eps_growth_year": null,
            "eps_4q": -0.31,
            "eps_4q_growth_year": null,
            "roe": -2.97,
            "roe_4q": -4.48,
            "gross_profit": 15604,
            "gross_margin": 43.51,
            "gross_margin_4q_avg": 41.53,
            "net_income": -14128,
            "net_income_4q": null,
            "revenue": 35860,
            "revenue_4q": null,
            "common_shares": 628737,
            "book_valuer_per_share": 7.88,
            "book_valuer_per_share_4q_avg": 7.29,
            "equity": 492413,
            "current_ratio": 776.6,
            "debt_ratio": 10.52,
            "inventory_turnover_ratio": 0.2,
            "account_receivable_turnover_ratio": 0.63,
            "reinvestment_rate": null,
            "research_to_sale_ratio": 32.28,
            "price_fair": 0.12,
            "eps_avg_yearly": 0.04,
            "eps_latest_yearly": 0.04,
            "eps_growth_yearly": -360
        },
        "20172": {
            "year_quarter": 20172,
            "year": 2017,
            "quarter": 2,
            "eps": 0.63,
            "eps_growth_year": null,
            "eps_4q": 0.55,
            "eps_4q_growth_year": null,
            "roe": 7.97,
            "roe_4q": 6.909999999999999,
            "gross_profit": 26745,
            "gross_margin": 52.24,
            "gross_margin_4q_avg": 45.92,
            "net_income": 39163,
            "net_income_4q": null,
            "revenue": 51196,
            "revenue_4q": null,
            "common_shares": 628737,
            "book_valuer_per_share": 7.85,
            "book_valuer_per_share_4q_avg": 7.61,
            "equity": 490240,
            "current_ratio": 791.95,
            "debt_ratio": 11.47,
            "inventory_turnover_ratio": 0.21,
            "account_receivable_turnover_ratio": 1.46,
            "reinvestment_rate": null,
            "research_to_sale_ratio": 21.63,
            "price_fair": 0.12,
            "eps_avg_yearly": 0.04,
            "eps_latest_yearly": 0.04,
            "eps_growth_yearly": -360
        },
        "20173": {
            "year_quarter": 20173,
            "year": 2017,
            "quarter": 3,
            "eps": 0.82,
            "eps_growth_year": null,
            "eps_4q": 1.45,
            "eps_4q_growth_year": null,
            "roe": 10.51,
            "roe_4q": 18.64,
            "gross_profit": 20585,
            "gross_margin": 38.52,
            "gross_margin_4q_avg": 43.15,
            "net_income": 51358,
            "net_income_4q": null,
            "revenue": 53437,
            "revenue_4q": null,
            "common_shares": 628737,
            "book_valuer_per_share": 7.79,
            "book_valuer_per_share_4q_avg": 7.72,
            "equity": 486653,
            "current_ratio": 601.95,
            "debt_ratio": 16.7,
            "inventory_turnover_ratio": 0.23,
            "account_receivable_turnover_ratio": 1.39,
            "reinvestment_rate": -36.87,
            "research_to_sale_ratio": 20.75,
            "price_fair": 114.8,
            "eps_avg_yearly": 3.28,
            "eps_latest_yearly": 3.28,
            "eps_growth_yearly": 120.63
        },
        "20174": {
            "year_quarter": 20174,
            "year": 2017,
            "quarter": 4,
            "eps": 0.42,
            "eps_growth_year": 81.58,
            "eps_4q": 1.64,
            "eps_4q_growth_year": null,
            "roe": 5.22,
            "roe_4q": 20.73,
            "gross_profit": 58698,
            "gross_margin": 45.33,
            "gross_margin_4q_avg": 44.9,
            "net_income": 26056,
            "net_income_4q": null,
            "revenue": 129491,
            "revenue_4q": null,
            "common_shares": 628737,
            "book_valuer_per_share": 8.2,
            "book_valuer_per_share_4q_avg": 7.93,
            "equity": 512590,
            "current_ratio": 759.76,
            "debt_ratio": 13.43,
            "inventory_turnover_ratio": 0.46,
            "account_receivable_turnover_ratio": 1.6,
            "reinvestment_rate": -21.89,
            "research_to_sale_ratio": 10.61,
            "price_fair": 7.44,
            "eps_avg_yearly": 2.48,
            "eps_latest_yearly": 1.68,
            "eps_growth_yearly": -37.24
        },
        "20181": {
            "year_quarter": 20181,
            "year": 2018,
            "quarter": 1,
            "eps": 0.15,
            "eps_growth_year": null,
            "eps_4q": 2.02,
            "eps_4q_growth_year": null,
            "roe": 1.82,
            "roe_4q": 25.52,
            "gross_profit": 29728,
            "gross_margin": 39.56,
            "gross_margin_4q_avg": 43.91,
            "net_income": 9430,
            "net_income_4q": null,
            "revenue": 75143,
            "revenue_4q": null,
            "common_shares": 628737,
            "book_valuer_per_share": 8.35,
            "book_valuer_per_share_4q_avg": 8.05,
            "equity": 522020,
            "current_ratio": 829.57,
            "debt_ratio": 12.31,
            "inventory_turnover_ratio": 0.3,
            "account_receivable_turnover_ratio": 0.98,
            "reinvestment_rate": -34.44,
            "research_to_sale_ratio": 14.85,
            "price_fair": 5.56,
            "eps_avg_yearly": 1.85,
            "eps_latest_yearly": 0.6,
            "eps_growth_yearly": -110.54
        },
        "20182": {
            "year_quarter": 20182,
            "year": 2018,
            "quarter": 2,
            "eps": 0.07,
            "eps_growth_year": -88.89,
            "eps_4q": 1.46,
            "eps_4q_growth_year": 166.93,
            "roe": 0.78,
            "roe_4q": 18.33,
            "gross_profit": 27794,
            "gross_margin": 56.47,
            "gross_margin_4q_avg": 44.97,
            "net_income": 4097,
            "net_income_4q": null,
            "revenue": 49222,
            "revenue_4q": null,
            "common_shares": 628737,
            "book_valuer_per_share": 8.42,
            "book_valuer_per_share_4q_avg": 8.19,
            "equity": 526117,
            "current_ratio": 955.3,
            "debt_ratio": 10.75,
            "inventory_turnover_ratio": 0.12,
            "account_receivable_turnover_ratio": 1.47,
            "reinvestment_rate": -27.36,
            "research_to_sale_ratio": 24.29,
            "price_fair": 4.38,
            "eps_avg_yearly": 1.46,
            "eps_latest_yearly": 0.28,
            "eps_growth_yearly": -136.24
        },
        "20183": {
            "year_quarter": 20183,
            "year": 2018,
            "quarter": 3,
            "eps": 0.02,
            "eps_growth_year": -97.56,
            "eps_4q": 0.65,
            "eps_4q_growth_year": -55.12,
            "roe": 0.22,
            "roe_4q": 8.04,
            "gross_profit": 21208,
            "gross_margin": 31.48,
            "gross_margin_4q_avg": 43.21,
            "net_income": 1139,
            "net_income_4q": null,
            "revenue": 67372,
            "revenue_4q": null,
            "common_shares": 628737,
            "book_valuer_per_share": 8.44,
            "book_valuer_per_share_4q_avg": 8.35,
            "equity": 527256,
            "current_ratio": 661.6,
            "debt_ratio": 15.08,
            "inventory_turnover_ratio": 0.24,
            "account_receivable_turnover_ratio": 1.95,
            "reinvestment_rate": -23.93,
            "research_to_sale_ratio": 16.45,
            "price_fair": 3.55,
            "eps_avg_yearly": 1.18,
            "eps_latest_yearly": 0.08,
            "eps_growth_yearly": -166.14
        },
        "20184": {
            "year_quarter": 20184,
            "year": 2018,
            "quarter": 4,
            "eps": 0.83,
            "eps_growth_year": 97.98,
            "eps_4q": 1.06,
            "eps_4q_growth_year": -35.33,
            "roe": 9.33,
            "roe_4q": 12.15,
            "gross_profit": 81846,
            "gross_margin": 49.05,
            "gross_margin_4q_avg": 44.14,
            "net_income": 51585,
            "net_income_4q": null,
            "revenue": 166856,
            "revenue_4q": null,
            "common_shares": 628737,
            "book_valuer_per_share": 9.26,
            "book_valuer_per_share_4q_avg": 8.62,
            "equity": 578788,
            "current_ratio": 723.61,
            "debt_ratio": 13.97,
            "inventory_turnover_ratio": 0.44,
            "account_receivable_turnover_ratio": 1.69,
            "reinvestment_rate": -18.5,
            "research_to_sale_ratio": 8.65,
            "price_fair": 53.9,
            "eps_avg_yearly": 1.54,
            "eps_latest_yearly": 3.32,
            "eps_growth_yearly": 2561.55
        },
        "20191": {
            "year_quarter": 20191,
            "year": 2019,
            "quarter": 1,
            "eps": -0.09,
            "eps_growth_year": -160,
            "eps_4q": 0.82,
            "eps_4q_growth_year": -59.15,
            "roe": -0.93,
            "roe_4q": 9.4,
            "gross_profit": 16316,
            "gross_margin": 22.64,
            "gross_margin_4q_avg": 39.91,
            "net_income": -5345,
            "net_income_4q": null,
            "revenue": 72056,
            "revenue_4q": null,
            "common_shares": 628737,
            "book_valuer_per_share": 9.18,
            "book_valuer_per_share_4q_avg": 8.83,
            "equity": 573443,
            "current_ratio": 1075.01,
            "debt_ratio": 11.56,
            "inventory_turnover_ratio": 0.3,
            "account_receivable_turnover_ratio": 0.68,
            "reinvestment_rate": -20.08,
            "research_to_sale_ratio": 16.98,
            "price_fair": 53.9,
            "eps_avg_yearly": 1.54,
            "eps_latest_yearly": 3.32,
            "eps_growth_yearly": 2561.55
        },
        "20192": {
            "year_quarter": 20192,
            "year": 2019,
            "quarter": 2,
            "eps": -0.1,
            "eps_growth_year": -242.86,
            "eps_4q": 0.66,
            "eps_4q_growth_year": -54.96,
            "roe": -1.13,
            "roe_4q": 7.489999999999999,
            "gross_profit": 17603,
            "gross_margin": 51.68,
            "gross_margin_4q_avg": 38.71,
            "net_income": -6422,
            "net_income_4q": null,
            "revenue": 34062,
            "revenue_4q": null,
            "common_shares": 628737,
            "book_valuer_per_share": 9.08,
            "book_valuer_per_share_4q_avg": 8.99,
            "equity": 567021,
            "current_ratio": 837.35,
            "debt_ratio": 13.7,
            "inventory_turnover_ratio": 0.09,
            "account_receivable_turnover_ratio": 0.97,
            "reinvestment_rate": -19.78,
            "research_to_sale_ratio": 41.22,
            "price_fair": 53.9,
            "eps_avg_yearly": 1.54,
            "eps_latest_yearly": 3.32,
            "eps_growth_yearly": 2561.55
        },
        "20193": {
            "year_quarter": 20193,
            "year": 2019,
            "quarter": 3,
            "eps": -0.13,
            "eps_growth_year": -750,
            "eps_4q": 0.51,
            "eps_4q_growth_year": -22.08,
            "roe": -1.44,
            "roe_4q": 5.83,
            "gross_profit": 15919,
            "gross_margin": 35.48,
            "gross_margin_4q_avg": 39.71,
            "net_income": -8089,
            "net_income_4q": null,
            "revenue": 44872,
            "revenue_4q": null,
            "common_shares": 628737,
            "book_valuer_per_share": 8.95,
            "book_valuer_per_share_4q_avg": 9.12,
            "equity": 558932,
            "current_ratio": 756.55,
            "debt_ratio": 14.68,
            "inventory_turnover_ratio": 0.14,
            "account_receivable_turnover_ratio": 1.75,
            "reinvestment_rate": -21.96,
            "research_to_sale_ratio": 30.33,
            "price_fair": 53.9,
            "eps_avg_yearly": 1.54,
            "eps_latest_yearly": 3.32,
            "eps_growth_yearly": 2561.55
        },
        "20194": {
            "year_quarter": 20194,
            "year": 2019,
            "quarter": 4,
            "eps": 1.27,
            "eps_growth_year": 54.33,
            "eps_4q": 0.96,
            "eps_4q_growth_year": -9.81,
            "roe": 13.3,
            "roe_4q": 9.8,
            "gross_profit": 118732,
            "gross_margin": 45.69,
            "gross_margin_4q_avg": 38.87,
            "net_income": 79610,
            "net_income_4q": null,
            "revenue": 259838,
            "revenue_4q": null,
            "common_shares": 628737,
            "book_valuer_per_share": 10.22,
            "book_valuer_per_share_4q_avg": 9.36,
            "equity": 638418,
            "current_ratio": 607.61,
            "debt_ratio": 17.3,
            "inventory_turnover_ratio": 0.73,
            "account_receivable_turnover_ratio": 1.96,
            "reinvestment_rate": -15.15,
            "research_to_sale_ratio": 7.2,
            "price_fair": 53.9,
            "eps_avg_yearly": 1.54,
            "eps_latest_yearly": 3.32,
            "eps_growth_yearly": 2561.55
        },
        "20201": {
            "year_quarter": 20201,
            "year": 2020,
            "quarter": 1,
            "eps": -0.15,
            "eps_growth_year": null,
            "eps_4q": 0.89,
            "eps_4q_growth_year": 8.44,
            "roe": -1.46,
            "roe_4q": 9.27,
            "gross_profit": 16485,
            "gross_margin": 26.97,
            "gross_margin_4q_avg": 39.96,
            "net_income": -9281,
            "net_income_4q": null,
            "revenue": 61125,
            "revenue_4q": null,
            "common_shares": 628737,
            "book_valuer_per_share": 10.07,
            "book_valuer_per_share_4q_avg": 9.58,
            "equity": 629137,
            "current_ratio": 791.86,
            "debt_ratio": 13.56,
            "inventory_turnover_ratio": 0.27,
            "account_receivable_turnover_ratio": 0.49,
            "reinvestment_rate": -17.97,
            "research_to_sale_ratio": 24.79,
            "price_fair": 53.9,
            "eps_avg_yearly": 1.54,
            "eps_latest_yearly": 3.32,
            "eps_growth_yearly": 2561.55
        },
        "20202": {
            "year_quarter": 20202,
            "year": 2020,
            "quarter": 2,
            "eps": 0.2,
            "eps_growth_year": null,
            "eps_4q": 1.2,
            "eps_4q_growth_year": 82.4,
            "roe": 1.98,
            "roe_4q": 12.38,
            "gross_profit": 28995,
            "gross_margin": 41.77,
            "gross_margin_4q_avg": 37.48,
            "net_income": 12465,
            "net_income_4q": null,
            "revenue": 69412,
            "revenue_4q": null,
            "common_shares": 628737,
            "book_valuer_per_share": 10.07,
            "book_valuer_per_share_4q_avg": 9.83,
            "equity": 629026,
            "current_ratio": 770.88,
            "debt_ratio": 13.7,
            "inventory_turnover_ratio": 0.22,
            "account_receivable_turnover_ratio": 2.47,
            "reinvestment_rate": -15.61,
            "research_to_sale_ratio": 14.3,
            "price_fair": 53.9,
            "eps_avg_yearly": 1.54,
            "eps_latest_yearly": 3.32,
            "eps_growth_yearly": 2561.55
        },
        "20203": {
            "year_quarter": 20203,
            "year": 2020,
            "quarter": 3,
            "eps": 0,
            "eps_growth_year": null,
            "eps_4q": 1.33,
            "eps_4q_growth_year": 161.88,
            "roe": 0.05,
            "roe_4q": 13.870000000000001,
            "gross_profit": 25278,
            "gross_margin": 35.17,
            "gross_margin_4q_avg": 37.4,
            "net_income": 297,
            "net_income_4q": null,
            "revenue": 71873,
            "revenue_4q": null,
            "common_shares": 628737,
            "book_valuer_per_share": 10.07,
            "book_valuer_per_share_4q_avg": 10.11,
            "equity": 629402,
            "current_ratio": 929.39,
            "debt_ratio": 11.4,
            "inventory_turnover_ratio": 0.24,
            "account_receivable_turnover_ratio": 1.29,
            "reinvestment_rate": -35.89,
            "research_to_sale_ratio": 19.32,
            "price_fair": 53.9,
            "eps_avg_yearly": 1.54,
            "eps_latest_yearly": 3.32,
            "eps_growth_yearly": 2561.55
        },
        "20204": {
            "year_quarter": 20204,
            "year": 2020,
            "quarter": 4,
            "eps": 0.14,
            "eps_growth_year": -89.39,
            "eps_4q": 0.19,
            "eps_4q_growth_year": -80.04,
            "roe": 1.33,
            "roe_4q": 1.9000000000000004,
            "gross_profit": 34224,
            "gross_margin": 30.11,
            "gross_margin_4q_avg": 33.51,
            "net_income": 8447,
            "net_income_4q": null,
            "revenue": 113669,
            "revenue_4q": null,
            "common_shares": 628737,
            "book_valuer_per_share": 10.21,
            "book_valuer_per_share_4q_avg": 10.11,
            "equity": 637739,
            "current_ratio": 805.21,
            "debt_ratio": 12.91,
            "inventory_turnover_ratio": 0.37,
            "account_receivable_turnover_ratio": 1.6,
            "reinvestment_rate": -29.2,
            "research_to_sale_ratio": 13.8,
            "price_fair": 53.9,
            "eps_avg_yearly": 1.54,
            "eps_latest_yearly": 3.32,
            "eps_growth_yearly": 2561.55
        },
        "20211": {
            "year_quarter": 20211,
            "year": 2021,
            "quarter": 1,
            "eps": -0.13,
            "eps_growth_year": null,
            "eps_4q": 0.21,
            "eps_4q_growth_year": -76.6,
            "roe": -1.29,
            "roe_4q": 2.07,
            "gross_profit": 17939,
            "gross_margin": 20.59,
            "gross_margin_4q_avg": 31.91,
            "net_income": -8145,
            "net_income_4q": null,
            "revenue": 87144,
            "revenue_4q": null,
            "common_shares": 628737,
            "book_valuer_per_share": 10.08,
            "book_valuer_per_share_4q_avg": 10.11,
            "equity": 629594,
            "current_ratio": 942.54,
            "debt_ratio": 11.15,
            "inventory_turnover_ratio": 0.3,
            "account_receivable_turnover_ratio": 1.97,
            "reinvestment_rate": -47.57,
            "research_to_sale_ratio": 17.86,
            "price_fair": 53.9,
            "eps_avg_yearly": 1.54,
            "eps_latest_yearly": 3.32,
            "eps_growth_yearly": 2561.55
        },
        "20212": {
            "year_quarter": 20212,
            "year": 2021,
            "quarter": 2,
            "eps": -0.01,
            "eps_growth_year": -105,
            "eps_4q": -0,
            "eps_4q_growth_year": -100.03,
            "roe": -0.1,
            "roe_4q": -0.01000000000000005,
            "gross_profit": 17868,
            "gross_margin": 21.78,
            "gross_margin_4q_avg": 26.91,
            "net_income": -619,
            "net_income_4q": null,
            "revenue": 82043,
            "revenue_4q": null,
            "common_shares": 628737,
            "book_valuer_per_share": 10.07,
            "book_valuer_per_share_4q_avg": 10.11,
            "equity": 628975,
            "current_ratio": 668.84,
            "debt_ratio": 15.03,
            "inventory_turnover_ratio": 0.26,
            "account_receivable_turnover_ratio": 5.08,
            "reinvestment_rate": -33.03,
            "research_to_sale_ratio": 13.81,
            "price_fair": 53.9,
            "eps_avg_yearly": 1.54,
            "eps_latest_yearly": 3.32,
            "eps_growth_yearly": 2561.55
        },
        "20213": {
            "year_quarter": 20213,
            "year": 2021,
            "quarter": 3,
            "eps": 0.17,
            "eps_growth_year": null,
            "eps_4q": 0.16,
            "eps_4q_growth_year": -87.75,
            "roe": 1.66,
            "roe_4q": 1.5999999999999999,
            "gross_profit": 29167,
            "gross_margin": 33.18,
            "gross_margin_4q_avg": 26.42,
            "net_income": 10499,
            "net_income_4q": null,
            "revenue": 87911,
            "revenue_4q": null,
            "common_shares": 628737,
            "book_valuer_per_share": 10.23,
            "book_valuer_per_share_4q_avg": 10.15,
            "equity": 639474,
            "current_ratio": 543.24,
            "debt_ratio": 18.35,
            "inventory_turnover_ratio": 0.21,
            "account_receivable_turnover_ratio": 2.8,
            "reinvestment_rate": -3.64,
            "research_to_sale_ratio": 16.34,
            "price_fair": 41.72,
            "eps_avg_yearly": 1.19,
            "eps_latest_yearly": 3.32,
            "eps_growth_yearly": 3049.74
        },
        "20214": {
            "year_quarter": 20214,
            "year": 2021,
            "quarter": 4,
            "eps": 1.25,
            "eps_growth_year": 825.07,
            "eps_4q": 1.28,
            "eps_4q_growth_year": 569.65,
            "roe": 11.52,
            "roe_4q": 11.79,
            "gross_profit": 135790,
            "gross_margin": 50.45,
            "gross_margin_4q_avg": 31.5,
            "net_income": 78141,
            "net_income_4q": null,
            "revenue": 269176,
            "revenue_4q": null,
            "common_shares": 628737,
            "book_valuer_per_share": 11.48,
            "book_valuer_per_share_4q_avg": 10.47,
            "equity": 717543,
            "current_ratio": 643.8,
            "debt_ratio": 15.9,
            "inventory_turnover_ratio": 0.49,
            "account_receivable_turnover_ratio": 2.73,
            "reinvestment_rate": -2.74,
            "research_to_sale_ratio": 7.8,
            "price_fair": 64.96,
            "eps_avg_yearly": 1.86,
            "eps_latest_yearly": 5,
            "eps_growth_yearly": 3597
        },
        "20221": {
            "year_quarter": 20221,
            "year": 2022,
            "quarter": 1,
            "eps": 0.02,
            "eps_growth_year": null,
            "eps_4q": 1.43,
            "eps_4q_growth_year": 583.5,
            "roe": 0.18,
            "roe_4q": 13.26,
            "gross_profit": 23203,
            "gross_margin": 40.24,
            "gross_margin_4q_avg": 36.41,
            "net_income": 1271,
            "net_income_4q": null,
            "revenue": 57655,
            "revenue_4q": null,
            "common_shares": 628737,
            "book_valuer_per_share": 11.5,
            "book_valuer_per_share_4q_avg": 10.82,
            "equity": 718814,
            "current_ratio": 526.66,
            "debt_ratio": 19.4,
            "inventory_turnover_ratio": 0.13,
            "account_receivable_turnover_ratio": 0.69,
            "reinvestment_rate": -0.77,
            "research_to_sale_ratio": 22.52,
            "price_fair": 61.32,
            "eps_avg_yearly": 1.75,
            "eps_latest_yearly": 0.08,
            "eps_growth_yearly": 3569.71
        },
        "20222": {
            "year_quarter": 20222,
            "year": 2022,
            "quarter": 2,
            "eps": 0.15,
            "eps_growth_year": null,
            "eps_4q": 1.58,
            "eps_4q_growth_year": null,
            "roe": 1.32,
            "roe_4q": 14.68,
            "gross_profit": 33568,
            "gross_margin": 36.45,
            "gross_margin_4q_avg": 40.08,
            "net_income": 9114,
            "net_income_4q": null,
            "revenue": 92092,
            "revenue_4q": null,
            "common_shares": 628737,
            "book_valuer_per_share": 10.65,
            "book_valuer_per_share_4q_avg": 10.97,
            "equity": 665447,
            "current_ratio": 440.68,
            "debt_ratio": 23.02,
            "inventory_turnover_ratio": 0.22,
            "account_receivable_turnover_ratio": 5.22,
            "reinvestment_rate": -0.66,
            "research_to_sale_ratio": 15.25,
            "price_fair": 63.56,
            "eps_avg_yearly": 1.82,
            "eps_latest_yearly": 0.6,
            "eps_growth_yearly": 4132.37
        },
        "20223": {
            "year_quarter": 20223,
            "year": 2022,
            "quarter": 3,
            "eps": 0.12,
            "eps_growth_year": -29.41,
            "eps_4q": 1.54,
            "eps_4q_growth_year": 844.01,
            "roe": 1.13,
            "roe_4q": 14.15,
            "gross_profit": 31285,
            "gross_margin": 28.24,
            "gross_margin_4q_avg": 38.85,
            "net_income": 7593,
            "net_income_4q": null,
            "revenue": 110786,
            "revenue_4q": null,
            "common_shares": 628737,
            "book_valuer_per_share": 10.77,
            "book_valuer_per_share_4q_avg": 11.1,
            "equity": 673040,
            "current_ratio": 713.34,
            "debt_ratio": 15.17,
            "inventory_turnover_ratio": 0.3,
            "account_receivable_turnover_ratio": 2.12,
            "reinvestment_rate": -0.43,
            "research_to_sale_ratio": 14.79,
            "price_fair": 66.36,
            "eps_avg_yearly": 1.9,
            "eps_latest_yearly": 0.48,
            "eps_growth_yearly": 4173.52
        },
        "20224": {
            "year_quarter": 20224,
            "year": 2022,
            "quarter": 4,
            "eps": 0.37,
            "eps_growth_year": -70.72,
            "eps_4q": 0.65,
            "eps_4q_growth_year": -48.85,
            "roe": 3.34,
            "roe_4q": 5.97,
            "gross_profit": 55208,
            "gross_margin": 24.98,
            "gross_margin_4q_avg": 32.48,
            "net_income": 22876,
            "net_income_4q": null,
            "revenue": 221003,
            "revenue_4q": null,
            "common_shares": 628737,
            "book_valuer_per_share": 11.14,
            "book_valuer_per_share_4q_avg": 11.02,
            "equity": 695843,
            "current_ratio": 501.66,
            "debt_ratio": 20.27,
            "inventory_turnover_ratio": 0.71,
            "account_receivable_turnover_ratio": 2.31,
            "reinvestment_rate": -0.54,
            "research_to_sale_ratio": 7.9,
            "price_fair": 53.48,
            "eps_avg_yearly": 1.53,
            "eps_latest_yearly": 1.48,
            "eps_growth_yearly": 1100.18
        },
        "20231": {
            "year_quarter": 20231,
            "year": 2023,
            "quarter": 1,
            "eps": 0.08,
            "eps_growth_year": 300,
            "eps_4q": 0.72,
            "eps_4q_growth_year": -49.92,
            "roe": 0.74,
            "roe_4q": 6.53,
            "gross_profit": 30217,
            "gross_margin": 54.72,
            "gross_margin_4q_avg": 36.1,
            "net_income": 5135,
            "net_income_4q": null,
            "revenue": 55217,
            "revenue_4q": null,
            "common_shares": 628737,
            "book_valuer_per_share": 11.22,
            "book_valuer_per_share_4q_avg": 10.95,
            "equity": 700978,
            "current_ratio": 360.74,
            "debt_ratio": 28.06,
            "inventory_turnover_ratio": 0.08,
            "account_receivable_turnover_ratio": 0.73,
            "reinvestment_rate": -0.27,
            "research_to_sale_ratio": 26.27,
            "price_fair": 46.43,
            "eps_avg_yearly": 1.33,
            "eps_latest_yearly": 0.32,
            "eps_growth_yearly": 864.57
        },
        "20232": {
            "year_quarter": 20232,
            "year": 2023,
            "quarter": 2,
            "eps": 0.36,
            "eps_growth_year": 140,
            "eps_4q": 0.93,
            "eps_4q_growth_year": -41.58,
            "roe": 3.21,
            "roe_4q": 8.42,
            "gross_profit": 52940,
            "gross_margin": 32,
            "gross_margin_4q_avg": 34.99,
            "net_income": 22251,
            "net_income_4q": null,
            "revenue": 165449,
            "revenue_4q": null,
            "common_shares": 628737,
            "book_valuer_per_share": 10.98,
            "book_valuer_per_share_4q_avg": 11.03,
            "equity": 685741,
            "current_ratio": 320.68,
            "debt_ratio": 31.39,
            "inventory_turnover_ratio": 0.29,
            "account_receivable_turnover_ratio": 2.02,
            "reinvestment_rate": -0.11,
            "research_to_sale_ratio": 9.31,
            "price_fair": 47,
            "eps_avg_yearly": 1.34,
            "eps_latest_yearly": 1.44,
            "eps_growth_yearly": 941.06
        },
        "20233": {
            "year_quarter": 20233,
            "year": 2023,
            "quarter": 3,
            "eps": 0.2,
            "eps_growth_year": 66.67,
            "eps_4q": 1.01,
            "eps_4q_growth_year": -34.58,
            "roe": 1.82,
            "roe_4q": 9.11,
            "gross_profit": 44583,
            "gross_margin": 45.97,
            "gross_margin_4q_avg": 39.42,
            "net_income": 12616,
            "net_income_4q": null,
            "revenue": 96979,
            "revenue_4q": null,
            "common_shares": 628737,
            "book_valuer_per_share": 11.18,
            "book_valuer_per_share_4q_avg": 11.13,
            "equity": 698357,
            "current_ratio": 404.65,
            "debt_ratio": 25.23,
            "inventory_turnover_ratio": 0.11,
            "account_receivable_turnover_ratio": 1.34,
            "reinvestment_rate": -0.17,
            "research_to_sale_ratio": 17.66,
            "price_fair": 44.63,
            "eps_avg_yearly": 1.28,
            "eps_latest_yearly": 0.8,
            "eps_growth_yearly": 801.2
        }
    },
    "months": {
        "2003-09": {
            "month": "2003-09",
            "price": "17.13",
            "revenue": 42084
        },
        "2003-10": {
            "month": "2003-10",
            "price": "17.24",
            "revenue": 14510
        },
        "2003-11": {
            "month": "2003-11",
            "price": "16.70",
            "revenue": 33689
        },
        "2003-12": {
            "month": "2003-12",
            "price": "18.01",
            "revenue": 92751
        },
        "2004-01": {
            "month": "2004-01",
            "price": "20.22",
            "revenue": 22171
        },
        "2004-02": {
            "month": "2004-02",
            "price": "27.68",
            "revenue": 8080
        },
        "2004-03": {
            "month": "2004-03",
            "price": "26.01",
            "revenue": 95964
        },
        "2004-04": {
            "month": "2004-04",
            "price": "26.54",
            "revenue": 61274
        },
        "2004-05": {
            "month": "2004-05",
            "price": "16.98",
            "revenue": 83414
        },
        "2004-06": {
            "month": "2004-06",
            "price": "15.40",
            "revenue": 49698
        },
        "2004-07": {
            "month": "2004-07",
            "price": "11.68",
            "revenue": 27832
        },
        "2004-08": {
            "month": "2004-08",
            "price": "9.95",
            "revenue": 81379
        },
        "2004-09": {
            "month": "2004-09",
            "price": "11.23",
            "revenue": 61661
        },
        "2004-10": {
            "month": "2004-10",
            "price": "11.41",
            "revenue": 29484
        },
        "2004-11": {
            "month": "2004-11",
            "price": "12.96",
            "revenue": 56196
        },
        "2004-12": {
            "month": "2004-12",
            "price": "17.94",
            "revenue": 128974
        },
        "2005-01": {
            "month": "2005-01",
            "price": "17.32",
            "revenue": 32307
        },
        "2005-02": {
            "month": "2005-02",
            "price": "21.41",
            "revenue": 43590
        },
        "2005-03": {
            "month": "2005-03",
            "price": "18.48",
            "revenue": 31010
        },
        "2005-04": {
            "month": "2005-04",
            "price": "18.64",
            "revenue": 34136
        },
        "2005-05": {
            "month": "2005-05",
            "price": "17.64",
            "revenue": 76267
        },
        "2005-06": {
            "month": "2005-06",
            "price": "20.57",
            "revenue": 55093
        },
        "2005-07": {
            "month": "2005-07",
            "price": "21.02",
            "revenue": 62177
        },
        "2005-08": {
            "month": "2005-08",
            "price": "17.48",
            "revenue": 37207
        },
        "2005-09": {
            "month": "2005-09",
            "price": "13.70",
            "revenue": 27268
        },
        "2005-10": {
            "month": "2005-10",
            "price": "12.85",
            "revenue": 13408
        },
        "2005-11": {
            "month": "2005-11",
            "price": "12.84",
            "revenue": 71550
        },
        "2005-12": {
            "month": "2005-12",
            "price": "15.19",
            "revenue": 149216
        },
        "2006-01": {
            "month": "2006-01",
            "price": "14.91",
            "revenue": 29546
        },
        "2006-02": {
            "month": "2006-02",
            "price": "13.38",
            "revenue": 60085
        },
        "2006-03": {
            "month": "2006-03",
            "price": "13.30",
            "revenue": 107659
        },
        "2006-04": {
            "month": "2006-04",
            "price": "14.95",
            "revenue": 56453
        },
        "2006-05": {
            "month": "2006-05",
            "price": "14.64",
            "revenue": 74488
        },
        "2006-06": {
            "month": "2006-06",
            "price": "13.11",
            "revenue": 100640
        },
        "2006-07": {
            "month": "2006-07",
            "price": "13.38",
            "revenue": 27869
        },
        "2006-08": {
            "month": "2006-08",
            "price": "12.70",
            "revenue": 38279
        },
        "2006-09": {
            "month": "2006-09",
            "price": "12.16",
            "revenue": 48982
        },
        "2006-10": {
            "month": "2006-10",
            "price": "12.45",
            "revenue": 18325
        },
        "2006-11": {
            "month": "2006-11",
            "price": "13.35",
            "revenue": 39574
        },
        "2006-12": {
            "month": "2006-12",
            "price": "14.12",
            "revenue": 33002
        },
        "2007-01": {
            "month": "2007-01",
            "price": "15.02",
            "revenue": 18237
        },
        "2007-02": {
            "month": "2007-02",
            "price": "14.03",
            "revenue": 15845
        },
        "2007-03": {
            "month": "2007-03",
            "price": "17.48",
            "revenue": 22171
        },
        "2007-04": {
            "month": "2007-04",
            "price": "20.09",
            "revenue": 5621
        },
        "2007-05": {
            "month": "2007-05",
            "price": "17.04",
            "revenue": 13688
        },
        "2007-06": {
            "month": "2007-06",
            "price": "18.16",
            "revenue": 13035
        },
        "2007-07": {
            "month": "2007-07",
            "price": "18.22",
            "revenue": 15077
        },
        "2007-08": {
            "month": "2007-08",
            "price": "13.11",
            "revenue": 30909
        },
        "2007-09": {
            "month": "2007-09",
            "price": "11.88",
            "revenue": 19017
        },
        "2007-10": {
            "month": "2007-10",
            "price": "10.99",
            "revenue": 54752
        },
        "2007-11": {
            "month": "2007-11",
            "price": "10.28",
            "revenue": 63307
        },
        "2007-12": {
            "month": "2007-12",
            "price": "9.70",
            "revenue": 78491
        },
        "2008-01": {
            "month": "2008-01",
            "price": "8.66",
            "revenue": 40613
        },
        "2008-02": {
            "month": "2008-02",
            "price": "8.23",
            "revenue": 44797
        },
        "2008-03": {
            "month": "2008-03",
            "price": "8.87",
            "revenue": 51453
        },
        "2008-04": {
            "month": "2008-04",
            "price": "10.66",
            "revenue": 25811
        },
        "2008-05": {
            "month": "2008-05",
            "price": "11.73",
            "revenue": 28672
        },
        "2008-06": {
            "month": "2008-06",
            "price": "10.31",
            "revenue": 47392
        },
        "2008-07": {
            "month": "2008-07",
            "price": "8.58",
            "revenue": 11542
        },
        "2008-08": {
            "month": "2008-08",
            "price": "8.45",
            "revenue": 45385
        },
        "2008-09": {
            "month": "2008-09",
            "price": "7.27",
            "revenue": 29468
        },
        "2008-10": {
            "month": "2008-10",
            "price": "5.91",
            "revenue": 26719
        },
        "2008-11": {
            "month": "2008-11",
            "price": "5.84",
            "revenue": 48824
        },
        "2008-12": {
            "month": "2008-12",
            "price": "6.53",
            "revenue": 58178
        },
        "2009-01": {
            "month": "2009-01",
            "price": "6.82",
            "revenue": 34452
        },
        "2009-02": {
            "month": "2009-02",
            "price": "8.55",
            "revenue": 15849
        },
        "2009-03": {
            "month": "2009-03",
            "price": "8.41",
            "revenue": 21042
        },
        "2009-04": {
            "month": "2009-04",
            "price": "10.40",
            "revenue": 13747
        },
        "2009-05": {
            "month": "2009-05",
            "price": "10.92",
            "revenue": 52668
        },
        "2009-06": {
            "month": "2009-06",
            "price": "10.60",
            "revenue": 18360
        },
        "2009-07": {
            "month": "2009-07",
            "price": "10.67",
            "revenue": 21559
        },
        "2009-08": {
            "month": "2009-08",
            "price": "11.82",
            "revenue": 44228
        },
        "2009-09": {
            "month": "2009-09",
            "price": "12.23",
            "revenue": 17424
        },
        "2009-10": {
            "month": "2009-10",
            "price": "12.99",
            "revenue": 16673
        },
        "2009-11": {
            "month": "2009-11",
            "price": "12.06",
            "revenue": 32283
        },
        "2009-12": {
            "month": "2009-12",
            "price": "12.34",
            "revenue": 19177
        },
        "2010-01": {
            "month": "2010-01",
            "price": "11.71",
            "revenue": 29515
        },
        "2010-02": {
            "month": "2010-02",
            "price": "8.86",
            "revenue": 19652
        },
        "2010-03": {
            "month": "2010-03",
            "price": "9.52",
            "revenue": 40284
        },
        "2010-04": {
            "month": "2010-04",
            "price": "12.20",
            "revenue": 14835
        },
        "2010-05": {
            "month": "2010-05",
            "price": "10.23",
            "revenue": 12320
        },
        "2010-06": {
            "month": "2010-06",
            "price": "9.62",
            "revenue": 19667
        },
        "2010-07": {
            "month": "2010-07",
            "price": "10.19",
            "revenue": 20493
        },
        "2010-08": {
            "month": "2010-08",
            "price": "10.14",
            "revenue": 29729
        },
        "2010-09": {
            "month": "2010-09",
            "price": "8.79",
            "revenue": 21026
        },
        "2010-10": {
            "month": "2010-10",
            "price": "7.83",
            "revenue": 16187
        },
        "2010-11": {
            "month": "2010-11",
            "price": "6.70",
            "revenue": 17286
        },
        "2010-12": {
            "month": "2010-12",
            "price": "7.10",
            "revenue": 26603
        },
        "2011-01": {
            "month": "2011-01",
            "price": "7.26",
            "revenue": 23261
        },
        "2011-02": {
            "month": "2011-02",
            "price": "7.03",
            "revenue": 7089
        },
        "2011-03": {
            "month": "2011-03",
            "price": "6.88",
            "revenue": 14000
        },
        "2011-04": {
            "month": "2011-04",
            "price": "6.59",
            "revenue": 20391
        },
        "2011-05": {
            "month": "2011-05",
            "price": "6.33",
            "revenue": 18689
        },
        "2011-06": {
            "month": "2011-06",
            "price": "6.64",
            "revenue": 13173
        },
        "2011-07": {
            "month": "2011-07",
            "price": "6.24",
            "revenue": 17424
        },
        "2011-08": {
            "month": "2011-08",
            "price": "4.91",
            "revenue": 31919
        },
        "2011-09": {
            "month": "2011-09",
            "price": "4.60",
            "revenue": 26075
        },
        "2011-10": {
            "month": "2011-10",
            "price": "4.82",
            "revenue": 34191
        },
        "2011-11": {
            "month": "2011-11",
            "price": "5.28",
            "revenue": 17112
        },
        "2011-12": {
            "month": "2011-12",
            "price": "4.88",
            "revenue": 16197
        },
        "2012-01": {
            "month": "2012-01",
            "price": "4.89",
            "revenue": 15080
        },
        "2012-02": {
            "month": "2012-02",
            "price": "5.54",
            "revenue": 15573
        },
        "2012-03": {
            "month": "2012-03",
            "price": "6.02",
            "revenue": 17703
        },
        "2012-04": {
            "month": "2012-04",
            "price": "5.72",
            "revenue": 10474
        },
        "2012-05": {
            "month": "2012-05",
            "price": "5.53",
            "revenue": 14445
        },
        "2012-06": {
            "month": "2012-06",
            "price": "5.03",
            "revenue": 24712
        },
        "2012-07": {
            "month": "2012-07",
            "price": "5.02",
            "revenue": 12378
        },
        "2012-08": {
            "month": "2012-08",
            "price": "4.90",
            "revenue": 37622
        },
        "2012-09": {
            "month": "2012-09",
            "price": "5.18",
            "revenue": 12591
        },
        "2012-10": {
            "month": "2012-10",
            "price": "5.64",
            "revenue": 14477
        },
        "2012-11": {
            "month": "2012-11",
            "price": "5.89",
            "revenue": 10023
        },
        "2012-12": {
            "month": "2012-12",
            "price": "6.31",
            "revenue": 18215
        },
        "2013-01": {
            "month": "2013-01",
            "price": "6.24",
            "revenue": 13193
        },
        "2013-02": {
            "month": "2013-02",
            "price": "5.92",
            "revenue": 23628
        },
        "2013-03": {
            "month": "2013-03",
            "price": "5.83",
            "revenue": 11988
        },
        "2013-04": {
            "month": "2013-04",
            "price": "5.82",
            "revenue": 24405
        },
        "2013-05": {
            "month": "2013-05",
            "price": "6.25",
            "revenue": 19862
        },
        "2013-06": {
            "month": "2013-06",
            "price": "6.55",
            "revenue": 32909
        },
        "2013-07": {
            "month": "2013-07",
            "price": "7.09",
            "revenue": 15667
        },
        "2013-08": {
            "month": "2013-08",
            "price": "8.57",
            "revenue": 18009
        },
        "2013-09": {
            "month": "2013-09",
            "price": "9.88",
            "revenue": 35219
        },
        "2013-10": {
            "month": "2013-10",
            "price": "8.25",
            "revenue": 14417
        },
        "2013-11": {
            "month": "2013-11",
            "price": "7.97",
            "revenue": 30325
        },
        "2013-12": {
            "month": "2013-12",
            "price": "7.97",
            "revenue": 22337
        },
        "2014-01": {
            "month": "2014-01",
            "price": "8.28",
            "revenue": 22381
        },
        "2014-02": {
            "month": "2014-02",
            "price": "9.14",
            "revenue": 15715
        },
        "2014-03": {
            "month": "2014-03",
            "price": "11.97",
            "revenue": 27475
        },
        "2014-04": {
            "month": "2014-04",
            "price": "10.62",
            "revenue": 16085
        },
        "2014-05": {
            "month": "2014-05",
            "price": "9.01",
            "revenue": 9990
        },
        "2014-06": {
            "month": "2014-06",
            "price": "10.62",
            "revenue": 16963
        },
        "2014-07": {
            "month": "2014-07",
            "price": "11.18",
            "revenue": 11115
        },
        "2014-08": {
            "month": "2014-08",
            "price": "9.51",
            "revenue": 10336
        },
        "2014-09": {
            "month": "2014-09",
            "price": "7.77",
            "revenue": 18813
        },
        "2014-10": {
            "month": "2014-10",
            "price": "7.66",
            "revenue": 24980
        },
        "2014-11": {
            "month": "2014-11",
            "price": "7.30",
            "revenue": 21579
        },
        "2014-12": {
            "month": "2014-12",
            "price": "7.44",
            "revenue": 27971
        },
        "2015-01": {
            "month": "2015-01",
            "price": "7.73",
            "revenue": 27802
        },
        "2015-02": {
            "month": "2015-02",
            "price": "7.77",
            "revenue": 14238
        },
        "2015-03": {
            "month": "2015-03",
            "price": "9.08",
            "revenue": 21747
        },
        "2015-04": {
            "month": "2015-04",
            "price": "9.47",
            "revenue": 8403
        },
        "2015-05": {
            "month": "2015-05",
            "price": "7.16",
            "revenue": 14707
        },
        "2015-06": {
            "month": "2015-06",
            "price": "6.42",
            "revenue": 18739
        },
        "2015-07": {
            "month": "2015-07",
            "price": "6.44",
            "revenue": 18227
        },
        "2015-08": {
            "month": "2015-08",
            "price": "6.00",
            "revenue": 11473
        },
        "2015-09": {
            "month": "2015-09",
            "price": "6.03",
            "revenue": 16113
        },
        "2015-10": {
            "month": "2015-10",
            "price": "6.37",
            "revenue": 11558
        },
        "2015-11": {
            "month": "2015-11",
            "price": "6.20",
            "revenue": 7962
        },
        "2015-12": {
            "month": "2015-12",
            "price": "5.55",
            "revenue": 43808
        },
        "2016-01": {
            "month": "2016-01",
            "price": "5.70",
            "revenue": 15061
        },
        "2016-02": {
            "month": "2016-02",
            "price": "5.96",
            "revenue": 12287
        },
        "2016-03": {
            "month": "2016-03",
            "price": "6.27",
            "revenue": 9342
        },
        "2016-04": {
            "month": "2016-04",
            "price": "5.94",
            "revenue": 8427
        },
        "2016-05": {
            "month": "2016-05",
            "price": "5.46",
            "revenue": 9344
        },
        "2016-06": {
            "month": "2016-06",
            "price": "5.33",
            "revenue": 8007
        },
        "2016-07": {
            "month": "2016-07",
            "price": "5.35",
            "revenue": 7977
        },
        "2016-08": {
            "month": "2016-08",
            "price": "5.71",
            "revenue": 23271
        },
        "2016-09": {
            "month": "2016-09",
            "price": "6.54",
            "revenue": 5636
        },
        "2016-10": {
            "month": "2016-10",
            "price": "6.49",
            "revenue": 5100
        },
        "2016-11": {
            "month": "2016-11",
            "price": "6.39",
            "revenue": 25168
        },
        "2016-12": {
            "month": "2016-12",
            "price": "6.27",
            "revenue": 35910
        },
        "2017-01": {
            "month": "2017-01",
            "price": "6.32",
            "revenue": 6738
        },
        "2017-02": {
            "month": "2017-02",
            "price": "7.48",
            "revenue": 12385
        },
        "2017-03": {
            "month": "2017-03",
            "price": "9.67",
            "revenue": 16737
        },
        "2017-04": {
            "month": "2017-04",
            "price": "11.63",
            "revenue": 23154
        },
        "2017-05": {
            "month": "2017-05",
            "price": "11.46",
            "revenue": 16239
        },
        "2017-06": {
            "month": "2017-06",
            "price": "10.05",
            "revenue": 11802
        },
        "2017-07": {
            "month": "2017-07",
            "price": "10.13",
            "revenue": 14100
        },
        "2017-08": {
            "month": "2017-08",
            "price": "10.22",
            "revenue": 22022
        },
        "2017-09": {
            "month": "2017-09",
            "price": "12.18",
            "revenue": 17317
        },
        "2017-10": {
            "month": "2017-10",
            "price": "12.34",
            "revenue": 21805
        },
        "2017-11": {
            "month": "2017-11",
            "price": "12.73",
            "revenue": 21948
        },
        "2017-12": {
            "month": "2017-12",
            "price": "12.86",
            "revenue": 85737
        },
        "2018-01": {
            "month": "2018-01",
            "price": "15.95",
            "revenue": 30524
        },
        "2018-02": {
            "month": "2018-02",
            "price": "16.13",
            "revenue": 23511
        },
        "2018-03": {
            "month": "2018-03",
            "price": "15.82",
            "revenue": 21108
        },
        "2018-04": {
            "month": "2018-04",
            "price": "13.59",
            "revenue": 18605
        },
        "2018-05": {
            "month": "2018-05",
            "price": "11.96",
            "revenue": 13829
        },
        "2018-06": {
            "month": "2018-06",
            "price": "11.37",
            "revenue": 16787
        },
        "2018-07": {
            "month": "2018-07",
            "price": "10.58",
            "revenue": 31486
        },
        "2018-08": {
            "month": "2018-08",
            "price": "9.95",
            "revenue": 11490
        },
        "2018-09": {
            "month": "2018-09",
            "price": "8.65",
            "revenue": 24397
        },
        "2018-10": {
            "month": "2018-10",
            "price": "8.18",
            "revenue": 15100
        },
        "2018-11": {
            "month": "2018-11",
            "price": "7.48",
            "revenue": 16368
        },
        "2018-12": {
            "month": "2018-12",
            "price": "7.75",
            "revenue": 135388
        },
        "2019-01": {
            "month": "2019-01",
            "price": "9.10",
            "revenue": 19101
        },
        "2019-02": {
            "month": "2019-02",
            "price": "8.63",
            "revenue": 7789
        },
        "2019-03": {
            "month": "2019-03",
            "price": "8.57",
            "revenue": 43385
        },
        "2019-04": {
            "month": "2019-04",
            "price": "11.51",
            "revenue": 13819
        },
        "2019-05": {
            "month": "2019-05",
            "price": "11.03",
            "revenue": 12167
        },
        "2019-06": {
            "month": "2019-06",
            "price": "10.09",
            "revenue": 9857
        },
        "2019-07": {
            "month": "2019-07",
            "price": "10.02",
            "revenue": 11734
        },
        "2019-08": {
            "month": "2019-08",
            "price": "9.91",
            "revenue": 16525
        },
        "2019-09": {
            "month": "2019-09",
            "price": "11.39",
            "revenue": 16613
        },
        "2019-10": {
            "month": "2019-10",
            "price": "11.55",
            "revenue": 34987
        },
        "2019-11": {
            "month": "2019-11",
            "price": "11.66",
            "revenue": 38319
        },
        "2019-12": {
            "month": "2019-12",
            "price": "13.62",
            "revenue": 186532
        },
        "2020-01": {
            "month": "2020-01",
            "price": "16.05",
            "revenue": 34446
        },
        "2020-02": {
            "month": "2020-02",
            "price": "17.15",
            "revenue": 16612
        },
        "2020-03": {
            "month": "2020-03",
            "price": "17.20",
            "revenue": 10066
        },
        "2020-04": {
            "month": "2020-04",
            "price": "19.08",
            "revenue": 22295
        },
        "2020-05": {
            "month": "2020-05",
            "price": "32.35",
            "revenue": 21243
        },
        "2020-06": {
            "month": "2020-06",
            "price": "23.52",
            "revenue": 25875
        },
        "2020-07": {
            "month": "2020-07",
            "price": "24.49",
            "revenue": 18198
        },
        "2020-08": {
            "month": "2020-08",
            "price": "22.27",
            "revenue": 22398
        },
        "2020-09": {
            "month": "2020-09",
            "price": "19.67",
            "revenue": 31277
        },
        "2020-10": {
            "month": "2020-10",
            "price": "18.76",
            "revenue": 18875
        },
        "2020-11": {
            "month": "2020-11",
            "price": "16.54",
            "revenue": 36867
        },
        "2020-12": {
            "month": "2020-12",
            "price": "20.34",
            "revenue": 57927
        },
        "2021-01": {
            "month": "2021-01",
            "price": "19.70",
            "revenue": 21171
        },
        "2021-02": {
            "month": "2021-02",
            "price": "17.73",
            "revenue": 9648
        },
        "2021-03": {
            "month": "2021-03",
            "price": "18.67",
            "revenue": 56325
        },
        "2021-04": {
            "month": "2021-04",
            "price": "19.89",
            "revenue": 22605
        },
        "2021-05": {
            "month": "2021-05",
            "price": "16.43",
            "revenue": 53080
        },
        "2021-06": {
            "month": "2021-06",
            "price": "17.99",
            "revenue": 6358
        },
        "2021-07": {
            "month": "2021-07",
            "price": "16.89",
            "revenue": 12977
        },
        "2021-08": {
            "month": "2021-08",
            "price": "15.63",
            "revenue": 33675
        },
        "2021-09": {
            "month": "2021-09",
            "price": "14.50",
            "revenue": 41259
        },
        "2021-10": {
            "month": "2021-10",
            "price": "14.02",
            "revenue": 10233
        },
        "2021-11": {
            "month": "2021-11",
            "price": "15.83",
            "revenue": 121556
        },
        "2021-12": {
            "month": "2021-12",
            "price": "19.16",
            "revenue": 137387
        },
        "2022-01": {
            "month": "2022-01",
            "price": "19.05",
            "revenue": 31311
        },
        "2022-02": {
            "month": "2022-02",
            "price": "18.15",
            "revenue": 12464
        },
        "2022-03": {
            "month": "2022-03",
            "price": "18.53",
            "revenue": 13880
        },
        "2022-04": {
            "month": "2022-04",
            "price": "17.75",
            "revenue": 67525
        },
        "2022-05": {
            "month": "2022-05",
            "price": "16.34",
            "revenue": 10254
        },
        "2022-06": {
            "month": "2022-06",
            "price": "15.62",
            "revenue": 14313
        },
        "2022-07": {
            "month": "2022-07",
            "price": "13.87",
            "revenue": 13453
        },
        "2022-08": {
            "month": "2022-08",
            "price": "15.79",
            "revenue": 12985
        },
        "2022-09": {
            "month": "2022-09",
            "price": "14.77",
            "revenue": 84348
        },
        "2022-10": {
            "month": "2022-10",
            "price": "13.94",
            "revenue": 84041
        },
        "2022-11": {
            "month": "2022-11",
            "price": "14.90",
            "revenue": 39997
        },
        "2022-12": {
            "month": "2022-12",
            "price": "15.06",
            "revenue": 96965
        },
        "2023-01": {
            "month": "2023-01",
            "price": "14.88",
            "revenue": 8549
        },
        "2023-02": {
            "month": "2023-02",
            "price": "14.45",
            "revenue": 8643
        },
        "2023-03": {
            "month": "2023-03",
            "price": "14.37",
            "revenue": 38025
        },
        "2023-04": {
            "month": "2023-04",
            "price": "15.76",
            "revenue": 12819
        },
        "2023-05": {
            "month": "2023-05",
            "price": "15.80",
            "revenue": 139092
        },
        "2023-06": {
            "month": "2023-06",
            "price": "20.77",
            "revenue": 13538
        },
        "2023-07": {
            "month": "2023-07",
            "price": "18.47",
            "revenue": 38673
        },
        "2023-08": {
            "month": "2023-08",
            "price": "18.96",
            "revenue": 52271
        },
        "2023-09": {
            "month": "2023-09",
            "price": "21.45",
            "revenue": 6035
        },
        "2023-10": {
            "month": "2023-10",
            "price": "19.35",
            "revenue": 161472
        },
        "2023-11": {
            "month": "2023-11",
            "price": "23.40",
            "revenue": 134887
        },
        "2023-12": {
            "month": "2023-12",
            "price": "25.63",
            "revenue": 61600
        }
    }
}
