{
    "summary": {
        "stock_name": "長園科",
        "stock_id": "8038",
        "category": "電子零組件",
        "main_business": "研發及生產鋰二次電池正極材料<br>各類高容量鋰電池模組與應用系統<br>鋰電池及高分子電池製造技術移轉顧問服務業",
        "website_url": "http://www.caec.com.tw",
        "ceo": "張惇杰",
        "pe_ratio": -476,
        "report_year_from": 2002,
        "report_year_to": 2023,
        "age": 21,
        "eps_negative_percentage": 93,
        "eps_growth_avg": {
            "last_all": 0,
            "last_2y": null,
            "last_4y": null,
            "last_8y": null,
            "last_12y": null,
            "last_16y": null,
            "last_20y": null,
            "at_2006_last_3y": null,
            "at_2007_last_3y": null,
            "at_2008_last_3y": null,
            "at_2009_last_3y": null,
            "at_2010_last_3y": null,
            "at_2011_last_3y": null,
            "at_2012_last_3y": null,
            "at_2013_last_3y": null,
            "at_2014_last_3y": null,
            "at_2015_last_3y": null,
            "at_2016_last_3y": null,
            "at_2017_last_3y": null,
            "at_2018_last_3y": null,
            "at_2019_last_3y": null,
            "at_2020_last_3y": null,
            "at_2021_last_3y": null,
            "at_2022_last_3y": null,
            "at_2023_last_3y": null,
            "at_2006_last_all": null,
            "at_2007_last_all": null,
            "at_2008_last_all": null,
            "at_2009_last_all": null,
            "at_2010_last_all": null,
            "at_2011_last_all": null,
            "at_2012_last_all": null,
            "at_2013_last_all": 0,
            "at_2014_last_all": 0,
            "at_2015_last_all": 0,
            "at_2016_last_all": 0,
            "at_2017_last_all": 0,
            "at_2018_last_all": 0,
            "at_2019_last_all": 0,
            "at_2020_last_all": 0,
            "at_2021_last_all": 0,
            "at_2022_last_all": 0,
            "at_2023_last_all": 0
        },
        "latest_eps": -0.12,
        "latest_price": 57.1,
        "latest_roe": -1.8,
        "latest_gross_margin": 31.47,
        "latest_equity": 478566,
        "latest_revenue": 102766,
        "latest_gross_profit": 32336,
        "latest_net_income": 10922,
        "latest_debt_ratio": 58.89,
        "latest_current_ratio": 215.37,
        "latest_account_receivable_turnover_ratio": 0.7,
        "latest_inventory_turnover_ratio": 0.76,
        "latest_reinvestment_rate": null,
        "latest_research_to_sale_ratio": 5.66
    },
    "eps_dividends": {
        "2001": {
            "cash": 0,
            "stock": 0,
            "eps": 0
        },
        "2002": {
            "cash": 0,
            "stock": 0,
            "eps": 0
        },
        "2003": {
            "cash": 0,
            "stock": 0,
            "eps": 0
        },
        "2004": {
            "cash": 0,
            "stock": 0,
            "eps": 0
        },
        "2005": {
            "cash": 0,
            "stock": 0,
            "eps": 0
        },
        "2006": {
            "cash": 0,
            "stock": 0,
            "eps": 0
        },
        "2007": {
            "cash": 0,
            "stock": 0,
            "eps": 0
        },
        "2008": {
            "cash": 0,
            "stock": 0,
            "eps": 0
        },
        "2009": {
            "cash": 0,
            "stock": 0,
            "eps": 0
        },
        "2010": {
            "cash": 0,
            "stock": 0,
            "eps": 0.05
        },
        "2011": {
            "cash": 0,
            "stock": 0,
            "eps": 0.4
        },
        "2012": {
            "cash": 0,
            "stock": 0,
            "eps": 0
        },
        "2013": {
            "cash": 0,
            "stock": 0,
            "eps": -1.39
        },
        "2014": {
            "cash": 0,
            "stock": 0,
            "eps": -2.48
        },
        "2015": {
            "cash": 0,
            "stock": 0,
            "eps": -1.47
        },
        "2016": {
            "cash": 0,
            "stock": 0,
            "eps": -0.97
        },
        "2017": {
            "cash": 0,
            "stock": 0,
            "eps": -3.03
        },
        "2018": {
            "cash": 0,
            "stock": 0,
            "eps": -2.73
        },
        "2019": {
            "cash": 0,
            "stock": 0,
            "eps": -0.49
        },
        "2020": {
            "cash": 0,
            "stock": 0,
            "eps": -1
        },
        "2021": {
            "cash": 0,
            "stock": 0,
            "eps": -2.05
        },
        "2022": {
            "cash": 0,
            "stock": 0,
            "eps": -0.41
        },
        "2023": {
            "cash": 0,
            "stock": 0,
            "eps": 0.16
        }
    },
    "dividends": [],
    "prices": {
        "200101": "無",
        "200102": "無",
        "200103": "無",
        "200104": "無",
        "200105": "無",
        "200106": "無",
        "200107": "無",
        "200108": "無",
        "200109": "無",
        "200110": "無",
        "200111": "無",
        "200112": "無",
        "200201": "無",
        "200202": "無",
        "200203": "無",
        "200204": "無",
        "200205": "無",
        "200206": "無",
        "200207": "無",
        "200208": "無",
        "200209": "無",
        "200210": "無",
        "200211": "無",
        "200212": "無",
        "200301": "無",
        "200302": "無",
        "200303": "無",
        "200304": "無",
        "200305": "無",
        "200306": "無",
        "200307": "無",
        "200308": "無",
        "200309": "無",
        "200310": "無",
        "200311": "無",
        "200312": "無",
        "200401": "21.20",
        "200402": "無",
        "200403": "無",
        "200404": "24.52",
        "200405": "28.00",
        "200406": "無",
        "200407": "28.00",
        "200408": "26.04",
        "200409": "24.20",
        "200410": "無",
        "200411": "無",
        "200412": "21.40",
        "200501": "無",
        "200502": "19.87",
        "200503": "16.24",
        "200504": "11.60",
        "200505": "無",
        "200506": "11.90",
        "200507": "11.45",
        "200508": "10.35",
        "200509": "10.05",
        "200510": "無",
        "200511": "10.10",
        "200512": "10.00",
        "200601": "8.44",
        "200602": "7.48",
        "200603": "7.25",
        "200604": "9.27",
        "200605": "23.30",
        "200606": "19.19",
        "200607": "18.24",
        "200608": "19.29",
        "200609": "25.70",
        "200610": "25.72",
        "200611": "27.08",
        "200612": "29.57",
        "200701": "29.70",
        "200702": "30.53",
        "200703": "42.80",
        "200704": "51.80",
        "200705": "49.64",
        "200706": "50.76",
        "200707": "49.64",
        "200708": "59.19",
        "200709": "54.28",
        "200710": "50.83",
        "200711": "44.62",
        "200712": "46.19",
        "200801": "39.51",
        "200802": "43.30",
        "200803": "43.58",
        "200804": "47.81",
        "200805": "52.98",
        "200806": "45.09",
        "200807": "41.53",
        "200808": "42.78",
        "200809": "38.73",
        "200810": "32.02",
        "200811": "26.47",
        "200812": "23.23",
        "200901": "30.07",
        "200902": "38.18",
        "200903": "41.72",
        "200904": "60.36",
        "200905": "85.47",
        "200906": "91.86",
        "200907": "99.61",
        "200908": "110.06",
        "200909": "195.20",
        "200910": "198.64",
        "200911": "194.63",
        "200912": "201.24",
        "201001": "154.00",
        "201002": "115.71",
        "201003": "128.59",
        "201004": "145.27",
        "201005": "139.62",
        "201006": "128.77",
        "201007": "114.04",
        "201008": "123.97",
        "201009": "141.05",
        "201010": "129.03",
        "201011": "121.79",
        "201012": "137.61",
        "201101": "154.66",
        "201102": "182.56",
        "201103": "179.80",
        "201104": "181.08",
        "201105": "167.72",
        "201106": "133.84",
        "201107": "119.42",
        "201108": "109.55",
        "201109": "86.02",
        "201110": "82.49",
        "201111": "93.27",
        "201112": "84.92",
        "201201": "79.14",
        "201202": "86.93",
        "201203": "90.31",
        "201204": "91.16",
        "201205": "83.14",
        "201206": "88.24",
        "201207": "87.16",
        "201208": "85.95",
        "201209": "84.37",
        "201210": "77.12",
        "201211": "59.13",
        "201212": "65.04",
        "201301": "55.26",
        "201302": "46.59",
        "201303": "49.35",
        "201304": "50.87",
        "201305": "58.48",
        "201306": "59.19",
        "201307": "57.99",
        "201308": "71.78",
        "201309": "79.80",
        "201310": "82.41",
        "201311": "65.50",
        "201312": "94.29",
        "201401": "87.51",
        "201402": "88.79",
        "201403": "88.19",
        "201404": "75.46",
        "201405": "70.58",
        "201406": "67.18",
        "201407": "69.99",
        "201408": "63.39",
        "201409": "61.35",
        "201410": "53.53",
        "201411": "41.74",
        "201412": "41.15",
        "201501": "41.57",
        "201502": "41.10",
        "201503": "40.23",
        "201504": "35.18",
        "201505": "32.57",
        "201506": "37.34",
        "201507": "36.18",
        "201508": "27.59",
        "201509": "28.40",
        "201510": "32.46",
        "201511": "39.33",
        "201512": "42.16",
        "201601": "50.44",
        "201602": "53.75",
        "201603": "70.88",
        "201604": "75.04",
        "201605": "71.34",
        "201606": "72.61",
        "201607": "65.22",
        "201608": "62.60",
        "201609": "60.95",
        "201610": "50.90",
        "201611": "42.65",
        "201612": "51.78",
        "201701": "51.28",
        "201702": "48.33",
        "201703": "45.81",
        "201704": "41.72",
        "201705": "40.35",
        "201706": "42.52",
        "201707": "41.47",
        "201708": "49.35",
        "201709": "50.92",
        "201710": "50.77",
        "201711": "43.61",
        "201712": "41.75",
        "201801": "42.77",
        "201802": "40.20",
        "201803": "39.90",
        "201804": "37.47",
        "201805": "38.38",
        "201806": "39.28",
        "201807": "38.99",
        "201808": "41.79",
        "201809": "39.21",
        "201810": "36.42",
        "201811": "39.75",
        "201812": "58.64",
        "201901": "65.79",
        "201902": "64.86",
        "201903": "62.54",
        "201904": "64.22",
        "201905": "53.95",
        "201906": "52.37",
        "201907": "53.25",
        "201908": "50.01",
        "201909": "45.08",
        "201910": "43.59",
        "201911": "43.94",
        "201912": "42.07",
        "202001": "40.62",
        "202002": "37.61",
        "202003": "31.17",
        "202004": "30.00",
        "202005": "32.49",
        "202006": "31.68",
        "202007": "30.47",
        "202008": "29.66",
        "202009": "29.67",
        "202010": "28.71",
        "202011": "38.93",
        "202012": "39.19",
        "202101": "36.58",
        "202102": "33.71",
        "202103": "33.14",
        "202104": "37.23",
        "202105": "30.81",
        "202106": "36.76",
        "202107": "37.29",
        "202108": "35.55",
        "202109": "34.10",
        "202110": "33.28",
        "202111": "37.09",
        "202112": "38.54",
        "202201": "44.44",
        "202202": "41.23",
        "202203": "39.19",
        "202204": "40.58",
        "202205": "37.36",
        "202206": "39.05",
        "202207": "38.74",
        "202208": "38.75",
        "202209": "35.10",
        "202210": "33.42",
        "202211": "38.54",
        "202212": "39.38",
        "202301": "41.42",
        "202302": "44.75",
        "202303": "42.05",
        "202304": "47.98",
        "202305": "55.63"
    },
    "quarters": {
        "20011": {
            "year_quarter": 20011,
            "year": 2001,
            "quarter": 1,
            "eps": null,
            "eps_growth_year": null,
            "eps_4q": null,
            "eps_4q_growth_year": null,
            "roe": null,
            "gross_profit": null,
            "gross_margin": null,
            "net_income": null,
            "revenue": null,
            "common_shares": null,
            "equity": null,
            "current_ratio": null,
            "debt_ratio": null,
            "inventory_turnover_ratio": null,
            "account_receivable_turnover_ratio": null,
            "reinvestment_rate": null,
            "research_to_sale_ratio": null,
            "price_fair": 0,
            "eps_avg_yearly": 0,
            "eps_latest_yearly": 0,
            "eps_growth_yearly": 0
        },
        "20012": {
            "year_quarter": 20012,
            "year": 2001,
            "quarter": 2,
            "eps": null,
            "eps_growth_year": null,
            "eps_4q": null,
            "eps_4q_growth_year": null,
            "roe": null,
            "gross_profit": null,
            "gross_margin": null,
            "net_income": null,
            "revenue": null,
            "common_shares": null,
            "equity": null,
            "current_ratio": null,
            "debt_ratio": null,
            "inventory_turnover_ratio": null,
            "account_receivable_turnover_ratio": null,
            "reinvestment_rate": null,
            "research_to_sale_ratio": null,
            "price_fair": 0,
            "eps_avg_yearly": 0,
            "eps_latest_yearly": 0,
            "eps_growth_yearly": 0
        },
        "20013": {
            "year_quarter": 20013,
            "year": 2001,
            "quarter": 3,
            "eps": null,
            "eps_growth_year": null,
            "eps_4q": null,
            "eps_4q_growth_year": null,
            "roe": null,
            "gross_profit": null,
            "gross_margin": null,
            "net_income": null,
            "revenue": null,
            "common_shares": null,
            "equity": null,
            "current_ratio": null,
            "debt_ratio": null,
            "inventory_turnover_ratio": null,
            "account_receivable_turnover_ratio": null,
            "reinvestment_rate": null,
            "research_to_sale_ratio": null,
            "price_fair": 0,
            "eps_avg_yearly": 0,
            "eps_latest_yearly": 0,
            "eps_growth_yearly": 0
        },
        "20014": {
            "year_quarter": 20014,
            "year": 2001,
            "quarter": 4,
            "eps": null,
            "eps_growth_year": null,
            "eps_4q": null,
            "eps_4q_growth_year": null,
            "roe": null,
            "gross_profit": null,
            "gross_margin": null,
            "net_income": null,
            "revenue": null,
            "common_shares": 100000,
            "equity": 59112,
            "current_ratio": 94.7,
            "debt_ratio": 46.7,
            "inventory_turnover_ratio": null,
            "account_receivable_turnover_ratio": null,
            "reinvestment_rate": null,
            "research_to_sale_ratio": null,
            "price_fair": 0,
            "eps_avg_yearly": 0,
            "eps_latest_yearly": 0,
            "eps_growth_yearly": 0
        },
        "20021": {
            "year_quarter": 20021,
            "year": 2002,
            "quarter": 1,
            "eps": null,
            "eps_growth_year": null,
            "eps_4q": null,
            "eps_4q_growth_year": null,
            "roe": null,
            "gross_profit": null,
            "gross_margin": null,
            "net_income": null,
            "revenue": null,
            "common_shares": null,
            "equity": null,
            "current_ratio": null,
            "debt_ratio": null,
            "inventory_turnover_ratio": null,
            "account_receivable_turnover_ratio": null,
            "reinvestment_rate": null,
            "research_to_sale_ratio": null,
            "price_fair": 0,
            "eps_avg_yearly": 0,
            "eps_latest_yearly": 0,
            "eps_growth_yearly": 0
        },
        "20022": {
            "year_quarter": 20022,
            "year": 2002,
            "quarter": 2,
            "eps": null,
            "eps_growth_year": null,
            "eps_4q": null,
            "eps_4q_growth_year": null,
            "roe": null,
            "gross_profit": null,
            "gross_margin": null,
            "net_income": null,
            "revenue": null,
            "common_shares": null,
            "equity": null,
            "current_ratio": null,
            "debt_ratio": null,
            "inventory_turnover_ratio": null,
            "account_receivable_turnover_ratio": null,
            "reinvestment_rate": null,
            "research_to_sale_ratio": null,
            "price_fair": 0,
            "eps_avg_yearly": 0,
            "eps_latest_yearly": 0,
            "eps_growth_yearly": 0
        },
        "20023": {
            "year_quarter": 20023,
            "year": 2002,
            "quarter": 3,
            "eps": null,
            "eps_growth_year": null,
            "eps_4q": null,
            "eps_4q_growth_year": null,
            "roe": null,
            "gross_profit": null,
            "gross_margin": null,
            "net_income": null,
            "revenue": null,
            "common_shares": null,
            "equity": null,
            "current_ratio": null,
            "debt_ratio": null,
            "inventory_turnover_ratio": null,
            "account_receivable_turnover_ratio": null,
            "reinvestment_rate": null,
            "research_to_sale_ratio": null,
            "price_fair": 0,
            "eps_avg_yearly": 0,
            "eps_latest_yearly": 0,
            "eps_growth_yearly": 0
        },
        "20024": {
            "year_quarter": 20024,
            "year": 2002,
            "quarter": 4,
            "eps": null,
            "eps_growth_year": null,
            "eps_4q": null,
            "eps_4q_growth_year": null,
            "roe": null,
            "gross_profit": null,
            "gross_margin": null,
            "net_income": null,
            "revenue": null,
            "common_shares": 100000,
            "equity": 41174,
            "current_ratio": 45.25,
            "debt_ratio": 63.87,
            "inventory_turnover_ratio": null,
            "account_receivable_turnover_ratio": null,
            "reinvestment_rate": null,
            "research_to_sale_ratio": null,
            "price_fair": 0,
            "eps_avg_yearly": 0,
            "eps_latest_yearly": 0,
            "eps_growth_yearly": 0
        },
        "20031": {
            "year_quarter": 20031,
            "year": 2003,
            "quarter": 1,
            "eps": null,
            "eps_growth_year": null,
            "eps_4q": null,
            "eps_4q_growth_year": null,
            "roe": null,
            "gross_profit": null,
            "gross_margin": null,
            "net_income": null,
            "revenue": null,
            "common_shares": null,
            "equity": null,
            "current_ratio": null,
            "debt_ratio": null,
            "inventory_turnover_ratio": null,
            "account_receivable_turnover_ratio": null,
            "reinvestment_rate": null,
            "research_to_sale_ratio": null,
            "price_fair": 0,
            "eps_avg_yearly": 0,
            "eps_latest_yearly": 0,
            "eps_growth_yearly": 0
        },
        "20032": {
            "year_quarter": 20032,
            "year": 2003,
            "quarter": 2,
            "eps": null,
            "eps_growth_year": null,
            "eps_4q": null,
            "eps_4q_growth_year": null,
            "roe": null,
            "gross_profit": null,
            "gross_margin": null,
            "net_income": null,
            "revenue": null,
            "common_shares": null,
            "equity": null,
            "current_ratio": null,
            "debt_ratio": null,
            "inventory_turnover_ratio": null,
            "account_receivable_turnover_ratio": null,
            "reinvestment_rate": null,
            "research_to_sale_ratio": null,
            "price_fair": 0,
            "eps_avg_yearly": 0,
            "eps_latest_yearly": 0,
            "eps_growth_yearly": 0
        },
        "20033": {
            "year_quarter": 20033,
            "year": 2003,
            "quarter": 3,
            "eps": null,
            "eps_growth_year": null,
            "eps_4q": null,
            "eps_4q_growth_year": null,
            "roe": null,
            "gross_profit": null,
            "gross_margin": null,
            "net_income": null,
            "revenue": null,
            "common_shares": null,
            "equity": null,
            "current_ratio": null,
            "debt_ratio": null,
            "inventory_turnover_ratio": null,
            "account_receivable_turnover_ratio": null,
            "reinvestment_rate": null,
            "research_to_sale_ratio": null,
            "price_fair": 0,
            "eps_avg_yearly": 0,
            "eps_latest_yearly": 0,
            "eps_growth_yearly": 0
        },
        "20034": {
            "year_quarter": 20034,
            "year": 2003,
            "quarter": 4,
            "eps": null,
            "eps_growth_year": null,
            "eps_4q": null,
            "eps_4q_growth_year": null,
            "roe": null,
            "gross_profit": null,
            "gross_margin": null,
            "net_income": null,
            "revenue": null,
            "common_shares": 150000,
            "equity": 67149,
            "current_ratio": 103.72,
            "debt_ratio": 60.9,
            "inventory_turnover_ratio": null,
            "account_receivable_turnover_ratio": null,
            "reinvestment_rate": null,
            "research_to_sale_ratio": null,
            "price_fair": 0,
            "eps_avg_yearly": 0,
            "eps_latest_yearly": 0,
            "eps_growth_yearly": 0
        },
        "20041": {
            "year_quarter": 20041,
            "year": 2004,
            "quarter": 1,
            "eps": null,
            "eps_growth_year": null,
            "eps_4q": null,
            "eps_4q_growth_year": null,
            "roe": null,
            "gross_profit": null,
            "gross_margin": null,
            "net_income": null,
            "revenue": null,
            "common_shares": null,
            "equity": null,
            "current_ratio": null,
            "debt_ratio": null,
            "inventory_turnover_ratio": null,
            "account_receivable_turnover_ratio": null,
            "reinvestment_rate": null,
            "research_to_sale_ratio": null,
            "price_fair": 0,
            "eps_avg_yearly": 0,
            "eps_latest_yearly": 0,
            "eps_growth_yearly": 0
        },
        "20042": {
            "year_quarter": 20042,
            "year": 2004,
            "quarter": 2,
            "eps": null,
            "eps_growth_year": null,
            "eps_4q": null,
            "eps_4q_growth_year": null,
            "roe": null,
            "gross_profit": null,
            "gross_margin": null,
            "net_income": null,
            "revenue": null,
            "common_shares": null,
            "equity": null,
            "current_ratio": null,
            "debt_ratio": null,
            "inventory_turnover_ratio": null,
            "account_receivable_turnover_ratio": null,
            "reinvestment_rate": null,
            "research_to_sale_ratio": null,
            "price_fair": 0,
            "eps_avg_yearly": 0,
            "eps_latest_yearly": 0,
            "eps_growth_yearly": 0
        },
        "20043": {
            "year_quarter": 20043,
            "year": 2004,
            "quarter": 3,
            "eps": null,
            "eps_growth_year": null,
            "eps_4q": null,
            "eps_4q_growth_year": null,
            "roe": null,
            "gross_profit": null,
            "gross_margin": null,
            "net_income": null,
            "revenue": null,
            "common_shares": null,
            "equity": null,
            "current_ratio": null,
            "debt_ratio": null,
            "inventory_turnover_ratio": null,
            "account_receivable_turnover_ratio": null,
            "reinvestment_rate": null,
            "research_to_sale_ratio": null,
            "price_fair": 0,
            "eps_avg_yearly": 0,
            "eps_latest_yearly": 0,
            "eps_growth_yearly": 0
        },
        "20044": {
            "year_quarter": 20044,
            "year": 2004,
            "quarter": 4,
            "eps": null,
            "eps_growth_year": null,
            "eps_4q": null,
            "eps_4q_growth_year": null,
            "roe": null,
            "gross_profit": null,
            "gross_margin": null,
            "net_income": null,
            "revenue": null,
            "common_shares": 200000,
            "equity": 120037,
            "current_ratio": 189.84,
            "debt_ratio": 43.62,
            "inventory_turnover_ratio": null,
            "account_receivable_turnover_ratio": null,
            "reinvestment_rate": null,
            "research_to_sale_ratio": null,
            "price_fair": 0,
            "eps_avg_yearly": 0,
            "eps_latest_yearly": 0,
            "eps_growth_yearly": 0
        },
        "20051": {
            "year_quarter": 20051,
            "year": 2005,
            "quarter": 1,
            "eps": null,
            "eps_growth_year": null,
            "eps_4q": null,
            "eps_4q_growth_year": null,
            "roe": null,
            "gross_profit": null,
            "gross_margin": null,
            "net_income": null,
            "revenue": null,
            "common_shares": null,
            "equity": null,
            "current_ratio": null,
            "debt_ratio": null,
            "inventory_turnover_ratio": null,
            "account_receivable_turnover_ratio": null,
            "reinvestment_rate": null,
            "research_to_sale_ratio": null,
            "price_fair": 0,
            "eps_avg_yearly": 0,
            "eps_latest_yearly": 0,
            "eps_growth_yearly": 0
        },
        "20052": {
            "year_quarter": 20052,
            "year": 2005,
            "quarter": 2,
            "eps": null,
            "eps_growth_year": null,
            "eps_4q": null,
            "eps_4q_growth_year": null,
            "roe": null,
            "gross_profit": null,
            "gross_margin": null,
            "net_income": null,
            "revenue": null,
            "common_shares": null,
            "equity": null,
            "current_ratio": null,
            "debt_ratio": null,
            "inventory_turnover_ratio": null,
            "account_receivable_turnover_ratio": null,
            "reinvestment_rate": null,
            "research_to_sale_ratio": null,
            "price_fair": 0,
            "eps_avg_yearly": 0,
            "eps_latest_yearly": 0,
            "eps_growth_yearly": 0
        },
        "20053": {
            "year_quarter": 20053,
            "year": 2005,
            "quarter": 3,
            "eps": null,
            "eps_growth_year": null,
            "eps_4q": null,
            "eps_4q_growth_year": null,
            "roe": null,
            "gross_profit": null,
            "gross_margin": null,
            "net_income": null,
            "revenue": null,
            "common_shares": null,
            "equity": null,
            "current_ratio": null,
            "debt_ratio": null,
            "inventory_turnover_ratio": null,
            "account_receivable_turnover_ratio": null,
            "reinvestment_rate": null,
            "research_to_sale_ratio": null,
            "price_fair": 0,
            "eps_avg_yearly": 0,
            "eps_latest_yearly": 0,
            "eps_growth_yearly": 0
        },
        "20054": {
            "year_quarter": 20054,
            "year": 2005,
            "quarter": 4,
            "eps": null,
            "eps_growth_year": null,
            "eps_4q": null,
            "eps_4q_growth_year": null,
            "roe": null,
            "gross_profit": null,
            "gross_margin": null,
            "net_income": null,
            "revenue": null,
            "common_shares": 250000,
            "equity": 114055,
            "current_ratio": 304.46,
            "debt_ratio": 37.01,
            "inventory_turnover_ratio": null,
            "account_receivable_turnover_ratio": null,
            "reinvestment_rate": null,
            "research_to_sale_ratio": null,
            "price_fair": 0,
            "eps_avg_yearly": 0,
            "eps_latest_yearly": 0,
            "eps_growth_yearly": 0
        },
        "20061": {
            "year_quarter": 20061,
            "year": 2006,
            "quarter": 1,
            "eps": null,
            "eps_growth_year": null,
            "eps_4q": null,
            "eps_4q_growth_year": null,
            "roe": null,
            "gross_profit": null,
            "gross_margin": null,
            "net_income": null,
            "revenue": null,
            "common_shares": null,
            "equity": null,
            "current_ratio": null,
            "debt_ratio": null,
            "inventory_turnover_ratio": null,
            "account_receivable_turnover_ratio": null,
            "reinvestment_rate": null,
            "research_to_sale_ratio": null,
            "price_fair": 0,
            "eps_avg_yearly": 0,
            "eps_latest_yearly": 0,
            "eps_growth_yearly": 0
        },
        "20062": {
            "year_quarter": 20062,
            "year": 2006,
            "quarter": 2,
            "eps": null,
            "eps_growth_year": null,
            "eps_4q": null,
            "eps_4q_growth_year": null,
            "roe": null,
            "gross_profit": null,
            "gross_margin": null,
            "net_income": null,
            "revenue": null,
            "common_shares": null,
            "equity": null,
            "current_ratio": null,
            "debt_ratio": null,
            "inventory_turnover_ratio": null,
            "account_receivable_turnover_ratio": null,
            "reinvestment_rate": null,
            "research_to_sale_ratio": null,
            "price_fair": 0,
            "eps_avg_yearly": 0,
            "eps_latest_yearly": 0,
            "eps_growth_yearly": 0
        },
        "20063": {
            "year_quarter": 20063,
            "year": 2006,
            "quarter": 3,
            "eps": null,
            "eps_growth_year": null,
            "eps_4q": null,
            "eps_4q_growth_year": null,
            "roe": null,
            "gross_profit": null,
            "gross_margin": null,
            "net_income": null,
            "revenue": null,
            "common_shares": null,
            "equity": null,
            "current_ratio": null,
            "debt_ratio": null,
            "inventory_turnover_ratio": null,
            "account_receivable_turnover_ratio": null,
            "reinvestment_rate": null,
            "research_to_sale_ratio": null,
            "price_fair": 0,
            "eps_avg_yearly": 0,
            "eps_latest_yearly": 0,
            "eps_growth_yearly": 0
        },
        "20064": {
            "year_quarter": 20064,
            "year": 2006,
            "quarter": 4,
            "eps": null,
            "eps_growth_year": null,
            "eps_4q": null,
            "eps_4q_growth_year": null,
            "roe": null,
            "gross_profit": null,
            "gross_margin": null,
            "net_income": null,
            "revenue": null,
            "common_shares": 295000,
            "equity": 125566,
            "current_ratio": 299.04,
            "debt_ratio": 35.95,
            "inventory_turnover_ratio": null,
            "account_receivable_turnover_ratio": null,
            "reinvestment_rate": null,
            "research_to_sale_ratio": null,
            "price_fair": 0,
            "eps_avg_yearly": 0,
            "eps_latest_yearly": 0,
            "eps_growth_yearly": 0
        },
        "20071": {
            "year_quarter": 20071,
            "year": 2007,
            "quarter": 1,
            "eps": null,
            "eps_growth_year": null,
            "eps_4q": null,
            "eps_4q_growth_year": null,
            "roe": null,
            "gross_profit": null,
            "gross_margin": null,
            "net_income": null,
            "revenue": null,
            "common_shares": null,
            "equity": null,
            "current_ratio": null,
            "debt_ratio": null,
            "inventory_turnover_ratio": null,
            "account_receivable_turnover_ratio": null,
            "reinvestment_rate": null,
            "research_to_sale_ratio": null,
            "price_fair": 0,
            "eps_avg_yearly": 0,
            "eps_latest_yearly": 0,
            "eps_growth_yearly": 0
        },
        "20072": {
            "year_quarter": 20072,
            "year": 2007,
            "quarter": 2,
            "eps": null,
            "eps_growth_year": null,
            "eps_4q": null,
            "eps_4q_growth_year": null,
            "roe": null,
            "gross_profit": null,
            "gross_margin": null,
            "net_income": null,
            "revenue": null,
            "common_shares": null,
            "equity": null,
            "current_ratio": null,
            "debt_ratio": null,
            "inventory_turnover_ratio": null,
            "account_receivable_turnover_ratio": null,
            "reinvestment_rate": null,
            "research_to_sale_ratio": null,
            "price_fair": 0,
            "eps_avg_yearly": 0,
            "eps_latest_yearly": 0,
            "eps_growth_yearly": 0
        },
        "20073": {
            "year_quarter": 20073,
            "year": 2007,
            "quarter": 3,
            "eps": null,
            "eps_growth_year": null,
            "eps_4q": null,
            "eps_4q_growth_year": null,
            "roe": null,
            "gross_profit": null,
            "gross_margin": null,
            "net_income": null,
            "revenue": null,
            "common_shares": null,
            "equity": null,
            "current_ratio": null,
            "debt_ratio": null,
            "inventory_turnover_ratio": null,
            "account_receivable_turnover_ratio": null,
            "reinvestment_rate": null,
            "research_to_sale_ratio": null,
            "price_fair": 0,
            "eps_avg_yearly": 0,
            "eps_latest_yearly": 0,
            "eps_growth_yearly": 0
        },
        "20074": {
            "year_quarter": 20074,
            "year": 2007,
            "quarter": 4,
            "eps": null,
            "eps_growth_year": null,
            "eps_4q": null,
            "eps_4q_growth_year": null,
            "roe": null,
            "gross_profit": null,
            "gross_margin": null,
            "net_income": null,
            "revenue": null,
            "common_shares": 325000,
            "equity": 393466,
            "current_ratio": 269.38,
            "debt_ratio": 29.37,
            "inventory_turnover_ratio": null,
            "account_receivable_turnover_ratio": null,
            "reinvestment_rate": null,
            "research_to_sale_ratio": null,
            "price_fair": 0,
            "eps_avg_yearly": 0,
            "eps_latest_yearly": 0,
            "eps_growth_yearly": 0
        },
        "20081": {
            "year_quarter": 20081,
            "year": 2008,
            "quarter": 1,
            "eps": null,
            "eps_growth_year": null,
            "eps_4q": null,
            "eps_4q_growth_year": null,
            "roe": null,
            "gross_profit": null,
            "gross_margin": null,
            "net_income": null,
            "revenue": null,
            "common_shares": null,
            "equity": null,
            "current_ratio": null,
            "debt_ratio": null,
            "inventory_turnover_ratio": null,
            "account_receivable_turnover_ratio": null,
            "reinvestment_rate": null,
            "research_to_sale_ratio": null,
            "price_fair": 0,
            "eps_avg_yearly": 0,
            "eps_latest_yearly": 0,
            "eps_growth_yearly": 0
        },
        "20082": {
            "year_quarter": 20082,
            "year": 2008,
            "quarter": 2,
            "eps": null,
            "eps_growth_year": null,
            "eps_4q": null,
            "eps_4q_growth_year": null,
            "roe": null,
            "gross_profit": null,
            "gross_margin": null,
            "net_income": null,
            "revenue": null,
            "common_shares": null,
            "equity": null,
            "current_ratio": null,
            "debt_ratio": null,
            "inventory_turnover_ratio": null,
            "account_receivable_turnover_ratio": null,
            "reinvestment_rate": null,
            "research_to_sale_ratio": null,
            "price_fair": 0,
            "eps_avg_yearly": 0,
            "eps_latest_yearly": 0,
            "eps_growth_yearly": 0
        },
        "20083": {
            "year_quarter": 20083,
            "year": 2008,
            "quarter": 3,
            "eps": null,
            "eps_growth_year": null,
            "eps_4q": null,
            "eps_4q_growth_year": null,
            "roe": null,
            "gross_profit": null,
            "gross_margin": null,
            "net_income": null,
            "revenue": null,
            "common_shares": null,
            "equity": null,
            "current_ratio": null,
            "debt_ratio": null,
            "inventory_turnover_ratio": null,
            "account_receivable_turnover_ratio": null,
            "reinvestment_rate": null,
            "research_to_sale_ratio": null,
            "price_fair": 0,
            "eps_avg_yearly": 0,
            "eps_latest_yearly": 0,
            "eps_growth_yearly": 0
        },
        "20084": {
            "year_quarter": 20084,
            "year": 2008,
            "quarter": 4,
            "eps": null,
            "eps_growth_year": null,
            "eps_4q": null,
            "eps_4q_growth_year": null,
            "roe": null,
            "gross_profit": null,
            "gross_margin": null,
            "net_income": null,
            "revenue": null,
            "common_shares": 430000,
            "equity": 540228,
            "current_ratio": 380.55,
            "debt_ratio": 21.59,
            "inventory_turnover_ratio": null,
            "account_receivable_turnover_ratio": null,
            "reinvestment_rate": null,
            "research_to_sale_ratio": null,
            "price_fair": 0,
            "eps_avg_yearly": 0,
            "eps_latest_yearly": 0,
            "eps_growth_yearly": 0
        },
        "20091": {
            "year_quarter": 20091,
            "year": 2009,
            "quarter": 1,
            "eps": null,
            "eps_growth_year": null,
            "eps_4q": null,
            "eps_4q_growth_year": null,
            "roe": null,
            "gross_profit": null,
            "gross_margin": null,
            "net_income": null,
            "revenue": null,
            "common_shares": null,
            "equity": null,
            "current_ratio": null,
            "debt_ratio": null,
            "inventory_turnover_ratio": null,
            "account_receivable_turnover_ratio": null,
            "reinvestment_rate": null,
            "research_to_sale_ratio": null,
            "price_fair": 0,
            "eps_avg_yearly": 0,
            "eps_latest_yearly": 0,
            "eps_growth_yearly": 0
        },
        "20092": {
            "year_quarter": 20092,
            "year": 2009,
            "quarter": 2,
            "eps": null,
            "eps_growth_year": null,
            "eps_4q": null,
            "eps_4q_growth_year": null,
            "roe": null,
            "gross_profit": null,
            "gross_margin": null,
            "net_income": null,
            "revenue": null,
            "common_shares": 433550,
            "equity": 520784,
            "current_ratio": null,
            "debt_ratio": null,
            "inventory_turnover_ratio": null,
            "account_receivable_turnover_ratio": null,
            "reinvestment_rate": null,
            "research_to_sale_ratio": null,
            "price_fair": 0,
            "eps_avg_yearly": 0,
            "eps_latest_yearly": 0,
            "eps_growth_yearly": 0
        },
        "20093": {
            "year_quarter": 20093,
            "year": 2009,
            "quarter": 3,
            "eps": null,
            "eps_growth_year": null,
            "eps_4q": null,
            "eps_4q_growth_year": null,
            "roe": null,
            "gross_profit": null,
            "gross_margin": null,
            "net_income": null,
            "revenue": null,
            "common_shares": null,
            "equity": null,
            "current_ratio": null,
            "debt_ratio": null,
            "inventory_turnover_ratio": null,
            "account_receivable_turnover_ratio": null,
            "reinvestment_rate": null,
            "research_to_sale_ratio": null,
            "price_fair": 0,
            "eps_avg_yearly": 0,
            "eps_latest_yearly": 0,
            "eps_growth_yearly": 0
        },
        "20094": {
            "year_quarter": 20094,
            "year": 2009,
            "quarter": 4,
            "eps": null,
            "eps_growth_year": null,
            "eps_4q": null,
            "eps_4q_growth_year": null,
            "roe": null,
            "gross_profit": null,
            "gross_margin": null,
            "net_income": null,
            "revenue": null,
            "common_shares": 462560,
            "equity": 519185,
            "current_ratio": 859.52,
            "debt_ratio": 28.45,
            "inventory_turnover_ratio": null,
            "account_receivable_turnover_ratio": null,
            "reinvestment_rate": null,
            "research_to_sale_ratio": null,
            "price_fair": 0,
            "eps_avg_yearly": 0,
            "eps_latest_yearly": 0,
            "eps_growth_yearly": 0
        },
        "20101": {
            "year_quarter": 20101,
            "year": 2010,
            "quarter": 1,
            "eps": null,
            "eps_growth_year": null,
            "eps_4q": null,
            "eps_4q_growth_year": null,
            "roe": null,
            "gross_profit": 28278,
            "gross_margin": null,
            "net_income": 2826,
            "revenue": 52524,
            "common_shares": 462560,
            "equity": 523010,
            "current_ratio": 795.43,
            "debt_ratio": 28.45,
            "inventory_turnover_ratio": null,
            "account_receivable_turnover_ratio": null,
            "reinvestment_rate": null,
            "research_to_sale_ratio": null,
            "price_fair": 0,
            "eps_avg_yearly": 0,
            "eps_latest_yearly": 0,
            "eps_growth_yearly": 0
        },
        "20102": {
            "year_quarter": 20102,
            "year": 2010,
            "quarter": 2,
            "eps": 0.05,
            "eps_growth_year": null,
            "eps_4q": null,
            "eps_4q_growth_year": null,
            "roe": 0.49,
            "gross_profit": 23859,
            "gross_margin": 45.3,
            "net_income": 2546,
            "revenue": 52673,
            "common_shares": 463560,
            "equity": 525557,
            "current_ratio": 555.69,
            "debt_ratio": 29.67,
            "inventory_turnover_ratio": 0.26,
            "account_receivable_turnover_ratio": 2.5,
            "reinvestment_rate": null,
            "research_to_sale_ratio": null,
            "price_fair": 0,
            "eps_avg_yearly": 0,
            "eps_latest_yearly": 0,
            "eps_growth_yearly": 0
        },
        "20103": {
            "year_quarter": 20103,
            "year": 2010,
            "quarter": 3,
            "eps": null,
            "eps_growth_year": null,
            "eps_4q": null,
            "eps_4q_growth_year": null,
            "roe": null,
            "gross_profit": null,
            "gross_margin": null,
            "net_income": null,
            "revenue": null,
            "common_shares": null,
            "equity": null,
            "current_ratio": null,
            "debt_ratio": null,
            "inventory_turnover_ratio": null,
            "account_receivable_turnover_ratio": null,
            "reinvestment_rate": null,
            "research_to_sale_ratio": null,
            "price_fair": 0,
            "eps_avg_yearly": 0,
            "eps_latest_yearly": 0,
            "eps_growth_yearly": 0
        },
        "20104": {
            "year_quarter": 20104,
            "year": 2010,
            "quarter": 4,
            "eps": null,
            "eps_growth_year": null,
            "eps_4q": null,
            "eps_4q_growth_year": null,
            "roe": null,
            "gross_profit": null,
            "gross_margin": null,
            "net_income": null,
            "revenue": null,
            "common_shares": 463560,
            "equity": 472489,
            "current_ratio": 517.67,
            "debt_ratio": 39.2,
            "inventory_turnover_ratio": null,
            "account_receivable_turnover_ratio": null,
            "reinvestment_rate": null,
            "research_to_sale_ratio": null,
            "price_fair": 0,
            "eps_avg_yearly": 0,
            "eps_latest_yearly": 0,
            "eps_growth_yearly": 0
        },
        "20111": {
            "year_quarter": 20111,
            "year": 2011,
            "quarter": 1,
            "eps": 0.32,
            "eps_growth_year": null,
            "eps_4q": null,
            "eps_4q_growth_year": null,
            "roe": 3.07,
            "gross_profit": 47345,
            "gross_margin": 80.2,
            "net_income": 14745,
            "revenue": 59037,
            "common_shares": 464210,
            "equity": 487497,
            "current_ratio": 593.47,
            "debt_ratio": 43.63,
            "inventory_turnover_ratio": 0.14,
            "account_receivable_turnover_ratio": 2.92,
            "reinvestment_rate": null,
            "research_to_sale_ratio": 9.88,
            "price_fair": 0,
            "eps_avg_yearly": 0,
            "eps_latest_yearly": 0,
            "eps_growth_yearly": 0
        },
        "20112": {
            "year_quarter": 20112,
            "year": 2011,
            "quarter": 2,
            "eps": 0.08,
            "eps_growth_year": 40.77,
            "eps_4q": null,
            "eps_4q_growth_year": null,
            "roe": 0.73,
            "gross_profit": 28873,
            "gross_margin": 58.21,
            "net_income": 3589,
            "revenue": 49603,
            "common_shares": 464210,
            "equity": 491350,
            "current_ratio": 503.37,
            "debt_ratio": 42.37,
            "inventory_turnover_ratio": 0.23,
            "account_receivable_turnover_ratio": 2.35,
            "reinvestment_rate": null,
            "research_to_sale_ratio": 9,
            "price_fair": 0.96,
            "eps_avg_yearly": 0.32,
            "eps_latest_yearly": 0.32,
            "eps_growth_yearly": -300
        },
        "20113": {
            "year_quarter": 20113,
            "year": 2011,
            "quarter": 3,
            "eps": null,
            "eps_growth_year": null,
            "eps_4q": null,
            "eps_4q_growth_year": null,
            "roe": null,
            "gross_profit": null,
            "gross_margin": null,
            "net_income": null,
            "revenue": null,
            "common_shares": null,
            "equity": null,
            "current_ratio": null,
            "debt_ratio": null,
            "inventory_turnover_ratio": null,
            "account_receivable_turnover_ratio": null,
            "reinvestment_rate": null,
            "research_to_sale_ratio": null,
            "price_fair": 0.96,
            "eps_avg_yearly": 0.32,
            "eps_latest_yearly": 0.32,
            "eps_growth_yearly": -300
        },
        "20114": {
            "year_quarter": 20114,
            "year": 2011,
            "quarter": 4,
            "eps": null,
            "eps_growth_year": null,
            "eps_4q": null,
            "eps_4q_growth_year": null,
            "roe": null,
            "gross_profit": null,
            "gross_margin": null,
            "net_income": null,
            "revenue": null,
            "common_shares": 464210,
            "equity": 505082,
            "current_ratio": 124.39,
            "debt_ratio": 39.44,
            "inventory_turnover_ratio": null,
            "account_receivable_turnover_ratio": null,
            "reinvestment_rate": null,
            "research_to_sale_ratio": null,
            "price_fair": 0.96,
            "eps_avg_yearly": 0.32,
            "eps_latest_yearly": 0.32,
            "eps_growth_yearly": -300
        },
        "20121": {
            "year_quarter": 20121,
            "year": 2012,
            "quarter": 1,
            "eps": null,
            "eps_growth_year": null,
            "eps_4q": null,
            "eps_4q_growth_year": null,
            "roe": null,
            "gross_profit": 36040,
            "gross_margin": null,
            "net_income": 9073,
            "revenue": 53638,
            "common_shares": 464210,
            "equity": 512966,
            "current_ratio": null,
            "debt_ratio": null,
            "inventory_turnover_ratio": null,
            "account_receivable_turnover_ratio": null,
            "reinvestment_rate": null,
            "research_to_sale_ratio": null,
            "price_fair": 0.96,
            "eps_avg_yearly": 0.32,
            "eps_latest_yearly": 0.32,
            "eps_growth_yearly": -300
        },
        "20122": {
            "year_quarter": 20122,
            "year": 2012,
            "quarter": 2,
            "eps": null,
            "eps_growth_year": null,
            "eps_4q": null,
            "eps_4q_growth_year": null,
            "roe": null,
            "gross_profit": 29789,
            "gross_margin": null,
            "net_income": 4700,
            "revenue": 42945,
            "common_shares": 477210,
            "equity": 618720,
            "current_ratio": 263.48,
            "debt_ratio": 32.74,
            "inventory_turnover_ratio": null,
            "account_receivable_turnover_ratio": null,
            "reinvestment_rate": null,
            "research_to_sale_ratio": null,
            "price_fair": 0.96,
            "eps_avg_yearly": 0.32,
            "eps_latest_yearly": 0.32,
            "eps_growth_yearly": -300
        },
        "20123": {
            "year_quarter": 20123,
            "year": 2012,
            "quarter": 3,
            "eps": null,
            "eps_growth_year": null,
            "eps_4q": null,
            "eps_4q_growth_year": null,
            "roe": null,
            "gross_profit": 9293,
            "gross_margin": null,
            "net_income": -11286,
            "revenue": 24794,
            "common_shares": 477210,
            "equity": 606965,
            "current_ratio": null,
            "debt_ratio": null,
            "inventory_turnover_ratio": null,
            "account_receivable_turnover_ratio": null,
            "reinvestment_rate": null,
            "research_to_sale_ratio": null,
            "price_fair": 0.96,
            "eps_avg_yearly": 0.32,
            "eps_latest_yearly": 0.32,
            "eps_growth_yearly": -300
        },
        "20124": {
            "year_quarter": 20124,
            "year": 2012,
            "quarter": 4,
            "eps": null,
            "eps_growth_year": null,
            "eps_4q": null,
            "eps_4q_growth_year": null,
            "roe": null,
            "gross_profit": 3024,
            "gross_margin": null,
            "net_income": -29613,
            "revenue": 10085,
            "common_shares": 484410,
            "equity": 603056,
            "current_ratio": 298.56,
            "debt_ratio": 30.66,
            "inventory_turnover_ratio": null,
            "account_receivable_turnover_ratio": null,
            "reinvestment_rate": null,
            "research_to_sale_ratio": null,
            "price_fair": 0.96,
            "eps_avg_yearly": 0.32,
            "eps_latest_yearly": 0.32,
            "eps_growth_yearly": -300
        },
        "20131": {
            "year_quarter": 20131,
            "year": 2013,
            "quarter": 1,
            "eps": -0.4,
            "eps_growth_year": null,
            "eps_4q": -0.4,
            "eps_4q_growth_year": null,
            "roe": -3.25,
            "gross_profit": 7620,
            "gross_margin": 34.4,
            "net_income": -19271,
            "revenue": 22150,
            "common_shares": 484410,
            "equity": 584329,
            "current_ratio": 259.96,
            "debt_ratio": 32.34,
            "inventory_turnover_ratio": 0.14,
            "account_receivable_turnover_ratio": 1.31,
            "reinvestment_rate": null,
            "research_to_sale_ratio": 41.35,
            "price_fair": 0.96,
            "eps_avg_yearly": 0.32,
            "eps_latest_yearly": 0.32,
            "eps_growth_yearly": -300
        },
        "20132": {
            "year_quarter": 20132,
            "year": 2013,
            "quarter": 2,
            "eps": -0.33,
            "eps_growth_year": null,
            "eps_4q": -0.73,
            "eps_4q_growth_year": null,
            "roe": -2.8,
            "gross_profit": 7596,
            "gross_margin": 37.17,
            "net_income": -16172,
            "revenue": 20436,
            "common_shares": 484410,
            "equity": 569561,
            "current_ratio": 222.98,
            "debt_ratio": 33.94,
            "inventory_turnover_ratio": 0.12,
            "account_receivable_turnover_ratio": 0.89,
            "reinvestment_rate": null,
            "research_to_sale_ratio": 31.73,
            "price_fair": 0.96,
            "eps_avg_yearly": 0.32,
            "eps_latest_yearly": 0.32,
            "eps_growth_yearly": -300
        },
        "20133": {
            "year_quarter": 20133,
            "year": 2013,
            "quarter": 3,
            "eps": -0.25,
            "eps_growth_year": null,
            "eps_4q": -0.98,
            "eps_4q_growth_year": null,
            "roe": -2.16,
            "gross_profit": 11362,
            "gross_margin": 36.6,
            "net_income": -12194,
            "revenue": 31045,
            "common_shares": 484410,
            "equity": 558171,
            "current_ratio": 210.85,
            "debt_ratio": 34.19,
            "inventory_turnover_ratio": 0.17,
            "account_receivable_turnover_ratio": 0.94,
            "reinvestment_rate": null,
            "research_to_sale_ratio": 21.03,
            "price_fair": 0.96,
            "eps_avg_yearly": 0.32,
            "eps_latest_yearly": 0.32,
            "eps_growth_yearly": -300
        },
        "20134": {
            "year_quarter": 20134,
            "year": 2013,
            "quarter": 4,
            "eps": -0.41,
            "eps_growth_year": null,
            "eps_4q": -1.28,
            "eps_4q_growth_year": null,
            "roe": -3.01,
            "gross_profit": 10424,
            "gross_margin": 39.47,
            "net_income": -22410,
            "revenue": 26409,
            "common_shares": 547410,
            "equity": 931120,
            "current_ratio": 797.47,
            "debt_ratio": 20.25,
            "inventory_turnover_ratio": 0.14,
            "account_receivable_turnover_ratio": 0.53,
            "reinvestment_rate": null,
            "research_to_sale_ratio": 34.08,
            "price_fair": 0.96,
            "eps_avg_yearly": 0.32,
            "eps_latest_yearly": 0.32,
            "eps_growth_yearly": -300
        },
        "20141": {
            "year_quarter": 20141,
            "year": 2014,
            "quarter": 1,
            "eps": -0.47,
            "eps_growth_year": null,
            "eps_4q": -1.4,
            "eps_4q_growth_year": null,
            "roe": -2.82,
            "gross_profit": 6414,
            "gross_margin": 29.32,
            "net_income": -25928,
            "revenue": 21876,
            "common_shares": 547410,
            "equity": 906020,
            "current_ratio": 805.77,
            "debt_ratio": 19.93,
            "inventory_turnover_ratio": 0.13,
            "account_receivable_turnover_ratio": 0.34,
            "reinvestment_rate": null,
            "research_to_sale_ratio": 36.47,
            "price_fair": 0.96,
            "eps_avg_yearly": 0.32,
            "eps_latest_yearly": 0.32,
            "eps_growth_yearly": -300
        },
        "20142": {
            "year_quarter": 20142,
            "year": 2014,
            "quarter": 2,
            "eps": -0.65,
            "eps_growth_year": null,
            "eps_4q": -1.76,
            "eps_4q_growth_year": null,
            "roe": -4.04,
            "gross_profit": 2894,
            "gross_margin": 9.33,
            "net_income": -35850,
            "revenue": 31012,
            "common_shares": 547410,
            "equity": 867829,
            "current_ratio": 731.39,
            "debt_ratio": 20.58,
            "inventory_turnover_ratio": 0.22,
            "account_receivable_turnover_ratio": 0.5,
            "reinvestment_rate": null,
            "research_to_sale_ratio": 28.85,
            "price_fair": 0.96,
            "eps_avg_yearly": 0.32,
            "eps_latest_yearly": 0.32,
            "eps_growth_yearly": -300
        },
        "20143": {
            "year_quarter": 20143,
            "year": 2014,
            "quarter": 3,
            "eps": -0.71,
            "eps_growth_year": null,
            "eps_4q": -2.25,
            "eps_4q_growth_year": null,
            "roe": -4.57,
            "gross_profit": -1451,
            "gross_margin": -8.24,
            "net_income": -38855,
            "revenue": 17605,
            "common_shares": 547410,
            "equity": 832934,
            "current_ratio": 1500.39,
            "debt_ratio": 34.24,
            "inventory_turnover_ratio": 0.15,
            "account_receivable_turnover_ratio": 0.39,
            "reinvestment_rate": null,
            "research_to_sale_ratio": 54.9,
            "price_fair": 0.96,
            "eps_avg_yearly": 0.32,
            "eps_latest_yearly": 0.32,
            "eps_growth_yearly": -300
        },
        "20144": {
            "year_quarter": 20144,
            "year": 2014,
            "quarter": 4,
            "eps": -0.65,
            "eps_growth_year": null,
            "eps_4q": -2.49,
            "eps_4q_growth_year": null,
            "roe": -4.38,
            "gross_profit": -4803,
            "gross_margin": -19.45,
            "net_income": -35747,
            "revenue": 24697,
            "common_shares": 547250,
            "equity": 801153,
            "current_ratio": 1302.27,
            "debt_ratio": 35.5,
            "inventory_turnover_ratio": 0.22,
            "account_receivable_turnover_ratio": 0.94,
            "reinvestment_rate": null,
            "research_to_sale_ratio": 38.3,
            "price_fair": 0.96,
            "eps_avg_yearly": 0.32,
            "eps_latest_yearly": 0.32,
            "eps_growth_yearly": -300
        },
        "20151": {
            "year_quarter": 20151,
            "year": 2015,
            "quarter": 1,
            "eps": -0.63,
            "eps_growth_year": null,
            "eps_4q": -2.65,
            "eps_4q_growth_year": null,
            "roe": -4.42,
            "gross_profit": -3732,
            "gross_margin": -25.08,
            "net_income": -34548,
            "revenue": 14879,
            "common_shares": 547090,
            "equity": 762828,
            "current_ratio": 2075.07,
            "debt_ratio": 35.54,
            "inventory_turnover_ratio": 0.15,
            "account_receivable_turnover_ratio": 0.94,
            "reinvestment_rate": null,
            "research_to_sale_ratio": 71.62,
            "price_fair": 0.96,
            "eps_avg_yearly": 0.32,
            "eps_latest_yearly": 0.32,
            "eps_growth_yearly": -300
        },
        "20152": {
            "year_quarter": 20152,
            "year": 2015,
            "quarter": 2,
            "eps": -0.69,
            "eps_growth_year": null,
            "eps_4q": -2.7,
            "eps_4q_growth_year": null,
            "roe": -5.08,
            "gross_profit": -3049,
            "gross_margin": -16.28,
            "net_income": -37417,
            "revenue": 18724,
            "common_shares": 547090,
            "equity": 711611,
            "current_ratio": 2122.54,
            "debt_ratio": 37.07,
            "inventory_turnover_ratio": 0.19,
            "account_receivable_turnover_ratio": 1.86,
            "reinvestment_rate": null,
            "research_to_sale_ratio": 73.89,
            "price_fair": 0,
            "eps_avg_yearly": 0,
            "eps_latest_yearly": 0,
            "eps_growth_yearly": 0
        },
        "20153": {
            "year_quarter": 20153,
            "year": 2015,
            "quarter": 3,
            "eps": -0.02,
            "eps_growth_year": null,
            "eps_4q": -2.02,
            "eps_4q_growth_year": null,
            "roe": -0.41,
            "gross_profit": -2917,
            "gross_margin": -27.38,
            "net_income": -3025,
            "revenue": 10653,
            "common_shares": 547090,
            "equity": 768962,
            "current_ratio": 1833.72,
            "debt_ratio": 35.83,
            "inventory_turnover_ratio": 0.12,
            "account_receivable_turnover_ratio": 1.32,
            "reinvestment_rate": null,
            "research_to_sale_ratio": 125.1,
            "price_fair": 0,
            "eps_avg_yearly": 0,
            "eps_latest_yearly": 0,
            "eps_growth_yearly": 0
        },
        "20154": {
            "year_quarter": 20154,
            "year": 2015,
            "quarter": 4,
            "eps": -0.13,
            "eps_growth_year": null,
            "eps_4q": -1.49,
            "eps_4q_growth_year": null,
            "roe": -1.2,
            "gross_profit": 8315,
            "gross_margin": 29.68,
            "net_income": -9122,
            "revenue": 28016,
            "common_shares": 547090,
            "equity": 752962,
            "current_ratio": 136.99,
            "debt_ratio": 36.86,
            "inventory_turnover_ratio": 0.17,
            "account_receivable_turnover_ratio": 1.8,
            "reinvestment_rate": null,
            "research_to_sale_ratio": 28.2,
            "price_fair": 0,
            "eps_avg_yearly": 0,
            "eps_latest_yearly": 0,
            "eps_growth_yearly": 0
        },
        "20161": {
            "year_quarter": 20161,
            "year": 2016,
            "quarter": 1,
            "eps": 0.04,
            "eps_growth_year": null,
            "eps_4q": -0.78,
            "eps_4q_growth_year": null,
            "roe": 0.1,
            "gross_profit": 17561,
            "gross_margin": 26.2,
            "net_income": 769,
            "revenue": 67021,
            "common_shares": 556466,
            "equity": 827332,
            "current_ratio": 148.83,
            "debt_ratio": 32.74,
            "inventory_turnover_ratio": 0.55,
            "account_receivable_turnover_ratio": 1.31,
            "reinvestment_rate": null,
            "research_to_sale_ratio": 5.06,
            "price_fair": 0,
            "eps_avg_yearly": 0,
            "eps_latest_yearly": 0,
            "eps_growth_yearly": 0
        },
        "20162": {
            "year_quarter": 20162,
            "year": 2016,
            "quarter": 2,
            "eps": 0.09,
            "eps_growth_year": null,
            "eps_4q": -0.02,
            "eps_4q_growth_year": null,
            "roe": 0.43,
            "gross_profit": 14537,
            "gross_margin": 25.28,
            "net_income": 3686,
            "revenue": 57493,
            "common_shares": 564711,
            "equity": 884193,
            "current_ratio": 144.19,
            "debt_ratio": 31.04,
            "inventory_turnover_ratio": 0.69,
            "account_receivable_turnover_ratio": 0.75,
            "reinvestment_rate": null,
            "research_to_sale_ratio": 9.81,
            "price_fair": 12.6,
            "eps_avg_yearly": 0.36,
            "eps_latest_yearly": 0.36,
            "eps_growth_yearly": 500
        },
        "20163": {
            "year_quarter": 20163,
            "year": 2016,
            "quarter": 3,
            "eps": -0.58,
            "eps_growth_year": null,
            "eps_4q": -0.57,
            "eps_4q_growth_year": null,
            "roe": -3.81,
            "gross_profit": 14688,
            "gross_margin": 39.13,
            "net_income": -33153,
            "revenue": 37541,
            "common_shares": 565455,
            "equity": 854344,
            "current_ratio": 130.19,
            "debt_ratio": 34.8,
            "inventory_turnover_ratio": 0.42,
            "account_receivable_turnover_ratio": 0.58,
            "reinvestment_rate": null,
            "research_to_sale_ratio": 13.41,
            "price_fair": 12.6,
            "eps_avg_yearly": 0.36,
            "eps_latest_yearly": 0.36,
            "eps_growth_yearly": 500
        },
        "20164": {
            "year_quarter": 20164,
            "year": 2016,
            "quarter": 4,
            "eps": -0.52,
            "eps_growth_year": null,
            "eps_4q": -0.96,
            "eps_4q_growth_year": null,
            "roe": -3.69,
            "gross_profit": -8317,
            "gross_margin": -68.99,
            "net_income": -30845,
            "revenue": 12055,
            "common_shares": 565455,
            "equity": 819293,
            "current_ratio": 129.52,
            "debt_ratio": 36,
            "inventory_turnover_ratio": 0.35,
            "account_receivable_turnover_ratio": 0.26,
            "reinvestment_rate": null,
            "research_to_sale_ratio": 36.71,
            "price_fair": 12.6,
            "eps_avg_yearly": 0.36,
            "eps_latest_yearly": 0.36,
            "eps_growth_yearly": 500
        },
        "20171": {
            "year_quarter": 20171,
            "year": 2017,
            "quarter": 1,
            "eps": -1.07,
            "eps_growth_year": -2775,
            "eps_4q": -2.07,
            "eps_4q_growth_year": null,
            "roe": -7.8,
            "gross_profit": -2411,
            "gross_margin": -50.22,
            "net_income": -61472,
            "revenue": 4801,
            "common_shares": 565455,
            "equity": 757003,
            "current_ratio": 123.2,
            "debt_ratio": 37.63,
            "inventory_turnover_ratio": 0.12,
            "account_receivable_turnover_ratio": 0.22,
            "reinvestment_rate": null,
            "research_to_sale_ratio": 124.64,
            "price_fair": 12.6,
            "eps_avg_yearly": 0.36,
            "eps_latest_yearly": 0.36,
            "eps_growth_yearly": 500
        },
        "20172": {
            "year_quarter": 20172,
            "year": 2017,
            "quarter": 2,
            "eps": -0.63,
            "eps_growth_year": -800,
            "eps_4q": -2.79,
            "eps_4q_growth_year": null,
            "roe": -4.95,
            "gross_profit": -5958,
            "gross_margin": -106.34,
            "net_income": -36664,
            "revenue": 5603,
            "common_shares": 565855,
            "equity": 725239,
            "current_ratio": 120.12,
            "debt_ratio": 38.46,
            "inventory_turnover_ratio": 0.2,
            "account_receivable_turnover_ratio": 1.13,
            "reinvestment_rate": null,
            "research_to_sale_ratio": 86.04,
            "price_fair": 12.6,
            "eps_avg_yearly": 0.36,
            "eps_latest_yearly": 0.36,
            "eps_growth_yearly": 500
        },
        "20173": {
            "year_quarter": 20173,
            "year": 2017,
            "quarter": 3,
            "eps": -0.66,
            "eps_growth_year": null,
            "eps_4q": -2.88,
            "eps_4q_growth_year": null,
            "roe": -5.4,
            "gross_profit": -4441,
            "gross_margin": -120.42,
            "net_income": -38229,
            "revenue": 3688,
            "common_shares": 565872,
            "equity": 690962,
            "current_ratio": 314.73,
            "debt_ratio": 39.34,
            "inventory_turnover_ratio": 0.13,
            "account_receivable_turnover_ratio": 1.69,
            "reinvestment_rate": null,
            "research_to_sale_ratio": 158.57,
            "price_fair": 12.6,
            "eps_avg_yearly": 0.36,
            "eps_latest_yearly": 0.36,
            "eps_growth_yearly": 500
        },
        "20174": {
            "year_quarter": 20174,
            "year": 2017,
            "quarter": 4,
            "eps": -0.67,
            "eps_growth_year": null,
            "eps_4q": -3.03,
            "eps_4q_growth_year": null,
            "roe": -5.81,
            "gross_profit": -5455,
            "gross_margin": -140.45,
            "net_income": -39153,
            "revenue": 3884,
            "common_shares": 566082,
            "equity": 655816,
            "current_ratio": 287.85,
            "debt_ratio": 41.04,
            "inventory_turnover_ratio": 0.14,
            "account_receivable_turnover_ratio": 1.96,
            "reinvestment_rate": null,
            "research_to_sale_ratio": 164.78,
            "price_fair": 12.6,
            "eps_avg_yearly": 0.36,
            "eps_latest_yearly": 0.36,
            "eps_growth_yearly": 500
        },
        "20181": {
            "year_quarter": 20181,
            "year": 2018,
            "quarter": 1,
            "eps": -0.45,
            "eps_growth_year": null,
            "eps_4q": -2.41,
            "eps_4q_growth_year": null,
            "roe": -4.12,
            "gross_profit": -5021,
            "gross_margin": -132.03,
            "net_income": -26560,
            "revenue": 3803,
            "common_shares": 566082,
            "equity": 633067,
            "current_ratio": 264.23,
            "debt_ratio": 42.47,
            "inventory_turnover_ratio": 0.13,
            "account_receivable_turnover_ratio": 1.65,
            "reinvestment_rate": null,
            "research_to_sale_ratio": 146.44,
            "price_fair": 12.6,
            "eps_avg_yearly": 0.36,
            "eps_latest_yearly": 0.36,
            "eps_growth_yearly": 500
        },
        "20182": {
            "year_quarter": 20182,
            "year": 2018,
            "quarter": 2,
            "eps": -0.87,
            "eps_growth_year": null,
            "eps_4q": -2.64,
            "eps_4q_growth_year": null,
            "roe": -8.23,
            "gross_profit": -3242,
            "gross_margin": -64.1,
            "net_income": -50252,
            "revenue": 5058,
            "common_shares": 566202,
            "equity": 588140,
            "current_ratio": 245.49,
            "debt_ratio": 45.43,
            "inventory_turnover_ratio": 0.12,
            "account_receivable_turnover_ratio": 1.5,
            "reinvestment_rate": null,
            "research_to_sale_ratio": 117.04,
            "price_fair": 12.6,
            "eps_avg_yearly": 0.36,
            "eps_latest_yearly": 0.36,
            "eps_growth_yearly": 500
        },
        "20183": {
            "year_quarter": 20183,
            "year": 2018,
            "quarter": 3,
            "eps": -0.62,
            "eps_growth_year": null,
            "eps_4q": -2.6,
            "eps_4q_growth_year": null,
            "roe": -6.15,
            "gross_profit": -3716,
            "gross_margin": -27.85,
            "net_income": -35288,
            "revenue": 13343,
            "common_shares": 562532,
            "equity": 558599,
            "current_ratio": 194.41,
            "debt_ratio": 48.58,
            "inventory_turnover_ratio": 0.21,
            "account_receivable_turnover_ratio": 2.9,
            "reinvestment_rate": null,
            "research_to_sale_ratio": 31.74,
            "price_fair": 12.6,
            "eps_avg_yearly": 0.36,
            "eps_latest_yearly": 0.36,
            "eps_growth_yearly": 500
        },
        "20184": {
            "year_quarter": 20184,
            "year": 2018,
            "quarter": 4,
            "eps": -0.79,
            "eps_growth_year": null,
            "eps_4q": -2.72,
            "eps_4q_growth_year": null,
            "roe": -8.36,
            "gross_profit": 7504,
            "gross_margin": 13.28,
            "net_income": -45170,
            "revenue": 56524,
            "common_shares": 562532,
            "equity": 522229,
            "current_ratio": 209.05,
            "debt_ratio": 48.4,
            "inventory_turnover_ratio": 0.59,
            "account_receivable_turnover_ratio": 1.79,
            "reinvestment_rate": null,
            "research_to_sale_ratio": 8.62,
            "price_fair": 12.6,
            "eps_avg_yearly": 0.36,
            "eps_latest_yearly": 0.36,
            "eps_growth_yearly": 500
        },
        "20191": {
            "year_quarter": 20191,
            "year": 2019,
            "quarter": 1,
            "eps": 0,
            "eps_growth_year": null,
            "eps_4q": -2.27,
            "eps_4q_growth_year": null,
            "roe": 0.12,
            "gross_profit": 23011,
            "gross_margin": 26.12,
            "net_income": 645,
            "revenue": 88102,
            "common_shares": 563762,
            "equity": 532962,
            "current_ratio": 248.28,
            "debt_ratio": 55.6,
            "inventory_turnover_ratio": 0.77,
            "account_receivable_turnover_ratio": 1,
            "reinvestment_rate": null,
            "research_to_sale_ratio": 5.56,
            "price_fair": 12.6,
            "eps_avg_yearly": 0.36,
            "eps_latest_yearly": 0.36,
            "eps_growth_yearly": 500
        },
        "20192": {
            "year_quarter": 20192,
            "year": 2019,
            "quarter": 2,
            "eps": -0.14,
            "eps_growth_year": null,
            "eps_4q": -1.46,
            "eps_4q_growth_year": null,
            "roe": -1.3,
            "gross_profit": 17540,
            "gross_margin": 22.8,
            "net_income": -8012,
            "revenue": 76929,
            "common_shares": 598122,
            "equity": 696180,
            "current_ratio": 418.71,
            "debt_ratio": 47.4,
            "inventory_turnover_ratio": 0.62,
            "account_receivable_turnover_ratio": 0.68,
            "reinvestment_rate": null,
            "research_to_sale_ratio": 7.97,
            "price_fair": 12.6,
            "eps_avg_yearly": 0.36,
            "eps_latest_yearly": 0.36,
            "eps_growth_yearly": 500
        },
        "20193": {
            "year_quarter": 20193,
            "year": 2019,
            "quarter": 3,
            "eps": -0.13,
            "eps_growth_year": null,
            "eps_4q": -1.03,
            "eps_4q_growth_year": null,
            "roe": -1.24,
            "gross_profit": 15169,
            "gross_margin": 17.5,
            "net_income": -8565,
            "revenue": 86664,
            "common_shares": 598122,
            "equity": 690573,
            "current_ratio": 417.13,
            "debt_ratio": 47.28,
            "inventory_turnover_ratio": 0.77,
            "account_receivable_turnover_ratio": 0.86,
            "reinvestment_rate": null,
            "research_to_sale_ratio": 7.68,
            "price_fair": 12.6,
            "eps_avg_yearly": 0.36,
            "eps_latest_yearly": 0.36,
            "eps_growth_yearly": 500
        },
        "20194": {
            "year_quarter": 20194,
            "year": 2019,
            "quarter": 4,
            "eps": -0.22,
            "eps_growth_year": null,
            "eps_4q": -0.5,
            "eps_4q_growth_year": null,
            "roe": -1.76,
            "gross_profit": 17016,
            "gross_margin": 22.32,
            "net_income": -12053,
            "revenue": 76220,
            "common_shares": 598122,
            "equity": 679876,
            "current_ratio": 397.08,
            "debt_ratio": 47.88,
            "inventory_turnover_ratio": 0.67,
            "account_receivable_turnover_ratio": 0.84,
            "reinvestment_rate": null,
            "research_to_sale_ratio": 8.48,
            "price_fair": 12.6,
            "eps_avg_yearly": 0.36,
            "eps_latest_yearly": 0.36,
            "eps_growth_yearly": 500
        },
        "20201": {
            "year_quarter": 20201,
            "year": 2020,
            "quarter": 1,
            "eps": -0.18,
            "eps_growth_year": null,
            "eps_4q": -0.69,
            "eps_4q_growth_year": null,
            "roe": -1.6,
            "gross_profit": 11816,
            "gross_margin": 22.94,
            "net_income": -10842,
            "revenue": 51518,
            "common_shares": 598122,
            "equity": 671405,
            "current_ratio": 528.77,
            "debt_ratio": 46.31,
            "inventory_turnover_ratio": 0.36,
            "account_receivable_turnover_ratio": 0.63,
            "reinvestment_rate": null,
            "research_to_sale_ratio": 20.07,
            "price_fair": 12.6,
            "eps_avg_yearly": 0.36,
            "eps_latest_yearly": 0.36,
            "eps_growth_yearly": 500
        },
        "20202": {
            "year_quarter": 20202,
            "year": 2020,
            "quarter": 2,
            "eps": -0.18,
            "eps_growth_year": null,
            "eps_4q": -0.74,
            "eps_4q_growth_year": null,
            "roe": -1.69,
            "gross_profit": 10108,
            "gross_margin": 19.31,
            "net_income": -11114,
            "revenue": 52336,
            "common_shares": 598142,
            "equity": 642099,
            "current_ratio": 668.92,
            "debt_ratio": 46.22,
            "inventory_turnover_ratio": 0.32,
            "account_receivable_turnover_ratio": 0.79,
            "reinvestment_rate": null,
            "research_to_sale_ratio": 10.86,
            "price_fair": 0,
            "eps_avg_yearly": 0,
            "eps_latest_yearly": 0,
            "eps_growth_yearly": 0
        },
        "20203": {
            "year_quarter": 20203,
            "year": 2020,
            "quarter": 3,
            "eps": -0.49,
            "eps_growth_year": null,
            "eps_4q": -1.08,
            "eps_4q_growth_year": null,
            "roe": -4.81,
            "gross_profit": -2803,
            "gross_margin": -11.84,
            "net_income": -30161,
            "revenue": 23669,
            "common_shares": 598142,
            "equity": 612905,
            "current_ratio": 811.73,
            "debt_ratio": 47.23,
            "inventory_turnover_ratio": 0.2,
            "account_receivable_turnover_ratio": 0.45,
            "reinvestment_rate": null,
            "research_to_sale_ratio": 34.53,
            "price_fair": 0,
            "eps_avg_yearly": 0,
            "eps_latest_yearly": 0,
            "eps_growth_yearly": 0
        },
        "20204": {
            "year_quarter": 20204,
            "year": 2020,
            "quarter": 4,
            "eps": -0.15,
            "eps_growth_year": null,
            "eps_4q": -1,
            "eps_4q_growth_year": null,
            "roe": -1.73,
            "gross_profit": -1914,
            "gross_margin": -10.8,
            "net_income": -10524,
            "revenue": 17729,
            "common_shares": 598142,
            "equity": 603367,
            "current_ratio": 845.63,
            "debt_ratio": 47.53,
            "inventory_turnover_ratio": 0.15,
            "account_receivable_turnover_ratio": 0.36,
            "reinvestment_rate": null,
            "research_to_sale_ratio": 37.63,
            "price_fair": 0,
            "eps_avg_yearly": 0,
            "eps_latest_yearly": 0,
            "eps_growth_yearly": 0
        },
        "20211": {
            "year_quarter": 20211,
            "year": 2021,
            "quarter": 1,
            "eps": -0.5,
            "eps_growth_year": null,
            "eps_4q": -1.32,
            "eps_4q_growth_year": null,
            "roe": -5.29,
            "gross_profit": -1382,
            "gross_margin": -11.43,
            "net_income": -31076,
            "revenue": 12087,
            "common_shares": 598142,
            "equity": 572472,
            "current_ratio": 642.87,
            "debt_ratio": 48.21,
            "inventory_turnover_ratio": 0.1,
            "account_receivable_turnover_ratio": 0.33,
            "reinvestment_rate": null,
            "research_to_sale_ratio": 94.06,
            "price_fair": 0,
            "eps_avg_yearly": 0,
            "eps_latest_yearly": 0,
            "eps_growth_yearly": 0
        },
        "20212": {
            "year_quarter": 20212,
            "year": 2021,
            "quarter": 2,
            "eps": -0.34,
            "eps_growth_year": null,
            "eps_4q": -1.47,
            "eps_4q_growth_year": null,
            "roe": -3.87,
            "gross_profit": -2762,
            "gross_margin": -37.56,
            "net_income": -21706,
            "revenue": 7353,
            "common_shares": 598142,
            "equity": 550539,
            "current_ratio": 588.92,
            "debt_ratio": 49.37,
            "inventory_turnover_ratio": 0.08,
            "account_receivable_turnover_ratio": 0.31,
            "reinvestment_rate": null,
            "research_to_sale_ratio": 111.71,
            "price_fair": 0,
            "eps_avg_yearly": 0,
            "eps_latest_yearly": 0,
            "eps_growth_yearly": 0
        },
        "20213": {
            "year_quarter": 20213,
            "year": 2021,
            "quarter": 3,
            "eps": -0.37,
            "eps_growth_year": null,
            "eps_4q": -1.35,
            "eps_4q_growth_year": null,
            "roe": -4.19,
            "gross_profit": 4544,
            "gross_margin": 14.82,
            "net_income": -22601,
            "revenue": 30658,
            "common_shares": 598142,
            "equity": 528751,
            "current_ratio": 482.74,
            "debt_ratio": 52.07,
            "inventory_turnover_ratio": 0.19,
            "account_receivable_turnover_ratio": 0.87,
            "reinvestment_rate": null,
            "research_to_sale_ratio": 22.93,
            "price_fair": 0,
            "eps_avg_yearly": 0,
            "eps_latest_yearly": 0,
            "eps_growth_yearly": 0
        },
        "20214": {
            "year_quarter": 20214,
            "year": 2021,
            "quarter": 4,
            "eps": -0.84,
            "eps_growth_year": null,
            "eps_4q": -2.05,
            "eps_4q_growth_year": null,
            "roe": -10.2,
            "gross_profit": -26871,
            "gross_margin": -165.83,
            "net_income": -51367,
            "revenue": 16204,
            "common_shares": 598142,
            "equity": 477967,
            "current_ratio": 562.7,
            "debt_ratio": 53.44,
            "inventory_turnover_ratio": 0.34,
            "account_receivable_turnover_ratio": 0.52,
            "reinvestment_rate": null,
            "research_to_sale_ratio": 62.92,
            "price_fair": 0,
            "eps_avg_yearly": 0,
            "eps_latest_yearly": 0,
            "eps_growth_yearly": 0
        },
        "20221": {
            "year_quarter": 20221,
            "year": 2022,
            "quarter": 1,
            "eps": -0.13,
            "eps_growth_year": null,
            "eps_4q": -1.67,
            "eps_4q_growth_year": null,
            "roe": -1.88,
            "gross_profit": 6278,
            "gross_margin": 36.94,
            "net_income": -8921,
            "revenue": 16996,
            "common_shares": 598542,
            "equity": 470914,
            "current_ratio": 339.93,
            "debt_ratio": 54.7,
            "inventory_turnover_ratio": 0.09,
            "account_receivable_turnover_ratio": 1.26,
            "reinvestment_rate": null,
            "research_to_sale_ratio": 50.21,
            "price_fair": 0,
            "eps_avg_yearly": 0,
            "eps_latest_yearly": 0,
            "eps_growth_yearly": 0
        },
        "20222": {
            "year_quarter": 20222,
            "year": 2022,
            "quarter": 2,
            "eps": -0.38,
            "eps_growth_year": null,
            "eps_4q": -1.72,
            "eps_4q_growth_year": null,
            "roe": -5.29,
            "gross_profit": -917,
            "gross_margin": -4.45,
            "net_income": -24264,
            "revenue": 20594,
            "common_shares": 598542,
            "equity": 446739,
            "current_ratio": 233.54,
            "debt_ratio": 57.09,
            "inventory_turnover_ratio": 0.16,
            "account_receivable_turnover_ratio": 1.95,
            "reinvestment_rate": null,
            "research_to_sale_ratio": 48.23,
            "price_fair": 0,
            "eps_avg_yearly": 0,
            "eps_latest_yearly": 0,
            "eps_growth_yearly": 0
        },
        "20223": {
            "year_quarter": 20223,
            "year": 2022,
            "quarter": 3,
            "eps": -0.08,
            "eps_growth_year": null,
            "eps_4q": -1.43,
            "eps_4q_growth_year": null,
            "roe": -1.18,
            "gross_profit": 11228,
            "gross_margin": 25.01,
            "net_income": -5236,
            "revenue": 44891,
            "common_shares": 598542,
            "equity": 441503,
            "current_ratio": 204.62,
            "debt_ratio": 57.19,
            "inventory_turnover_ratio": 0.22,
            "account_receivable_turnover_ratio": 1.7,
            "reinvestment_rate": null,
            "research_to_sale_ratio": 15.2,
            "price_fair": 0,
            "eps_avg_yearly": 0,
            "eps_latest_yearly": 0,
            "eps_growth_yearly": 0
        },
        "20224": {
            "year_quarter": 20224,
            "year": 2022,
            "quarter": 4,
            "eps": 0.18,
            "eps_growth_year": null,
            "eps_4q": -0.41,
            "eps_4q_growth_year": null,
            "roe": 2.25,
            "gross_profit": 33045,
            "gross_margin": 26.45,
            "net_income": 10038,
            "revenue": 124911,
            "common_shares": 598542,
            "equity": 451903,
            "current_ratio": 193.47,
            "debt_ratio": 58.02,
            "inventory_turnover_ratio": 0.76,
            "account_receivable_turnover_ratio": 1.44,
            "reinvestment_rate": null,
            "research_to_sale_ratio": 4.85,
            "price_fair": 0,
            "eps_avg_yearly": 0,
            "eps_latest_yearly": 0,
            "eps_growth_yearly": 0
        },
        "20231": {
            "year_quarter": 20231,
            "year": 2023,
            "quarter": 1,
            "eps": 0.16,
            "eps_growth_year": null,
            "eps_4q": -0.12,
            "eps_4q_growth_year": null,
            "roe": 2.35,
            "gross_profit": 32336,
            "gross_margin": 31.47,
            "net_income": 10922,
            "revenue": 102766,
            "common_shares": 598542,
            "equity": 478566,
            "current_ratio": 215.37,
            "debt_ratio": 58.89,
            "inventory_turnover_ratio": 0.76,
            "account_receivable_turnover_ratio": 0.7,
            "reinvestment_rate": null,
            "research_to_sale_ratio": 5.66,
            "price_fair": 1.92,
            "eps_avg_yearly": 0.64,
            "eps_latest_yearly": 0.64,
            "eps_growth_yearly": -44.44
        }
    },
    "months": {
        "2004-01": {
            "month": "2004-01",
            "price": "21.20",
            "revenue": 13057
        },
        "2004-04": {
            "month": "2004-04",
            "price": "24.52",
            "revenue": 19487
        },
        "2004-05": {
            "month": "2004-05",
            "price": "28.00",
            "revenue": 22594
        },
        "2004-07": {
            "month": "2004-07",
            "price": "28.00",
            "revenue": 17158
        },
        "2004-08": {
            "month": "2004-08",
            "price": "26.04",
            "revenue": 28473
        },
        "2004-09": {
            "month": "2004-09",
            "price": "24.20",
            "revenue": 26430
        },
        "2004-12": {
            "month": "2004-12",
            "price": "21.40",
            "revenue": -3893
        },
        "2005-02": {
            "month": "2005-02",
            "price": "19.87",
            "revenue": 0
        },
        "2005-03": {
            "month": "2005-03",
            "price": "16.24",
            "revenue": 5037
        },
        "2005-04": {
            "month": "2005-04",
            "price": "11.60",
            "revenue": 3895
        },
        "2005-06": {
            "month": "2005-06",
            "price": "11.90",
            "revenue": 4867
        },
        "2005-07": {
            "month": "2005-07",
            "price": "11.45",
            "revenue": 15848
        },
        "2005-08": {
            "month": "2005-08",
            "price": "10.35",
            "revenue": 10180
        },
        "2005-09": {
            "month": "2005-09",
            "price": "10.05",
            "revenue": 2086
        },
        "2005-11": {
            "month": "2005-11",
            "price": "10.10",
            "revenue": 4329
        },
        "2005-12": {
            "month": "2005-12",
            "price": "10.00",
            "revenue": 2856
        },
        "2006-01": {
            "month": "2006-01",
            "price": "8.44",
            "revenue": 4540
        },
        "2006-02": {
            "month": "2006-02",
            "price": "7.48",
            "revenue": 2134
        },
        "2006-03": {
            "month": "2006-03",
            "price": "7.25",
            "revenue": 1964
        },
        "2006-04": {
            "month": "2006-04",
            "price": "9.27",
            "revenue": 2048
        },
        "2006-05": {
            "month": "2006-05",
            "price": "23.30",
            "revenue": 2999
        },
        "2006-06": {
            "month": "2006-06",
            "price": "19.19",
            "revenue": 544
        },
        "2006-07": {
            "month": "2006-07",
            "price": "18.24",
            "revenue": 1523
        },
        "2006-08": {
            "month": "2006-08",
            "price": "19.29",
            "revenue": 2042
        },
        "2006-09": {
            "month": "2006-09",
            "price": "25.70",
            "revenue": 2035
        },
        "2006-10": {
            "month": "2006-10",
            "price": "25.72",
            "revenue": 3370
        },
        "2006-11": {
            "month": "2006-11",
            "price": "27.08",
            "revenue": 4647
        },
        "2006-12": {
            "month": "2006-12",
            "price": "29.57",
            "revenue": 5391
        },
        "2007-01": {
            "month": "2007-01",
            "price": "29.70",
            "revenue": 5461
        },
        "2007-02": {
            "month": "2007-02",
            "price": "30.53",
            "revenue": 4549
        },
        "2007-03": {
            "month": "2007-03",
            "price": "42.80",
            "revenue": 2091
        },
        "2007-04": {
            "month": "2007-04",
            "price": "51.80",
            "revenue": 6163
        },
        "2007-05": {
            "month": "2007-05",
            "price": "49.64",
            "revenue": 4537
        },
        "2007-06": {
            "month": "2007-06",
            "price": "50.76",
            "revenue": 2516
        },
        "2007-07": {
            "month": "2007-07",
            "price": "49.64",
            "revenue": 2654
        },
        "2007-08": {
            "month": "2007-08",
            "price": "59.19",
            "revenue": 2914
        },
        "2007-09": {
            "month": "2007-09",
            "price": "54.28",
            "revenue": 2849
        },
        "2007-10": {
            "month": "2007-10",
            "price": "50.83",
            "revenue": 2891
        },
        "2007-11": {
            "month": "2007-11",
            "price": "44.62",
            "revenue": 8307
        },
        "2007-12": {
            "month": "2007-12",
            "price": "46.19",
            "revenue": 4762
        },
        "2008-01": {
            "month": "2008-01",
            "price": "39.51",
            "revenue": 395
        },
        "2008-02": {
            "month": "2008-02",
            "price": "43.30",
            "revenue": 2576
        },
        "2008-03": {
            "month": "2008-03",
            "price": "43.58",
            "revenue": 2935
        },
        "2008-04": {
            "month": "2008-04",
            "price": "47.81",
            "revenue": 2784
        },
        "2008-05": {
            "month": "2008-05",
            "price": "52.98",
            "revenue": 1382
        },
        "2008-06": {
            "month": "2008-06",
            "price": "45.09",
            "revenue": 3954
        },
        "2008-07": {
            "month": "2008-07",
            "price": "41.53",
            "revenue": 1582
        },
        "2008-08": {
            "month": "2008-08",
            "price": "42.78",
            "revenue": 1699
        },
        "2008-09": {
            "month": "2008-09",
            "price": "38.73",
            "revenue": 4516
        },
        "2008-10": {
            "month": "2008-10",
            "price": "32.02",
            "revenue": 6213
        },
        "2008-11": {
            "month": "2008-11",
            "price": "26.47",
            "revenue": 3474
        },
        "2008-12": {
            "month": "2008-12",
            "price": "23.23",
            "revenue": 2406
        },
        "2009-01": {
            "month": "2009-01",
            "price": "30.07",
            "revenue": 1096
        },
        "2009-02": {
            "month": "2009-02",
            "price": "38.18",
            "revenue": 690
        },
        "2009-03": {
            "month": "2009-03",
            "price": "41.72",
            "revenue": 2422
        },
        "2009-04": {
            "month": "2009-04",
            "price": "60.36",
            "revenue": 349
        },
        "2009-05": {
            "month": "2009-05",
            "price": "85.47",
            "revenue": 298
        },
        "2009-06": {
            "month": "2009-06",
            "price": "91.86",
            "revenue": 2304
        },
        "2009-07": {
            "month": "2009-07",
            "price": "99.61",
            "revenue": 2795
        },
        "2009-08": {
            "month": "2009-08",
            "price": "110.06",
            "revenue": 4129
        },
        "2009-09": {
            "month": "2009-09",
            "price": "195.20",
            "revenue": 18399
        },
        "2009-10": {
            "month": "2009-10",
            "price": "198.64",
            "revenue": 7472
        },
        "2009-11": {
            "month": "2009-11",
            "price": "194.63",
            "revenue": 10365
        },
        "2009-12": {
            "month": "2009-12",
            "price": "201.24",
            "revenue": 10444
        },
        "2010-01": {
            "month": "2010-01",
            "price": "154.00",
            "revenue": 11479
        },
        "2010-02": {
            "month": "2010-02",
            "price": "115.71",
            "revenue": 8182
        },
        "2010-03": {
            "month": "2010-03",
            "price": "128.59",
            "revenue": 32863
        },
        "2010-04": {
            "month": "2010-04",
            "price": "145.27",
            "revenue": 12870
        },
        "2010-05": {
            "month": "2010-05",
            "price": "139.62",
            "revenue": 17076
        },
        "2010-06": {
            "month": "2010-06",
            "price": "128.77",
            "revenue": 22727
        },
        "2010-07": {
            "month": "2010-07",
            "price": "114.04",
            "revenue": 16622
        },
        "2010-08": {
            "month": "2010-08",
            "price": "123.97",
            "revenue": 21202
        },
        "2010-09": {
            "month": "2010-09",
            "price": "141.05",
            "revenue": 9148
        },
        "2010-10": {
            "month": "2010-10",
            "price": "129.03",
            "revenue": 7574
        },
        "2010-11": {
            "month": "2010-11",
            "price": "121.79",
            "revenue": 13102
        },
        "2010-12": {
            "month": "2010-12",
            "price": "137.61",
            "revenue": 10718
        },
        "2011-01": {
            "month": "2011-01",
            "price": "154.66",
            "revenue": 13897
        },
        "2011-02": {
            "month": "2011-02",
            "price": "182.56",
            "revenue": 14095
        },
        "2011-03": {
            "month": "2011-03",
            "price": "179.80",
            "revenue": 31044
        },
        "2011-04": {
            "month": "2011-04",
            "price": "181.08",
            "revenue": 21307
        },
        "2011-05": {
            "month": "2011-05",
            "price": "167.72",
            "revenue": 19913
        },
        "2011-06": {
            "month": "2011-06",
            "price": "133.84",
            "revenue": 22384
        },
        "2011-07": {
            "month": "2011-07",
            "price": "119.42",
            "revenue": 18257
        },
        "2011-08": {
            "month": "2011-08",
            "price": "109.55",
            "revenue": 16280
        },
        "2011-09": {
            "month": "2011-09",
            "price": "86.02",
            "revenue": 19548
        },
        "2011-10": {
            "month": "2011-10",
            "price": "82.49",
            "revenue": 15127
        },
        "2011-11": {
            "month": "2011-11",
            "price": "93.27",
            "revenue": 11141
        },
        "2011-12": {
            "month": "2011-12",
            "price": "84.92",
            "revenue": 14496
        },
        "2012-01": {
            "month": "2012-01",
            "price": "79.14",
            "revenue": 19481
        },
        "2012-02": {
            "month": "2012-02",
            "price": "86.93",
            "revenue": 15821
        },
        "2012-03": {
            "month": "2012-03",
            "price": "90.31",
            "revenue": 18337
        },
        "2012-04": {
            "month": "2012-04",
            "price": "91.16",
            "revenue": 16485
        },
        "2012-05": {
            "month": "2012-05",
            "price": "83.14",
            "revenue": 14586
        },
        "2012-06": {
            "month": "2012-06",
            "price": "88.24",
            "revenue": 11874
        },
        "2012-07": {
            "month": "2012-07",
            "price": "87.16",
            "revenue": 11138
        },
        "2012-08": {
            "month": "2012-08",
            "price": "85.95",
            "revenue": 8406
        },
        "2012-09": {
            "month": "2012-09",
            "price": "84.37",
            "revenue": 6480
        },
        "2012-10": {
            "month": "2012-10",
            "price": "77.12",
            "revenue": 4919
        },
        "2012-11": {
            "month": "2012-11",
            "price": "59.13",
            "revenue": 7709
        },
        "2012-12": {
            "month": "2012-12",
            "price": "65.04",
            "revenue": 2164
        },
        "2013-01": {
            "month": "2013-01",
            "price": "55.26",
            "revenue": 6977
        },
        "2013-02": {
            "month": "2013-02",
            "price": "46.59",
            "revenue": 6906
        },
        "2013-03": {
            "month": "2013-03",
            "price": "49.35",
            "revenue": 8267
        },
        "2013-04": {
            "month": "2013-04",
            "price": "50.87",
            "revenue": 8882
        },
        "2013-05": {
            "month": "2013-05",
            "price": "58.48",
            "revenue": 5637
        },
        "2013-06": {
            "month": "2013-06",
            "price": "59.19",
            "revenue": 5917
        },
        "2013-07": {
            "month": "2013-07",
            "price": "57.99",
            "revenue": 9557
        },
        "2013-08": {
            "month": "2013-08",
            "price": "71.78",
            "revenue": 9751
        },
        "2013-09": {
            "month": "2013-09",
            "price": "79.80",
            "revenue": 11736
        },
        "2013-10": {
            "month": "2013-10",
            "price": "82.41",
            "revenue": 12997
        },
        "2013-11": {
            "month": "2013-11",
            "price": "65.50",
            "revenue": 9076
        },
        "2013-12": {
            "month": "2013-12",
            "price": "94.29",
            "revenue": 4336
        },
        "2014-01": {
            "month": "2014-01",
            "price": "87.51",
            "revenue": 5099
        },
        "2014-02": {
            "month": "2014-02",
            "price": "88.79",
            "revenue": 8279
        },
        "2014-03": {
            "month": "2014-03",
            "price": "88.19",
            "revenue": 8498
        },
        "2014-04": {
            "month": "2014-04",
            "price": "75.46",
            "revenue": 10682
        },
        "2014-05": {
            "month": "2014-05",
            "price": "70.58",
            "revenue": 10881
        },
        "2014-06": {
            "month": "2014-06",
            "price": "67.18",
            "revenue": 9449
        },
        "2014-07": {
            "month": "2014-07",
            "price": "69.99",
            "revenue": 5684
        },
        "2014-08": {
            "month": "2014-08",
            "price": "63.39",
            "revenue": 1223
        },
        "2014-09": {
            "month": "2014-09",
            "price": "61.35",
            "revenue": 10698
        },
        "2014-10": {
            "month": "2014-10",
            "price": "53.53",
            "revenue": 11285
        },
        "2014-11": {
            "month": "2014-11",
            "price": "41.74",
            "revenue": 3113
        },
        "2014-12": {
            "month": "2014-12",
            "price": "41.15",
            "revenue": 10298
        },
        "2015-01": {
            "month": "2015-01",
            "price": "41.57",
            "revenue": 6574
        },
        "2015-02": {
            "month": "2015-02",
            "price": "41.10",
            "revenue": 3278
        },
        "2015-03": {
            "month": "2015-03",
            "price": "40.23",
            "revenue": 5027
        },
        "2015-04": {
            "month": "2015-04",
            "price": "35.18",
            "revenue": 8117
        },
        "2015-05": {
            "month": "2015-05",
            "price": "32.57",
            "revenue": 5451
        },
        "2015-06": {
            "month": "2015-06",
            "price": "37.34",
            "revenue": 5156
        },
        "2015-07": {
            "month": "2015-07",
            "price": "36.18",
            "revenue": 2583
        },
        "2015-08": {
            "month": "2015-08",
            "price": "27.59",
            "revenue": 5417
        },
        "2015-09": {
            "month": "2015-09",
            "price": "28.40",
            "revenue": 2762
        },
        "2015-10": {
            "month": "2015-10",
            "price": "32.46",
            "revenue": 4675
        },
        "2015-11": {
            "month": "2015-11",
            "price": "39.33",
            "revenue": 8658
        },
        "2015-12": {
            "month": "2015-12",
            "price": "42.16",
            "revenue": 14683
        },
        "2016-01": {
            "month": "2016-01",
            "price": "50.44",
            "revenue": 17403
        },
        "2016-02": {
            "month": "2016-02",
            "price": "53.75",
            "revenue": 24920
        },
        "2016-03": {
            "month": "2016-03",
            "price": "70.88",
            "revenue": 24698
        },
        "2016-04": {
            "month": "2016-04",
            "price": "75.04",
            "revenue": 27776
        },
        "2016-05": {
            "month": "2016-05",
            "price": "71.34",
            "revenue": 14495
        },
        "2016-06": {
            "month": "2016-06",
            "price": "72.61",
            "revenue": 15221
        },
        "2016-07": {
            "month": "2016-07",
            "price": "65.22",
            "revenue": 13213
        },
        "2016-08": {
            "month": "2016-08",
            "price": "62.60",
            "revenue": 12476
        },
        "2016-09": {
            "month": "2016-09",
            "price": "60.95",
            "revenue": 11852
        },
        "2016-10": {
            "month": "2016-10",
            "price": "50.90",
            "revenue": 11692
        },
        "2016-11": {
            "month": "2016-11",
            "price": "42.65",
            "revenue": 11764
        },
        "2016-12": {
            "month": "2016-12",
            "price": "51.78",
            "revenue": -8262
        },
        "2017-01": {
            "month": "2017-01",
            "price": "51.28",
            "revenue": 1870
        },
        "2017-02": {
            "month": "2017-02",
            "price": "48.33",
            "revenue": 1468
        },
        "2017-03": {
            "month": "2017-03",
            "price": "45.81",
            "revenue": 1463
        },
        "2017-04": {
            "month": "2017-04",
            "price": "41.72",
            "revenue": 1742
        },
        "2017-05": {
            "month": "2017-05",
            "price": "40.35",
            "revenue": 1629
        },
        "2017-06": {
            "month": "2017-06",
            "price": "42.52",
            "revenue": 2231
        },
        "2017-07": {
            "month": "2017-07",
            "price": "41.47",
            "revenue": 1066
        },
        "2017-08": {
            "month": "2017-08",
            "price": "49.35",
            "revenue": 1680
        },
        "2017-09": {
            "month": "2017-09",
            "price": "50.92",
            "revenue": 968
        },
        "2017-10": {
            "month": "2017-10",
            "price": "50.77",
            "revenue": 1330
        },
        "2017-11": {
            "month": "2017-11",
            "price": "43.61",
            "revenue": 1175
        },
        "2017-12": {
            "month": "2017-12",
            "price": "41.75",
            "revenue": 1379
        },
        "2018-01": {
            "month": "2018-01",
            "price": "42.77",
            "revenue": 1446
        },
        "2018-02": {
            "month": "2018-02",
            "price": "40.20",
            "revenue": 1020
        },
        "2018-03": {
            "month": "2018-03",
            "price": "39.90",
            "revenue": 1371
        },
        "2018-04": {
            "month": "2018-04",
            "price": "37.47",
            "revenue": 1510
        },
        "2018-05": {
            "month": "2018-05",
            "price": "38.38",
            "revenue": 1540
        },
        "2018-06": {
            "month": "2018-06",
            "price": "39.28",
            "revenue": 2010
        },
        "2018-07": {
            "month": "2018-07",
            "price": "38.99",
            "revenue": 10035
        },
        "2018-08": {
            "month": "2018-08",
            "price": "41.79",
            "revenue": 1498
        },
        "2018-09": {
            "month": "2018-09",
            "price": "39.21",
            "revenue": 1809
        },
        "2018-10": {
            "month": "2018-10",
            "price": "36.42",
            "revenue": 2040
        },
        "2018-11": {
            "month": "2018-11",
            "price": "39.75",
            "revenue": 14233
        },
        "2018-12": {
            "month": "2018-12",
            "price": "58.64",
            "revenue": 40217
        },
        "2019-01": {
            "month": "2019-01",
            "price": "65.79",
            "revenue": 20763
        },
        "2019-02": {
            "month": "2019-02",
            "price": "64.86",
            "revenue": 22202
        },
        "2019-03": {
            "month": "2019-03",
            "price": "62.54",
            "revenue": 45137
        },
        "2019-04": {
            "month": "2019-04",
            "price": "64.22",
            "revenue": 19862
        },
        "2019-05": {
            "month": "2019-05",
            "price": "53.95",
            "revenue": 40982
        },
        "2019-06": {
            "month": "2019-06",
            "price": "52.37",
            "revenue": 16086
        },
        "2019-07": {
            "month": "2019-07",
            "price": "53.25",
            "revenue": 31756
        },
        "2019-08": {
            "month": "2019-08",
            "price": "50.01",
            "revenue": 30865
        },
        "2019-09": {
            "month": "2019-09",
            "price": "45.08",
            "revenue": 24043
        },
        "2019-10": {
            "month": "2019-10",
            "price": "43.59",
            "revenue": 27454
        },
        "2019-11": {
            "month": "2019-11",
            "price": "43.94",
            "revenue": 20042
        },
        "2019-12": {
            "month": "2019-12",
            "price": "42.07",
            "revenue": 28724
        },
        "2020-01": {
            "month": "2020-01",
            "price": "40.62",
            "revenue": 12540
        },
        "2020-02": {
            "month": "2020-02",
            "price": "37.61",
            "revenue": 33619
        },
        "2020-03": {
            "month": "2020-03",
            "price": "31.17",
            "revenue": 5359
        },
        "2020-04": {
            "month": "2020-04",
            "price": "30.00",
            "revenue": 5698
        },
        "2020-05": {
            "month": "2020-05",
            "price": "32.49",
            "revenue": 26605
        },
        "2020-06": {
            "month": "2020-06",
            "price": "31.68",
            "revenue": 20033
        },
        "2020-07": {
            "month": "2020-07",
            "price": "30.47",
            "revenue": 11725
        },
        "2020-08": {
            "month": "2020-08",
            "price": "29.66",
            "revenue": 4022
        },
        "2020-09": {
            "month": "2020-09",
            "price": "29.67",
            "revenue": 7922
        },
        "2020-10": {
            "month": "2020-10",
            "price": "28.71",
            "revenue": 5525
        },
        "2020-11": {
            "month": "2020-11",
            "price": "38.93",
            "revenue": 5856
        },
        "2020-12": {
            "month": "2020-12",
            "price": "39.19",
            "revenue": 6349
        },
        "2021-01": {
            "month": "2021-01",
            "price": "36.58",
            "revenue": 5453
        },
        "2021-02": {
            "month": "2021-02",
            "price": "33.71",
            "revenue": 2059
        },
        "2021-03": {
            "month": "2021-03",
            "price": "33.14",
            "revenue": 4575
        },
        "2021-04": {
            "month": "2021-04",
            "price": "37.23",
            "revenue": 3111
        },
        "2021-05": {
            "month": "2021-05",
            "price": "30.81",
            "revenue": 2050
        },
        "2021-06": {
            "month": "2021-06",
            "price": "36.76",
            "revenue": 2192
        },
        "2021-07": {
            "month": "2021-07",
            "price": "37.29",
            "revenue": 17400
        },
        "2021-08": {
            "month": "2021-08",
            "price": "35.55",
            "revenue": 11090
        },
        "2021-09": {
            "month": "2021-09",
            "price": "34.10",
            "revenue": 2168
        },
        "2021-10": {
            "month": "2021-10",
            "price": "33.28",
            "revenue": 8593
        },
        "2021-11": {
            "month": "2021-11",
            "price": "37.09",
            "revenue": 2598
        },
        "2021-12": {
            "month": "2021-12",
            "price": "38.54",
            "revenue": 5013
        },
        "2022-01": {
            "month": "2022-01",
            "price": "44.44",
            "revenue": 3801
        },
        "2022-02": {
            "month": "2022-02",
            "price": "41.23",
            "revenue": 2719
        },
        "2022-03": {
            "month": "2022-03",
            "price": "39.19",
            "revenue": 10476
        },
        "2022-04": {
            "month": "2022-04",
            "price": "40.58",
            "revenue": 1932
        },
        "2022-05": {
            "month": "2022-05",
            "price": "37.36",
            "revenue": 13589
        },
        "2022-06": {
            "month": "2022-06",
            "price": "39.05",
            "revenue": 5073
        },
        "2022-07": {
            "month": "2022-07",
            "price": "38.74",
            "revenue": 15991
        },
        "2022-08": {
            "month": "2022-08",
            "price": "38.75",
            "revenue": 9290
        },
        "2022-09": {
            "month": "2022-09",
            "price": "35.10",
            "revenue": 19610
        },
        "2022-10": {
            "month": "2022-10",
            "price": "33.42",
            "revenue": 23117
        },
        "2022-11": {
            "month": "2022-11",
            "price": "38.54",
            "revenue": 47793
        },
        "2022-12": {
            "month": "2022-12",
            "price": "39.38",
            "revenue": 54001
        },
        "2023-01": {
            "month": "2023-01",
            "price": "41.42",
            "revenue": 20122
        },
        "2023-02": {
            "month": "2023-02",
            "price": "44.75",
            "revenue": 31489
        },
        "2023-03": {
            "month": "2023-03",
            "price": "42.05",
            "revenue": 51155
        },
        "2023-04": {
            "month": "2023-04",
            "price": "47.98",
            "revenue": 54455
        }
    }
}
