{
    "summary": {
        "stock_name": "台虹",
        "stock_id": "8039",
        "category": "電子零組件",
        "main_business": "高分子薄膜銅箔積層板<br>保護膠片",
        "website_url": "http://www.taiflex.com.tw",
        "ceo": "江宗翰",
        "pe_ratio": 23,
        "report_year_from": 2001,
        "report_year_to": 2023,
        "age": 23,
        "eps_negative_percentage": 0,
        "eps_growth_avg": {
            "last_all": 3.28,
            "last_2y": -16.56,
            "last_4y": -6.66,
            "last_8y": -6.17,
            "last_12y": -2.64,
            "last_16y": 2.65,
            "last_20y": null,
            "at_2006_last_3y": null,
            "at_2007_last_3y": -4.28,
            "at_2008_last_3y": -26.97,
            "at_2009_last_3y": -12.39,
            "at_2010_last_3y": 19.86,
            "at_2011_last_3y": 20.67,
            "at_2012_last_3y": 30.9,
            "at_2013_last_3y": 32.32,
            "at_2014_last_3y": 5.3,
            "at_2015_last_3y": 9.76,
            "at_2016_last_3y": 2.69,
            "at_2017_last_3y": -6.37,
            "at_2018_last_3y": -5.56,
            "at_2019_last_3y": -3.04,
            "at_2020_last_3y": 8.03,
            "at_2021_last_3y": 0.56,
            "at_2022_last_3y": 1.68,
            "at_2023_last_3y": -6.69,
            "at_2024_last_3y": -6.69,
            "at_2006_last_all": 6.86,
            "at_2007_last_all": -4.28,
            "at_2008_last_all": -10.22,
            "at_2009_last_all": 0.75,
            "at_2010_last_all": 14.29,
            "at_2011_last_all": 8.19,
            "at_2012_last_all": 8.06,
            "at_2013_last_all": 13.37,
            "at_2014_last_all": 11.02,
            "at_2015_last_all": 8.72,
            "at_2016_last_all": 6.4,
            "at_2017_last_all": 7.73,
            "at_2018_last_all": 6.6,
            "at_2019_last_all": 5.78,
            "at_2020_last_all": 6.79,
            "at_2021_last_all": 6.14,
            "at_2022_last_all": 5.56,
            "at_2023_last_all": 3.28,
            "at_2024_last_all": 3.28
        },
        "latest_eps": 2.02,
        "latest_price": 46.55,
        "latest_roe": 4.48,
        "latest_gross_margin": 21.67,
        "latest_equity": 8068627,
        "latest_revenue": 2181394,
        "latest_gross_profit": 472700,
        "latest_net_income": 34976,
        "latest_debt_ratio": 38.08,
        "latest_current_ratio": 179.73,
        "latest_account_receivable_turnover_ratio": 0.55,
        "latest_inventory_turnover_ratio": 1.08,
        "latest_reinvestment_rate": 57.08,
        "latest_research_to_sale_ratio": 4.67
    },
    "eps_dividends": {
        "2001": {
            "cash": 0,
            "stock": 0,
            "eps": 0
        },
        "2002": {
            "cash": 0,
            "stock": 0,
            "eps": 0
        },
        "2003": {
            "cash": 0,
            "stock": 0,
            "eps": 3.45
        },
        "2004": {
            "cash": 1,
            "stock": 1.38,
            "eps": 5.41
        },
        "2005": {
            "cash": 1,
            "stock": 2.5,
            "eps": 5.26
        },
        "2006": {
            "cash": 2,
            "stock": 2,
            "eps": 3.5
        },
        "2007": {
            "cash": 0.75,
            "stock": 0.75,
            "eps": 2.18
        },
        "2008": {
            "cash": 0.35,
            "stock": 0.7,
            "eps": 1.44
        },
        "2009": {
            "cash": 1.2,
            "stock": 0,
            "eps": 2.24
        },
        "2010": {
            "cash": 1.21,
            "stock": 0.73,
            "eps": 4.38
        },
        "2011": {
            "cash": 4.15,
            "stock": 0.65,
            "eps": 2.87
        },
        "2012": {
            "cash": 0,
            "stock": 0,
            "eps": 3.07
        },
        "2013": {
            "cash": 1.5,
            "stock": 0,
            "eps": 4.95
        },
        "2014": {
            "cash": 2.5,
            "stock": 0,
            "eps": 4.33
        },
        "2015": {
            "cash": 3,
            "stock": 0,
            "eps": 3.61
        },
        "2016": {
            "cash": 2,
            "stock": 0.2,
            "eps": 2.84
        },
        "2017": {
            "cash": 2,
            "stock": 0,
            "eps": 3.55
        },
        "2018": {
            "cash": 2.5,
            "stock": 0,
            "eps": 3.22
        },
        "2019": {
            "cash": 2.5,
            "stock": 0,
            "eps": 3.01
        },
        "2020": {
            "cash": 2.5,
            "stock": 0,
            "eps": 3.7
        },
        "2021": {
            "cash": 2.5,
            "stock": 0,
            "eps": 3.52
        },
        "2022": {
            "cash": 2.5,
            "stock": 0,
            "eps": 3.35
        },
        "2023": {
            "cash": 2.5,
            "stock": 0,
            "eps": 2.01
        },
        "2024": {
            "cash": 1,
            "stock": 0.5,
            "eps": 0
        }
    },
    "dividends": {
        "2004-02-27": {
            "cash": 1,
            "stock": 1.38
        },
        "2005-03-25": {
            "cash": 1,
            "stock": 2.5
        },
        "2006-07-10": {
            "cash": 2,
            "stock": 2
        },
        "2007-03-27": {
            "cash": 0.75,
            "stock": 0.75
        },
        "2008-03-18": {
            "cash": 0.35,
            "stock": 0.7
        },
        "2009-03-27": {
            "cash": 1.2,
            "stock": 0
        },
        "2010-02-25": {
            "cash": 1.21,
            "stock": 0.73
        },
        "2011-01-01": {
            "cash": 1.8,
            "stock": 0
        },
        "2011-03-21": {
            "cash": 2.35,
            "stock": 0.65
        },
        "2013-02-27": {
            "cash": 1.5,
            "stock": 0
        },
        "2014-08-15": {
            "cash": 2.5,
            "stock": 0
        },
        "2015-09-15": {
            "cash": 3,
            "stock": 0
        },
        "2016-09-14": {
            "cash": 2,
            "stock": 0.2
        },
        "2017-09-08": {
            "cash": 2,
            "stock": 0
        },
        "2018-09-06": {
            "cash": 2.5,
            "stock": 0
        },
        "2019-07-18": {
            "cash": 2.5,
            "stock": 0
        },
        "2020-07-23": {
            "cash": 2.5,
            "stock": 0
        },
        "2021-09-03": {
            "cash": 2.5,
            "stock": 0
        },
        "2022-08-11": {
            "cash": 2.5,
            "stock": 0
        },
        "2023-08-03": {
            "cash": 2.5,
            "stock": 0
        },
        "2024-02-20": {
            "cash": 1,
            "stock": 0.5
        }
    },
    "prices": {
        "200101": "無",
        "200102": "無",
        "200103": "無",
        "200104": "無",
        "200105": "無",
        "200106": "無",
        "200107": "無",
        "200108": "無",
        "200109": "無",
        "200110": "無",
        "200111": "無",
        "200112": "無",
        "200201": "無",
        "200202": "無",
        "200203": "無",
        "200204": "無",
        "200205": "無",
        "200206": "無",
        "200207": "無",
        "200208": "無",
        "200209": "無",
        "200210": "無",
        "200211": "無",
        "200212": "無",
        "200301": "無",
        "200302": "無",
        "200303": "無",
        "200304": "無",
        "200305": "無",
        "200306": "無",
        "200307": "無",
        "200308": "無",
        "200309": "41.15",
        "200310": "47.62",
        "200311": "57.55",
        "200312": "55.61",
        "200401": "86.23",
        "200402": "93.35",
        "200403": "87.46",
        "200404": "89.95",
        "200405": "84.69",
        "200406": "71.93",
        "200407": "58.93",
        "200408": "51.64",
        "200409": "49.74",
        "200410": "41.84",
        "200411": "41.66",
        "200412": "39.81",
        "200501": "39.50",
        "200502": "42.76",
        "200503": "46.60",
        "200504": "45.01",
        "200505": "44.51",
        "200506": "45.21",
        "200507": "50.59",
        "200508": "45.68",
        "200509": "53.28",
        "200510": "58.78",
        "200511": "59.90",
        "200512": "62.03",
        "200601": "62.15",
        "200602": "58.17",
        "200603": "54.88",
        "200604": "58.16",
        "200605": "54.70",
        "200606": "45.37",
        "200607": "38.76",
        "200608": "41.60",
        "200609": "42.15",
        "200610": "37.72",
        "200611": "35.00",
        "200612": "37.10",
        "200701": "49.55",
        "200702": "52.27",
        "200703": "54.58",
        "200704": "53.22",
        "200705": "50.28",
        "200706": "55.24",
        "200707": "64.40",
        "200708": "62.08",
        "200709": "50.71",
        "200710": "46.27",
        "200711": "32.82",
        "200712": "27.63",
        "200801": "29.01",
        "200802": "31.17",
        "200803": "32.87",
        "200804": "31.98",
        "200805": "34.71",
        "200806": "32.88",
        "200807": "29.78",
        "200808": "31.70",
        "200809": "27.62",
        "200810": "21.15",
        "200811": "15.00",
        "200812": "12.37",
        "200901": "12.52",
        "200902": "15.78",
        "200903": "17.56",
        "200904": "21.50",
        "200905": "26.28",
        "200906": "25.17",
        "200907": "36.33",
        "200908": "38.09",
        "200909": "38.86",
        "200910": "45.71",
        "200911": "43.81",
        "200912": "58.85",
        "201001": "56.20",
        "201002": "50.26",
        "201003": "57.41",
        "201004": "60.19",
        "201005": "61.84",
        "201006": "57.58",
        "201007": "60.30",
        "201008": "68.51",
        "201009": "70.78",
        "201010": "65.00",
        "201011": "65.31",
        "201012": "69.05",
        "201101": "70.46",
        "201102": "74.63",
        "201103": "69.00",
        "201104": "66.17",
        "201105": "59.16",
        "201106": "58.20",
        "201107": "64.31",
        "201108": "50.34",
        "201109": "44.82",
        "201110": "34.46",
        "201111": "32.12",
        "201112": "29.95",
        "201201": "32.94",
        "201202": "42.20",
        "201203": "39.77",
        "201204": "38.39",
        "201205": "44.06",
        "201206": "44.37",
        "201207": "42.30",
        "201208": "41.31",
        "201209": "37.66",
        "201210": "36.47",
        "201211": "31.91",
        "201212": "35.07",
        "201301": "36.37",
        "201302": "37.06",
        "201303": "37.22",
        "201304": "35.66",
        "201305": "40.16",
        "201306": "43.12",
        "201307": "41.34",
        "201308": "47.15",
        "201309": "50.24",
        "201310": "53.11",
        "201311": "62.23",
        "201312": "57.97",
        "201401": "58.81",
        "201402": "58.38",
        "201403": "57.40",
        "201404": "58.59",
        "201405": "61.19",
        "201406": "61.00",
        "201407": "57.82",
        "201408": "50.53",
        "201409": "50.51",
        "201410": "43.86",
        "201411": "42.98",
        "201412": "44.20",
        "201501": "44.64",
        "201502": "44.85",
        "201503": "48.80",
        "201504": "47.55",
        "201505": "45.18",
        "201506": "43.28",
        "201507": "44.91",
        "201508": "34.62",
        "201509": "35.36",
        "201510": "38.97",
        "201511": "38.65",
        "201512": "38.69",
        "201601": "35.13",
        "201602": "37.65",
        "201603": "37.58",
        "201604": "35.42",
        "201605": "34.81",
        "201606": "35.68",
        "201607": "35.88",
        "201608": "34.41",
        "201609": "32.51",
        "201610": "31.04",
        "201611": "30.17",
        "201612": "33.59",
        "201701": "36.30",
        "201702": "38.51",
        "201703": "37.75",
        "201704": "36.59",
        "201705": "38.46",
        "201706": "39.98",
        "201707": "39.79",
        "201708": "48.44",
        "201709": "50.32",
        "201710": "49.49",
        "201711": "47.74",
        "201712": "52.17",
        "201801": "56.91",
        "201802": "48.20",
        "201803": "45.28",
        "201804": "41.66",
        "201805": "43.33",
        "201806": "44.27",
        "201807": "43.21",
        "201808": "42.88",
        "201809": "36.14",
        "201810": "32.13",
        "201811": "34.05",
        "201812": "34.89",
        "201901": "35.43",
        "201902": "37.82",
        "201903": "38.20",
        "201904": "40.04",
        "201905": "42.38",
        "201906": "40.42",
        "201907": "43.47",
        "201908": "42.49",
        "201909": "44.19",
        "201910": "42.50",
        "201911": "43.66",
        "201912": "46.29",
        "202001": "50.33",
        "202002": "44.80",
        "202003": "44.64",
        "202004": "45.34",
        "202005": "47.45",
        "202006": "47.32",
        "202007": "52.53",
        "202008": "52.73",
        "202009": "50.72",
        "202010": "50.29",
        "202011": "55.09",
        "202012": "54.73",
        "202101": "53.86",
        "202102": "52.30",
        "202103": "51.97",
        "202104": "54.36",
        "202105": "47.68",
        "202106": "50.30",
        "202107": "55.60",
        "202108": "50.52",
        "202109": "47.38",
        "202110": "46.06",
        "202111": "46.42",
        "202112": "46.67",
        "202201": "46.88",
        "202202": "46.38",
        "202203": "45.07",
        "202204": "44.55",
        "202205": "45.68",
        "202206": "45.74",
        "202207": "41.85",
        "202208": "41.10",
        "202209": "40.70",
        "202210": "39.22",
        "202211": "41.85",
        "202212": "41.57",
        "202301": "41.34",
        "202302": "42.10",
        "202303": "42.55",
        "202304": "42.39",
        "202305": "42.24",
        "202306": "43.11",
        "202307": "42.32",
        "202308": "42.58",
        "202309": "43.70",
        "202310": "42.14",
        "202311": "42.12",
        "202312": "44.24"
    },
    "quarters": {
        "20011": {
            "year_quarter": 20011,
            "year": 2001,
            "quarter": 1,
            "eps": null,
            "eps_growth_year": null,
            "eps_4q": null,
            "eps_4q_growth_year": null,
            "roe": null,
            "roe_4q": 0,
            "gross_profit": null,
            "gross_margin": null,
            "gross_margin_4q_avg": 0,
            "net_income": null,
            "net_income_4q": null,
            "revenue": null,
            "revenue_4q": null,
            "common_shares": null,
            "book_valuer_per_share": null,
            "book_valuer_per_share_4q_avg": 0,
            "equity": null,
            "current_ratio": null,
            "debt_ratio": null,
            "inventory_turnover_ratio": null,
            "account_receivable_turnover_ratio": null,
            "reinvestment_rate": null,
            "research_to_sale_ratio": null,
            "price_fair": 0,
            "eps_avg_yearly": 0,
            "eps_latest_yearly": 0,
            "eps_growth_yearly": 0
        },
        "20012": {
            "year_quarter": 20012,
            "year": 2001,
            "quarter": 2,
            "eps": null,
            "eps_growth_year": null,
            "eps_4q": null,
            "eps_4q_growth_year": null,
            "roe": null,
            "roe_4q": 0,
            "gross_profit": null,
            "gross_margin": null,
            "gross_margin_4q_avg": 0,
            "net_income": null,
            "net_income_4q": null,
            "revenue": null,
            "revenue_4q": null,
            "common_shares": null,
            "book_valuer_per_share": null,
            "book_valuer_per_share_4q_avg": 0,
            "equity": null,
            "current_ratio": null,
            "debt_ratio": null,
            "inventory_turnover_ratio": null,
            "account_receivable_turnover_ratio": null,
            "reinvestment_rate": null,
            "research_to_sale_ratio": null,
            "price_fair": 0,
            "eps_avg_yearly": 0,
            "eps_latest_yearly": 0,
            "eps_growth_yearly": 0
        },
        "20013": {
            "year_quarter": 20013,
            "year": 2001,
            "quarter": 3,
            "eps": null,
            "eps_growth_year": null,
            "eps_4q": null,
            "eps_4q_growth_year": null,
            "roe": null,
            "roe_4q": 0,
            "gross_profit": null,
            "gross_margin": null,
            "gross_margin_4q_avg": 0,
            "net_income": null,
            "net_income_4q": null,
            "revenue": null,
            "revenue_4q": null,
            "common_shares": null,
            "book_valuer_per_share": null,
            "book_valuer_per_share_4q_avg": 0,
            "equity": null,
            "current_ratio": null,
            "debt_ratio": null,
            "inventory_turnover_ratio": null,
            "account_receivable_turnover_ratio": null,
            "reinvestment_rate": null,
            "research_to_sale_ratio": null,
            "price_fair": 0,
            "eps_avg_yearly": 0,
            "eps_latest_yearly": 0,
            "eps_growth_yearly": 0
        },
        "20014": {
            "year_quarter": 20014,
            "year": 2001,
            "quarter": 4,
            "eps": null,
            "eps_growth_year": null,
            "eps_4q": null,
            "eps_4q_growth_year": null,
            "roe": null,
            "roe_4q": 0,
            "gross_profit": null,
            "gross_margin": null,
            "gross_margin_4q_avg": 0,
            "net_income": null,
            "net_income_4q": null,
            "revenue": null,
            "revenue_4q": null,
            "common_shares": 400000,
            "book_valuer_per_share": 9.04,
            "book_valuer_per_share_4q_avg": 2.26,
            "equity": 361569,
            "current_ratio": 238.89,
            "debt_ratio": 29.31,
            "inventory_turnover_ratio": null,
            "account_receivable_turnover_ratio": null,
            "reinvestment_rate": null,
            "research_to_sale_ratio": null,
            "price_fair": 0,
            "eps_avg_yearly": 0,
            "eps_latest_yearly": 0,
            "eps_growth_yearly": 0
        },
        "20021": {
            "year_quarter": 20021,
            "year": 2002,
            "quarter": 1,
            "eps": null,
            "eps_growth_year": null,
            "eps_4q": null,
            "eps_4q_growth_year": null,
            "roe": null,
            "roe_4q": 0,
            "gross_profit": null,
            "gross_margin": null,
            "gross_margin_4q_avg": 0,
            "net_income": null,
            "net_income_4q": null,
            "revenue": null,
            "revenue_4q": null,
            "common_shares": null,
            "book_valuer_per_share": null,
            "book_valuer_per_share_4q_avg": 2.26,
            "equity": null,
            "current_ratio": null,
            "debt_ratio": null,
            "inventory_turnover_ratio": null,
            "account_receivable_turnover_ratio": null,
            "reinvestment_rate": null,
            "research_to_sale_ratio": null,
            "price_fair": 0,
            "eps_avg_yearly": 0,
            "eps_latest_yearly": 0,
            "eps_growth_yearly": 0
        },
        "20022": {
            "year_quarter": 20022,
            "year": 2002,
            "quarter": 2,
            "eps": null,
            "eps_growth_year": null,
            "eps_4q": null,
            "eps_4q_growth_year": null,
            "roe": null,
            "roe_4q": 0,
            "gross_profit": null,
            "gross_margin": null,
            "gross_margin_4q_avg": 0,
            "net_income": null,
            "net_income_4q": null,
            "revenue": null,
            "revenue_4q": null,
            "common_shares": null,
            "book_valuer_per_share": null,
            "book_valuer_per_share_4q_avg": 2.26,
            "equity": null,
            "current_ratio": null,
            "debt_ratio": null,
            "inventory_turnover_ratio": null,
            "account_receivable_turnover_ratio": null,
            "reinvestment_rate": null,
            "research_to_sale_ratio": null,
            "price_fair": 0,
            "eps_avg_yearly": 0,
            "eps_latest_yearly": 0,
            "eps_growth_yearly": 0
        },
        "20023": {
            "year_quarter": 20023,
            "year": 2002,
            "quarter": 3,
            "eps": null,
            "eps_growth_year": null,
            "eps_4q": null,
            "eps_4q_growth_year": null,
            "roe": null,
            "roe_4q": 0,
            "gross_profit": null,
            "gross_margin": null,
            "gross_margin_4q_avg": 0,
            "net_income": null,
            "net_income_4q": null,
            "revenue": null,
            "revenue_4q": null,
            "common_shares": null,
            "book_valuer_per_share": null,
            "book_valuer_per_share_4q_avg": 2.26,
            "equity": null,
            "current_ratio": null,
            "debt_ratio": null,
            "inventory_turnover_ratio": null,
            "account_receivable_turnover_ratio": null,
            "reinvestment_rate": null,
            "research_to_sale_ratio": null,
            "price_fair": 0,
            "eps_avg_yearly": 0,
            "eps_latest_yearly": 0,
            "eps_growth_yearly": 0
        },
        "20024": {
            "year_quarter": 20024,
            "year": 2002,
            "quarter": 4,
            "eps": null,
            "eps_growth_year": null,
            "eps_4q": null,
            "eps_4q_growth_year": null,
            "roe": null,
            "roe_4q": 0,
            "gross_profit": null,
            "gross_margin": null,
            "gross_margin_4q_avg": 0,
            "net_income": null,
            "net_income_4q": null,
            "revenue": null,
            "revenue_4q": null,
            "common_shares": 450000,
            "book_valuer_per_share": 10.92,
            "book_valuer_per_share_4q_avg": 2.73,
            "equity": 491576,
            "current_ratio": 187.42,
            "debt_ratio": 36.72,
            "inventory_turnover_ratio": null,
            "account_receivable_turnover_ratio": null,
            "reinvestment_rate": null,
            "research_to_sale_ratio": null,
            "price_fair": 0,
            "eps_avg_yearly": 0,
            "eps_latest_yearly": 0,
            "eps_growth_yearly": 0
        },
        "20031": {
            "year_quarter": 20031,
            "year": 2003,
            "quarter": 1,
            "eps": 0.63,
            "eps_growth_year": null,
            "eps_4q": null,
            "eps_4q_growth_year": null,
            "roe": 5.46,
            "roe_4q": 5.46,
            "gross_profit": 53758,
            "gross_margin": 22.37,
            "gross_margin_4q_avg": 5.59,
            "net_income": 29644,
            "net_income_4q": null,
            "revenue": 240307,
            "revenue_4q": null,
            "common_shares": 500000,
            "book_valuer_per_share": 11.89,
            "book_valuer_per_share_4q_avg": 5.7,
            "equity": 594643,
            "current_ratio": 245.76,
            "debt_ratio": 27.37,
            "inventory_turnover_ratio": 1.63,
            "account_receivable_turnover_ratio": null,
            "reinvestment_rate": null,
            "research_to_sale_ratio": null,
            "price_fair": 0,
            "eps_avg_yearly": 0,
            "eps_latest_yearly": 0,
            "eps_growth_yearly": 0
        },
        "20032": {
            "year_quarter": 20032,
            "year": 2003,
            "quarter": 2,
            "eps": 0.5,
            "eps_growth_year": null,
            "eps_4q": null,
            "eps_4q_growth_year": null,
            "roe": 4.03,
            "roe_4q": 9.49,
            "gross_profit": 50230,
            "gross_margin": 22.08,
            "gross_margin_4q_avg": 11.11,
            "net_income": 24473,
            "net_income_4q": null,
            "revenue": 227454,
            "revenue_4q": null,
            "common_shares": 500000,
            "book_valuer_per_share": 12.38,
            "book_valuer_per_share_4q_avg": 8.8,
            "equity": 619044,
            "current_ratio": 234.79,
            "debt_ratio": 30.13,
            "inventory_turnover_ratio": 1.28,
            "account_receivable_turnover_ratio": null,
            "reinvestment_rate": null,
            "research_to_sale_ratio": null,
            "price_fair": 6,
            "eps_avg_yearly": 2,
            "eps_latest_yearly": 2,
            "eps_growth_yearly": -82.54
        },
        "20033": {
            "year_quarter": 20033,
            "year": 2003,
            "quarter": 3,
            "eps": 1.02,
            "eps_growth_year": null,
            "eps_4q": null,
            "eps_4q_growth_year": null,
            "roe": 7.82,
            "roe_4q": 17.310000000000002,
            "gross_profit": 91995,
            "gross_margin": 26.84,
            "gross_margin_4q_avg": 17.82,
            "net_income": 60081,
            "net_income_4q": null,
            "revenue": 342803,
            "revenue_4q": null,
            "common_shares": 587500,
            "book_valuer_per_share": 15.63,
            "book_valuer_per_share_4q_avg": 12.71,
            "equity": 918482,
            "current_ratio": 263.52,
            "debt_ratio": 26.63,
            "inventory_turnover_ratio": 1.84,
            "account_receivable_turnover_ratio": null,
            "reinvestment_rate": null,
            "research_to_sale_ratio": null,
            "price_fair": 106.4,
            "eps_avg_yearly": 3.04,
            "eps_latest_yearly": 4.08,
            "eps_growth_yearly": 166.73
        },
        "20034": {
            "year_quarter": 20034,
            "year": 2003,
            "quarter": 4,
            "eps": 1.3,
            "eps_growth_year": null,
            "eps_4q": 3.62,
            "eps_4q_growth_year": null,
            "roe": 6.38,
            "roe_4q": 23.69,
            "gross_profit": 132515,
            "gross_margin": 26.85,
            "gross_margin_4q_avg": 24.54,
            "net_income": 64009,
            "net_income_4q": null,
            "revenue": 493507,
            "revenue_4q": null,
            "common_shares": 587500,
            "book_valuer_per_share": 18.51,
            "book_valuer_per_share_4q_avg": 14.6,
            "equity": 1087437,
            "current_ratio": 207.76,
            "debt_ratio": 34.55,
            "inventory_turnover_ratio": 2.27,
            "account_receivable_turnover_ratio": null,
            "reinvestment_rate": null,
            "research_to_sale_ratio": null,
            "price_fair": 131.6,
            "eps_avg_yearly": 3.76,
            "eps_latest_yearly": 5.2,
            "eps_growth_yearly": 147.75
        },
        "20041": {
            "year_quarter": 20041,
            "year": 2004,
            "quarter": 1,
            "eps": 1.34,
            "eps_growth_year": 112.7,
            "eps_4q": 3.88,
            "eps_4q_growth_year": null,
            "roe": 6.97,
            "roe_4q": 25.200000000000003,
            "gross_profit": 149014,
            "gross_margin": 28.37,
            "gross_margin_4q_avg": 26.04,
            "net_income": 78499,
            "net_income_4q": null,
            "revenue": 525341,
            "revenue_4q": null,
            "common_shares": 587500,
            "book_valuer_per_share": 19.82,
            "book_valuer_per_share_4q_avg": 16.59,
            "equity": 1164483,
            "current_ratio": 195.44,
            "debt_ratio": 35.73,
            "inventory_turnover_ratio": 1.84,
            "account_receivable_turnover_ratio": null,
            "reinvestment_rate": null,
            "research_to_sale_ratio": null,
            "price_fair": 145.6,
            "eps_avg_yearly": 4.16,
            "eps_latest_yearly": 5.36,
            "eps_growth_yearly": 113.89
        },
        "20042": {
            "year_quarter": 20042,
            "year": 2004,
            "quarter": 2,
            "eps": 1.82,
            "eps_growth_year": 264,
            "eps_4q": 5.26,
            "eps_4q_growth_year": null,
            "roe": 9.05,
            "roe_4q": 30.22,
            "gross_profit": 163026,
            "gross_margin": 27.64,
            "gross_margin_4q_avg": 27.43,
            "net_income": 107066,
            "net_income_4q": null,
            "revenue": 589724,
            "revenue_4q": null,
            "common_shares": 587500,
            "book_valuer_per_share": 20.47,
            "book_valuer_per_share_4q_avg": 18.61,
            "equity": 1202731,
            "current_ratio": 228.58,
            "debt_ratio": 51.66,
            "inventory_turnover_ratio": 1.55,
            "account_receivable_turnover_ratio": null,
            "reinvestment_rate": null,
            "research_to_sale_ratio": null,
            "price_fair": 167.44,
            "eps_avg_yearly": 4.78,
            "eps_latest_yearly": 7.28,
            "eps_growth_yearly": 119.77
        },
        "20043": {
            "year_quarter": 20043,
            "year": 2004,
            "quarter": 3,
            "eps": 1.28,
            "eps_growth_year": 25.49,
            "eps_4q": 4.9,
            "eps_4q_growth_year": null,
            "roe": 6.29,
            "roe_4q": 28.689999999999998,
            "gross_profit": 127396,
            "gross_margin": 25.48,
            "gross_margin_4q_avg": 27.09,
            "net_income": 88229,
            "net_income_4q": null,
            "revenue": 499899,
            "revenue_4q": null,
            "common_shares": 740384,
            "book_valuer_per_share": 21.66,
            "book_valuer_per_share_4q_avg": 20.12,
            "equity": 1603852,
            "current_ratio": 260.21,
            "debt_ratio": 42.81,
            "inventory_turnover_ratio": 0.97,
            "account_receivable_turnover_ratio": null,
            "reinvestment_rate": null,
            "research_to_sale_ratio": null,
            "price_fair": 169.4,
            "eps_avg_yearly": 4.84,
            "eps_latest_yearly": 5.12,
            "eps_growth_yearly": 80.03
        },
        "20044": {
            "year_quarter": 20044,
            "year": 2004,
            "quarter": 4,
            "eps": 0.97,
            "eps_growth_year": -25.38,
            "eps_4q": 4.87,
            "eps_4q_growth_year": 34.54,
            "roe": 4.17,
            "roe_4q": 26.48,
            "gross_profit": 118378,
            "gross_margin": 27.27,
            "gross_margin_4q_avg": 27.19,
            "net_income": 68106,
            "net_income_4q": null,
            "revenue": 434156,
            "revenue_4q": null,
            "common_shares": 740384,
            "book_valuer_per_share": 22.45,
            "book_valuer_per_share_4q_avg": 21.1,
            "equity": 1663185,
            "current_ratio": 323.82,
            "debt_ratio": 38.77,
            "inventory_turnover_ratio": 0.7,
            "account_receivable_turnover_ratio": null,
            "reinvestment_rate": null,
            "research_to_sale_ratio": null,
            "price_fair": 164.6,
            "eps_avg_yearly": 4.7,
            "eps_latest_yearly": 3.88,
            "eps_growth_yearly": 54.76
        },
        "20051": {
            "year_quarter": 20051,
            "year": 2005,
            "quarter": 1,
            "eps": 0.56,
            "eps_growth_year": -58.21,
            "eps_4q": 4.1,
            "eps_4q_growth_year": 5.86,
            "roe": 2.47,
            "roe_4q": 21.98,
            "gross_profit": 107049,
            "gross_margin": 24.25,
            "gross_margin_4q_avg": 26.16,
            "net_income": 41631,
            "net_income_4q": null,
            "revenue": 441490,
            "revenue_4q": null,
            "common_shares": 740384,
            "book_valuer_per_share": 23,
            "book_valuer_per_share_4q_avg": 21.9,
            "equity": 1702708,
            "current_ratio": 355.41,
            "debt_ratio": 36.08,
            "inventory_turnover_ratio": 0.81,
            "account_receivable_turnover_ratio": null,
            "reinvestment_rate": null,
            "research_to_sale_ratio": null,
            "price_fair": 153.83,
            "eps_avg_yearly": 4.4,
            "eps_latest_yearly": 2.24,
            "eps_growth_yearly": 26.78
        },
        "20052": {
            "year_quarter": 20052,
            "year": 2005,
            "quarter": 2,
            "eps": 1.26,
            "eps_growth_year": -30.77,
            "eps_4q": 3.93,
            "eps_4q_growth_year": -25.42,
            "roe": 5.5,
            "roe_4q": 18.43,
            "gross_profit": 168235,
            "gross_margin": 28.29,
            "gross_margin_4q_avg": 26.32,
            "net_income": 93565,
            "net_income_4q": null,
            "revenue": 594765,
            "revenue_4q": null,
            "common_shares": 740384,
            "book_valuer_per_share": 22.95,
            "book_valuer_per_share_4q_avg": 22.52,
            "equity": 1699019,
            "current_ratio": 267.2,
            "debt_ratio": 39.92,
            "inventory_turnover_ratio": 1.22,
            "account_receivable_turnover_ratio": null,
            "reinvestment_rate": null,
            "research_to_sale_ratio": null,
            "price_fair": 156.33,
            "eps_avg_yearly": 4.47,
            "eps_latest_yearly": 5.04,
            "eps_growth_yearly": 79.36
        },
        "20053": {
            "year_quarter": 20053,
            "year": 2005,
            "quarter": 3,
            "eps": 1.71,
            "eps_growth_year": 33.59,
            "eps_4q": 3.87,
            "eps_4q_growth_year": -21.12,
            "roe": 9.02,
            "roe_4q": 21.159999999999997,
            "gross_profit": 259325,
            "gross_margin": 32.59,
            "gross_margin_4q_avg": 28.1,
            "net_income": 161270,
            "net_income_4q": null,
            "revenue": 795694,
            "revenue_4q": null,
            "common_shares": 940368,
            "book_valuer_per_share": 19.95,
            "book_valuer_per_share_4q_avg": 22.09,
            "equity": 1876041,
            "current_ratio": 279.88,
            "debt_ratio": 38.43,
            "inventory_turnover_ratio": 1.69,
            "account_receivable_turnover_ratio": null,
            "reinvestment_rate": null,
            "research_to_sale_ratio": null,
            "price_fair": 164.64,
            "eps_avg_yearly": 4.7,
            "eps_latest_yearly": 6.84,
            "eps_growth_yearly": 85.71
        },
        "20054": {
            "year_quarter": 20054,
            "year": 2005,
            "quarter": 4,
            "eps": 1.73,
            "eps_growth_year": 78.35,
            "eps_4q": 4.88,
            "eps_4q_growth_year": 0.25,
            "roe": 8.27,
            "roe_4q": 25.259999999999998,
            "gross_profit": 284708,
            "gross_margin": 33.57,
            "gross_margin_4q_avg": 29.68,
            "net_income": 162727,
            "net_income_4q": null,
            "revenue": 848020,
            "revenue_4q": null,
            "common_shares": 946283,
            "book_valuer_per_share": 21.76,
            "book_valuer_per_share_4q_avg": 21.92,
            "equity": 2060989,
            "current_ratio": 261.8,
            "debt_ratio": 40.45,
            "inventory_turnover_ratio": 1.28,
            "account_receivable_turnover_ratio": null,
            "reinvestment_rate": null,
            "research_to_sale_ratio": null,
            "price_fair": 171.69,
            "eps_avg_yearly": 4.91,
            "eps_latest_yearly": 6.92,
            "eps_growth_yearly": 78.34
        },
        "20061": {
            "year_quarter": 20061,
            "year": 2006,
            "quarter": 1,
            "eps": 0.93,
            "eps_growth_year": 66.07,
            "eps_4q": 5.33,
            "eps_4q_growth_year": 29.79,
            "roe": 4.19,
            "roe_4q": 26.98,
            "gross_profit": 174603,
            "gross_margin": 29.85,
            "gross_margin_4q_avg": 31.08,
            "net_income": 88346,
            "net_income_4q": null,
            "revenue": 585008,
            "revenue_4q": null,
            "common_shares": 950416,
            "book_valuer_per_share": 22.72,
            "book_valuer_per_share_4q_avg": 21.85,
            "equity": 2159180,
            "current_ratio": 259.64,
            "debt_ratio": 39.49,
            "inventory_turnover_ratio": 0.72,
            "account_receivable_turnover_ratio": null,
            "reinvestment_rate": null,
            "research_to_sale_ratio": null,
            "price_fair": 168.23,
            "eps_avg_yearly": 4.81,
            "eps_latest_yearly": 3.72,
            "eps_growth_yearly": 56.4
        },
        "20062": {
            "year_quarter": 20062,
            "year": 2006,
            "quarter": 2,
            "eps": 0.82,
            "eps_growth_year": -34.92,
            "eps_4q": 5.14,
            "eps_4q_growth_year": 30.97,
            "roe": 3.75,
            "roe_4q": 25.23,
            "gross_profit": 151927,
            "gross_margin": 27.52,
            "gross_margin_4q_avg": 30.88,
            "net_income": 78236,
            "net_income_4q": null,
            "revenue": 552089,
            "revenue_4q": null,
            "common_shares": 951781,
            "book_valuer_per_share": 21.11,
            "book_valuer_per_share_4q_avg": 21.39,
            "equity": 2009649,
            "current_ratio": 142.39,
            "debt_ratio": 43.49,
            "inventory_turnover_ratio": 0.69,
            "account_receivable_turnover_ratio": null,
            "reinvestment_rate": null,
            "research_to_sale_ratio": null,
            "price_fair": 164.12,
            "eps_avg_yearly": 4.69,
            "eps_latest_yearly": 3.28,
            "eps_growth_yearly": 48.42
        },
        "20063": {
            "year_quarter": 20063,
            "year": 2006,
            "quarter": 3,
            "eps": 0.88,
            "eps_growth_year": -48.54,
            "eps_4q": 3.72,
            "eps_4q_growth_year": -3.73,
            "roe": 4.94,
            "roe_4q": 21.150000000000002,
            "gross_profit": 161600,
            "gross_margin": 23.72,
            "gross_margin_4q_avg": 28.67,
            "net_income": 101980,
            "net_income_4q": null,
            "revenue": 681145,
            "revenue_4q": null,
            "common_shares": 953396,
            "book_valuer_per_share": 22.25,
            "book_valuer_per_share_4q_avg": 21.96,
            "equity": 2121653,
            "current_ratio": 151.21,
            "debt_ratio": 41.28,
            "inventory_turnover_ratio": 1.05,
            "account_receivable_turnover_ratio": null,
            "reinvestment_rate": null,
            "research_to_sale_ratio": null,
            "price_fair": 161.2,
            "eps_avg_yearly": 4.61,
            "eps_latest_yearly": 3.52,
            "eps_growth_yearly": 47.05
        },
        "20064": {
            "year_quarter": 20064,
            "year": 2006,
            "quarter": 4,
            "eps": 0.87,
            "eps_growth_year": -49.71,
            "eps_4q": 3.17,
            "eps_4q_growth_year": -35.11,
            "roe": 4.67,
            "roe_4q": 17.55,
            "gross_profit": 174180,
            "gross_margin": 24.27,
            "gross_margin_4q_avg": 26.34,
            "net_income": 101674,
            "net_income_4q": null,
            "revenue": 717569,
            "revenue_4q": null,
            "common_shares": 1166326,
            "book_valuer_per_share": 19.08,
            "book_valuer_per_share_4q_avg": 21.29,
            "equity": 2228205,
            "current_ratio": 202.82,
            "debt_ratio": 40.63,
            "inventory_turnover_ratio": 1.13,
            "account_receivable_turnover_ratio": null,
            "reinvestment_rate": 80.32,
            "research_to_sale_ratio": null,
            "price_fair": 158.57,
            "eps_avg_yearly": 4.53,
            "eps_latest_yearly": 3.48,
            "eps_growth_yearly": 43.61
        },
        "20071": {
            "year_quarter": 20071,
            "year": 2007,
            "quarter": 1,
            "eps": 0.36,
            "eps_growth_year": -61.29,
            "eps_4q": 2.57,
            "eps_4q_growth_year": -51.76,
            "roe": 1.81,
            "roe_4q": 15.170000000000002,
            "gross_profit": 132397,
            "gross_margin": 24.49,
            "gross_margin_4q_avg": 25,
            "net_income": 45934,
            "net_income_4q": null,
            "revenue": 540722,
            "revenue_4q": null,
            "common_shares": 1316326,
            "book_valuer_per_share": 21.62,
            "book_valuer_per_share_4q_avg": 21.02,
            "equity": 2845728,
            "current_ratio": 251.02,
            "debt_ratio": 29.7,
            "inventory_turnover_ratio": 0.78,
            "account_receivable_turnover_ratio": null,
            "reinvestment_rate": 66.1,
            "research_to_sale_ratio": null,
            "price_fair": 151.81,
            "eps_avg_yearly": 4.34,
            "eps_latest_yearly": 1.44,
            "eps_growth_yearly": 26.23
        },
        "20072": {
            "year_quarter": 20072,
            "year": 2007,
            "quarter": 2,
            "eps": 0.63,
            "eps_growth_year": -23.17,
            "eps_4q": 2.38,
            "eps_4q_growth_year": -53.73,
            "roe": 3.12,
            "roe_4q": 14.54,
            "gross_profit": 167373,
            "gross_margin": 24.5,
            "gross_margin_4q_avg": 24.25,
            "net_income": 89893,
            "net_income_4q": null,
            "revenue": 683173,
            "revenue_4q": null,
            "common_shares": 1352571,
            "book_valuer_per_share": 21.62,
            "book_valuer_per_share_4q_avg": 21.14,
            "equity": 2924517,
            "current_ratio": 266.29,
            "debt_ratio": 28.72,
            "inventory_turnover_ratio": 1.24,
            "account_receivable_turnover_ratio": null,
            "reinvestment_rate": 61.35,
            "research_to_sale_ratio": null,
            "price_fair": 152.95,
            "eps_avg_yearly": 4.37,
            "eps_latest_yearly": 2.52,
            "eps_growth_yearly": 50.14
        },
        "20073": {
            "year_quarter": 20073,
            "year": 2007,
            "quarter": 3,
            "eps": 0.86,
            "eps_growth_year": -2.27,
            "eps_4q": 2.5,
            "eps_4q_growth_year": -32.85,
            "roe": 4.11,
            "roe_4q": 13.71,
            "gross_profit": 270729,
            "gross_margin": 27.96,
            "gross_margin_4q_avg": 25.31,
            "net_income": 124620,
            "net_income_4q": null,
            "revenue": 968223,
            "revenue_4q": null,
            "common_shares": 1498549,
            "book_valuer_per_share": 20.94,
            "book_valuer_per_share_4q_avg": 20.82,
            "equity": 3138238,
            "current_ratio": 257.93,
            "debt_ratio": 29.61,
            "inventory_turnover_ratio": 1.81,
            "account_receivable_turnover_ratio": null,
            "reinvestment_rate": 48.64,
            "research_to_sale_ratio": null,
            "price_fair": 151.55,
            "eps_avg_yearly": 4.33,
            "eps_latest_yearly": 3.44,
            "eps_growth_yearly": 33.27
        },
        "20074": {
            "year_quarter": 20074,
            "year": 2007,
            "quarter": 4,
            "eps": 0.33,
            "eps_growth_year": -62.07,
            "eps_4q": 2.14,
            "eps_4q_growth_year": -32.35,
            "roe": 1.48,
            "roe_4q": 10.520000000000001,
            "gross_profit": 158975,
            "gross_margin": 24.2,
            "gross_margin_4q_avg": 25.29,
            "net_income": 47405,
            "net_income_4q": null,
            "revenue": 656984,
            "revenue_4q": null,
            "common_shares": 1501510,
            "book_valuer_per_share": 21.56,
            "book_valuer_per_share_4q_avg": 21.44,
            "equity": 3248838,
            "current_ratio": 298.18,
            "debt_ratio": 29.05,
            "inventory_turnover_ratio": 0.87,
            "account_receivable_turnover_ratio": null,
            "reinvestment_rate": 63.67,
            "research_to_sale_ratio": null,
            "price_fair": 85.83,
            "eps_avg_yearly": 4.09,
            "eps_latest_yearly": 1.32,
            "eps_growth_yearly": 11
        },
        "20081": {
            "year_quarter": 20081,
            "year": 2008,
            "quarter": 1,
            "eps": 0.18,
            "eps_growth_year": -50,
            "eps_4q": 1.91,
            "eps_4q_growth_year": -25.77,
            "roe": 0.83,
            "roe_4q": 9.54,
            "gross_profit": 123803,
            "gross_margin": 19.12,
            "gross_margin_4q_avg": 23.95,
            "net_income": 27351,
            "net_income_4q": null,
            "revenue": 647367,
            "revenue_4q": null,
            "common_shares": 1510935,
            "book_valuer_per_share": 21.62,
            "book_valuer_per_share_4q_avg": 21.44,
            "equity": 3333835,
            "current_ratio": 306.69,
            "debt_ratio": 27.51,
            "inventory_turnover_ratio": 0.72,
            "account_receivable_turnover_ratio": null,
            "reinvestment_rate": 58.47,
            "research_to_sale_ratio": null,
            "price_fair": 11.39,
            "eps_avg_yearly": 3.8,
            "eps_latest_yearly": 0.72,
            "eps_growth_yearly": -1.13
        },
        "20082": {
            "year_quarter": 20082,
            "year": 2008,
            "quarter": 2,
            "eps": 0.25,
            "eps_growth_year": -60.32,
            "eps_4q": 1.65,
            "eps_4q_growth_year": -30.58,
            "roe": 1.04,
            "roe_4q": 7.460000000000001,
            "gross_profit": 166856,
            "gross_margin": 21.57,
            "gross_margin_4q_avg": 23.21,
            "net_income": 36059,
            "net_income_4q": null,
            "revenue": 773415,
            "revenue_4q": null,
            "common_shares": 1510936,
            "book_valuer_per_share": 21.55,
            "book_valuer_per_share_4q_avg": 21.42,
            "equity": 3580007,
            "current_ratio": 260.6,
            "debt_ratio": 31.44,
            "inventory_turnover_ratio": 0.77,
            "account_receivable_turnover_ratio": null,
            "reinvestment_rate": 55.94,
            "research_to_sale_ratio": null,
            "price_fair": 10.22,
            "eps_avg_yearly": 3.41,
            "eps_latest_yearly": 1,
            "eps_growth_yearly": -0.37
        },
        "20083": {
            "year_quarter": 20083,
            "year": 2008,
            "quarter": 3,
            "eps": 1,
            "eps_growth_year": 16.28,
            "eps_4q": 1.67,
            "eps_4q_growth_year": -33,
            "roe": 4.68,
            "roe_4q": 8.03,
            "gross_profit": 313913,
            "gross_margin": 25.74,
            "gross_margin_4q_avg": 22.66,
            "net_income": 165056,
            "net_income_4q": null,
            "revenue": 1219473,
            "revenue_4q": null,
            "common_shares": 1635270,
            "book_valuer_per_share": 21.23,
            "book_valuer_per_share_4q_avg": 21.49,
            "equity": 3475428,
            "current_ratio": 225.26,
            "debt_ratio": 35.28,
            "inventory_turnover_ratio": 1.02,
            "account_receivable_turnover_ratio": null,
            "reinvestment_rate": 32.38,
            "research_to_sale_ratio": null,
            "price_fair": 116.73,
            "eps_avg_yearly": 3.34,
            "eps_latest_yearly": 4,
            "eps_growth_yearly": 82.05
        },
        "20084": {
            "year_quarter": 20084,
            "year": 2008,
            "quarter": 4,
            "eps": 0.01,
            "eps_growth_year": -96.97,
            "eps_4q": 1.41,
            "eps_4q_growth_year": -34.03,
            "roe": 0.05,
            "roe_4q": 6.6,
            "gross_profit": 68555,
            "gross_margin": 11.09,
            "gross_margin_4q_avg": 19.38,
            "net_income": 1706,
            "net_income_4q": null,
            "revenue": 618326,
            "revenue_4q": null,
            "common_shares": 1635270,
            "book_valuer_per_share": 21.21,
            "book_valuer_per_share_4q_avg": 21.4,
            "equity": 3480120,
            "current_ratio": 286.93,
            "debt_ratio": 30.32,
            "inventory_turnover_ratio": 0.63,
            "account_receivable_turnover_ratio": 1.2,
            "reinvestment_rate": 31.66,
            "research_to_sale_ratio": null,
            "price_fair": 108.33,
            "eps_avg_yearly": 3.1,
            "eps_latest_yearly": 0.04,
            "eps_growth_yearly": 63.35
        },
        "20091": {
            "year_quarter": 20091,
            "year": 2009,
            "quarter": 1,
            "eps": 0.17,
            "eps_growth_year": -5.56,
            "eps_4q": 1.4,
            "eps_4q_growth_year": -26.53,
            "roe": 0.8,
            "roe_4q": 6.569999999999999,
            "gross_profit": 106175,
            "gross_margin": 17.49,
            "gross_margin_4q_avg": 18.97,
            "net_income": 28019,
            "net_income_4q": null,
            "revenue": 606914,
            "revenue_4q": null,
            "common_shares": 1635270,
            "book_valuer_per_share": 21.49,
            "book_valuer_per_share_4q_avg": 21.37,
            "equity": 3514270,
            "current_ratio": 348.49,
            "debt_ratio": 25.47,
            "inventory_turnover_ratio": 0.65,
            "account_receivable_turnover_ratio": 0.64,
            "reinvestment_rate": 29.11,
            "research_to_sale_ratio": null,
            "price_fair": 104.91,
            "eps_avg_yearly": 3,
            "eps_latest_yearly": 0.68,
            "eps_growth_yearly": 473.92
        },
        "20092": {
            "year_quarter": 20092,
            "year": 2009,
            "quarter": 2,
            "eps": 0.59,
            "eps_growth_year": 136,
            "eps_4q": 1.77,
            "eps_4q_growth_year": 7.03,
            "roe": 2.78,
            "roe_4q": 8.309999999999999,
            "gross_profit": 231046,
            "gross_margin": 23.92,
            "gross_margin_4q_avg": 19.56,
            "net_income": 96503,
            "net_income_4q": null,
            "revenue": 965787,
            "revenue_4q": null,
            "common_shares": 1635270,
            "book_valuer_per_share": 20.96,
            "book_valuer_per_share_4q_avg": 21.22,
            "equity": 3427430,
            "current_ratio": 242.02,
            "debt_ratio": 36.47,
            "inventory_turnover_ratio": 0.96,
            "account_receivable_turnover_ratio": 0.92,
            "reinvestment_rate": 20.43,
            "research_to_sale_ratio": null,
            "price_fair": 99.05,
            "eps_avg_yearly": 2.83,
            "eps_latest_yearly": 2.36,
            "eps_growth_yearly": 504.44
        },
        "20093": {
            "year_quarter": 20093,
            "year": 2009,
            "quarter": 3,
            "eps": 0.92,
            "eps_growth_year": -8,
            "eps_4q": 1.7,
            "eps_4q_growth_year": 1.58,
            "roe": 4.27,
            "roe_4q": 7.899999999999999,
            "gross_profit": 299836,
            "gross_margin": 23.93,
            "gross_margin_4q_avg": 19.11,
            "net_income": 148886,
            "net_income_4q": null,
            "revenue": 1253139,
            "revenue_4q": null,
            "common_shares": 1635312,
            "book_valuer_per_share": 21.73,
            "book_valuer_per_share_4q_avg": 21.35,
            "equity": 3554096,
            "current_ratio": 239.33,
            "debt_ratio": 37.11,
            "inventory_turnover_ratio": 1.18,
            "account_receivable_turnover_ratio": 0.91,
            "reinvestment_rate": 16.13,
            "research_to_sale_ratio": null,
            "price_fair": 92.14,
            "eps_avg_yearly": 2.63,
            "eps_latest_yearly": 3.68,
            "eps_growth_yearly": 509.49
        },
        "20094": {
            "year_quarter": 20094,
            "year": 2009,
            "quarter": 4,
            "eps": 0.56,
            "eps_growth_year": 5500,
            "eps_4q": 2.22,
            "eps_4q_growth_year": 57.24,
            "roe": 2.52,
            "roe_4q": 10.37,
            "gross_profit": 245817,
            "gross_margin": 22.69,
            "gross_margin_4q_avg": 22.01,
            "net_income": 90842,
            "net_income_4q": null,
            "revenue": 1083259,
            "revenue_4q": null,
            "common_shares": 1635312,
            "book_valuer_per_share": 22.35,
            "book_valuer_per_share_4q_avg": 21.63,
            "equity": 3662414,
            "current_ratio": 255.43,
            "debt_ratio": 34.08,
            "inventory_turnover_ratio": 0.93,
            "account_receivable_turnover_ratio": 1.65,
            "reinvestment_rate": 17.72,
            "research_to_sale_ratio": null,
            "price_fair": 81.9,
            "eps_avg_yearly": 2.34,
            "eps_latest_yearly": 2.24,
            "eps_growth_yearly": 499.42
        },
        "20101": {
            "year_quarter": 20101,
            "year": 2010,
            "quarter": 1,
            "eps": 0.95,
            "eps_growth_year": 458.82,
            "eps_4q": 2.91,
            "eps_4q_growth_year": 107.44,
            "roe": 4,
            "roe_4q": 13.569999999999999,
            "gross_profit": 314786,
            "gross_margin": 24.09,
            "gross_margin_4q_avg": 23.66,
            "net_income": 155653,
            "net_income_4q": null,
            "revenue": 1306543,
            "revenue_4q": null,
            "common_shares": 1690448,
            "book_valuer_per_share": 24.12,
            "book_valuer_per_share_4q_avg": 22.29,
            "equity": 4129817,
            "current_ratio": 243.16,
            "debt_ratio": 38.84,
            "inventory_turnover_ratio": 0.91,
            "account_receivable_turnover_ratio": 0.91,
            "reinvestment_rate": 34.14,
            "research_to_sale_ratio": 1.37,
            "price_fair": 82.08,
            "eps_avg_yearly": 2.35,
            "eps_latest_yearly": 3.8,
            "eps_growth_yearly": 528.39
        },
        "20102": {
            "year_quarter": 20102,
            "year": 2010,
            "quarter": 2,
            "eps": 1.19,
            "eps_growth_year": 102.44,
            "eps_4q": 3.37,
            "eps_4q_growth_year": 90.74,
            "roe": 5.18,
            "roe_4q": 15.969999999999999,
            "gross_profit": 420683,
            "gross_margin": 24.45,
            "gross_margin_4q_avg": 23.79,
            "net_income": 214737,
            "net_income_4q": null,
            "revenue": 1720347,
            "revenue_4q": null,
            "common_shares": 1692608,
            "book_valuer_per_share": 24.29,
            "book_valuer_per_share_4q_avg": 23.12,
            "equity": 4160827,
            "current_ratio": 219.68,
            "debt_ratio": 43.11,
            "inventory_turnover_ratio": 1.04,
            "account_receivable_turnover_ratio": 0.9,
            "reinvestment_rate": 32.03,
            "research_to_sale_ratio": 1.15,
            "price_fair": 85.31,
            "eps_avg_yearly": 2.44,
            "eps_latest_yearly": 4.76,
            "eps_growth_yearly": 537.66
        },
        "20103": {
            "year_quarter": 20103,
            "year": 2010,
            "quarter": 3,
            "eps": 1.35,
            "eps_growth_year": 47.17,
            "eps_4q": 3.9,
            "eps_4q_growth_year": 129.52,
            "roe": 5.83,
            "roe_4q": 17.53,
            "gross_profit": 514229,
            "gross_margin": 25.01,
            "gross_margin_4q_avg": 24.06,
            "net_income": 249638,
            "net_income_4q": null,
            "revenue": 2055796,
            "revenue_4q": null,
            "common_shares": 1815998,
            "book_valuer_per_share": 23.93,
            "book_valuer_per_share_4q_avg": 23.67,
            "equity": 4401788,
            "current_ratio": 210.45,
            "debt_ratio": 43.78,
            "inventory_turnover_ratio": 1.23,
            "account_receivable_turnover_ratio": 0.86,
            "reinvestment_rate": 33.47,
            "research_to_sale_ratio": 1,
            "price_fair": 89.43,
            "eps_avg_yearly": 2.56,
            "eps_latest_yearly": 5.4,
            "eps_growth_yearly": 539.19
        },
        "20104": {
            "year_quarter": 20104,
            "year": 2010,
            "quarter": 4,
            "eps": 0.89,
            "eps_growth_year": 58.4,
            "eps_4q": 4.29,
            "eps_4q_growth_year": 92.97,
            "roe": 3.62,
            "roe_4q": 18.63,
            "gross_profit": 415805,
            "gross_margin": 23.4,
            "gross_margin_4q_avg": 24.24,
            "net_income": 162981,
            "net_income_4q": null,
            "revenue": 1776850,
            "revenue_4q": null,
            "common_shares": 1818013,
            "book_valuer_per_share": 24.82,
            "book_valuer_per_share_4q_avg": 24.29,
            "equity": 4611600,
            "current_ratio": 249.91,
            "debt_ratio": 43.25,
            "inventory_turnover_ratio": 1.19,
            "account_receivable_turnover_ratio": 0.77,
            "reinvestment_rate": 23.6,
            "research_to_sale_ratio": 1.36,
            "price_fair": 89.6,
            "eps_avg_yearly": 2.56,
            "eps_latest_yearly": 3.56,
            "eps_growth_yearly": 530.96
        },
        "20111": {
            "year_quarter": 20111,
            "year": 2011,
            "quarter": 1,
            "eps": 1.13,
            "eps_growth_year": 18.95,
            "eps_4q": 4.41,
            "eps_4q_growth_year": 51.64,
            "roe": 4.26,
            "roe_4q": 18.89,
            "gross_profit": 439109,
            "gross_margin": 24.57,
            "gross_margin_4q_avg": 24.36,
            "net_income": 210378,
            "net_income_4q": null,
            "revenue": 1786921,
            "revenue_4q": null,
            "common_shares": 1892999,
            "book_valuer_per_share": 27.34,
            "book_valuer_per_share_4q_avg": 25.1,
            "equity": 5275169,
            "current_ratio": 231.47,
            "debt_ratio": 43.21,
            "inventory_turnover_ratio": 1.12,
            "account_receivable_turnover_ratio": 0.92,
            "reinvestment_rate": 51.74,
            "research_to_sale_ratio": 1.09,
            "price_fair": 96.34,
            "eps_avg_yearly": 2.75,
            "eps_latest_yearly": 4.52,
            "eps_growth_yearly": 552.35
        },
        "20112": {
            "year_quarter": 20112,
            "year": 2011,
            "quarter": 2,
            "eps": 0.56,
            "eps_growth_year": -53.11,
            "eps_4q": 3.62,
            "eps_4q_growth_year": 7.35,
            "roe": 2.15,
            "roe_4q": 15.860000000000001,
            "gross_profit": 324260,
            "gross_margin": 22.63,
            "gross_margin_4q_avg": 23.9,
            "net_income": 109749,
            "net_income_4q": null,
            "revenue": 1432845,
            "revenue_4q": null,
            "common_shares": 1895329,
            "book_valuer_per_share": 25.53,
            "book_valuer_per_share_4q_avg": 25.41,
            "equity": 4935264,
            "current_ratio": 214.11,
            "debt_ratio": 45.38,
            "inventory_turnover_ratio": 0.78,
            "account_receivable_turnover_ratio": 0.75,
            "reinvestment_rate": 59.84,
            "research_to_sale_ratio": 1.57,
            "price_fair": 95.73,
            "eps_avg_yearly": 2.74,
            "eps_latest_yearly": 2.24,
            "eps_growth_yearly": 520.99
        },
        "20113": {
            "year_quarter": 20113,
            "year": 2011,
            "quarter": 3,
            "eps": 1.14,
            "eps_growth_year": -15.57,
            "eps_4q": 3.54,
            "eps_4q_growth_year": -9.26,
            "roe": 4.55,
            "roe_4q": 14.579999999999998,
            "gross_profit": 420551,
            "gross_margin": 21.02,
            "gross_margin_4q_avg": 22.91,
            "net_income": 232971,
            "net_income_4q": null,
            "revenue": 2000821,
            "revenue_4q": null,
            "common_shares": 2018374,
            "book_valuer_per_share": 25.74,
            "book_valuer_per_share_4q_avg": 25.86,
            "equity": 5297259,
            "current_ratio": 231.49,
            "debt_ratio": 41.57,
            "inventory_turnover_ratio": 1.07,
            "account_receivable_turnover_ratio": 0.89,
            "reinvestment_rate": 65.72,
            "research_to_sale_ratio": 1.21,
            "price_fair": 98.18,
            "eps_avg_yearly": 2.81,
            "eps_latest_yearly": 4.56,
            "eps_growth_yearly": 537.76
        },
        "20114": {
            "year_quarter": 20114,
            "year": 2011,
            "quarter": 4,
            "eps": 0.04,
            "eps_growth_year": -95,
            "eps_4q": 2.79,
            "eps_4q_growth_year": -35.01,
            "roe": 0.02,
            "roe_4q": 10.979999999999999,
            "gross_profit": 209466,
            "gross_margin": 16.56,
            "gross_margin_4q_avg": 21.2,
            "net_income": 875,
            "net_income_4q": null,
            "revenue": 1264712,
            "revenue_4q": null,
            "common_shares": 2019444,
            "book_valuer_per_share": 25.73,
            "book_valuer_per_share_4q_avg": 26.09,
            "equity": 5286317,
            "current_ratio": 202.44,
            "debt_ratio": 40.99,
            "inventory_turnover_ratio": 0.76,
            "account_receivable_turnover_ratio": 0.54,
            "reinvestment_rate": 48.89,
            "research_to_sale_ratio": 1.63,
            "price_fair": 95.64,
            "eps_avg_yearly": 2.73,
            "eps_latest_yearly": 0.16,
            "eps_growth_yearly": 529.04
        },
        "20121": {
            "year_quarter": 20121,
            "year": 2012,
            "quarter": 1,
            "eps": 0.66,
            "eps_growth_year": -41.59,
            "eps_4q": 2.41,
            "eps_4q_growth_year": -45.43,
            "roe": 2.41,
            "roe_4q": 9.13,
            "gross_profit": 330039,
            "gross_margin": 21.72,
            "gross_margin_4q_avg": 20.48,
            "net_income": 128863,
            "net_income_4q": null,
            "revenue": 1519724,
            "revenue_4q": null,
            "common_shares": 2023779,
            "book_valuer_per_share": 26.24,
            "book_valuer_per_share_4q_avg": 25.81,
            "equity": 5395543,
            "current_ratio": 293.29,
            "debt_ratio": 42.7,
            "inventory_turnover_ratio": 0.94,
            "account_receivable_turnover_ratio": 0.63,
            "reinvestment_rate": 46.05,
            "research_to_sale_ratio": 1.76,
            "price_fair": 99.84,
            "eps_avg_yearly": 2.85,
            "eps_latest_yearly": 2.64,
            "eps_growth_yearly": 927.91
        },
        "20122": {
            "year_quarter": 20122,
            "year": 2012,
            "quarter": 2,
            "eps": 1.01,
            "eps_growth_year": 79.53,
            "eps_4q": 2.85,
            "eps_4q_growth_year": -21.2,
            "roe": 3.7,
            "roe_4q": 10.68,
            "gross_profit": 442540,
            "gross_margin": 21.21,
            "gross_margin_4q_avg": 20.13,
            "net_income": 197355,
            "net_income_4q": null,
            "revenue": 2086345,
            "revenue_4q": null,
            "common_shares": 2023779,
            "book_valuer_per_share": 25.53,
            "book_valuer_per_share_4q_avg": 25.81,
            "equity": 5280997,
            "current_ratio": 241.43,
            "debt_ratio": 46.82,
            "inventory_turnover_ratio": 1.25,
            "account_receivable_turnover_ratio": 0.69,
            "reinvestment_rate": 41.82,
            "research_to_sale_ratio": 1.56,
            "price_fair": 106.49,
            "eps_avg_yearly": 3.04,
            "eps_latest_yearly": 4.04,
            "eps_growth_yearly": 931.44
        },
        "20123": {
            "year_quarter": 20123,
            "year": 2012,
            "quarter": 3,
            "eps": 0.78,
            "eps_growth_year": -32.1,
            "eps_4q": 2.49,
            "eps_4q_growth_year": -29.78,
            "roe": 2.84,
            "roe_4q": 8.969999999999999,
            "gross_profit": 426706,
            "gross_margin": 21.83,
            "gross_margin_4q_avg": 20.33,
            "net_income": 152063,
            "net_income_4q": null,
            "revenue": 1955042,
            "revenue_4q": null,
            "common_shares": 2024054,
            "book_valuer_per_share": 26.16,
            "book_valuer_per_share_4q_avg": 25.92,
            "equity": 5428793,
            "current_ratio": 244.92,
            "debt_ratio": 46.54,
            "inventory_turnover_ratio": 0.99,
            "account_receivable_turnover_ratio": 0.53,
            "reinvestment_rate": 44.56,
            "research_to_sale_ratio": 1.65,
            "price_fair": 104.56,
            "eps_avg_yearly": 2.99,
            "eps_latest_yearly": 3.12,
            "eps_growth_yearly": 850.75
        },
        "20124": {
            "year_quarter": 20124,
            "year": 2012,
            "quarter": 4,
            "eps": 0.62,
            "eps_growth_year": 1295.16,
            "eps_4q": 3.06,
            "eps_4q_growth_year": 9.8,
            "roe": 2.3,
            "roe_4q": 11.25,
            "gross_profit": 363889,
            "gross_margin": 15.88,
            "gross_margin_4q_avg": 20.16,
            "net_income": 126170,
            "net_income_4q": null,
            "revenue": 2292117,
            "revenue_4q": null,
            "common_shares": 2024729,
            "book_valuer_per_share": 26.81,
            "book_valuer_per_share_4q_avg": 26.19,
            "equity": 5564513,
            "current_ratio": 229.3,
            "debt_ratio": 40.63,
            "inventory_turnover_ratio": 1.43,
            "account_receivable_turnover_ratio": 0.61,
            "reinvestment_rate": 43.08,
            "research_to_sale_ratio": 1.9,
            "price_fair": 109.9,
            "eps_avg_yearly": 3.14,
            "eps_latest_yearly": 2.48,
            "eps_growth_yearly": 870.37
        },
        "20131": {
            "year_quarter": 20131,
            "year": 2013,
            "quarter": 1,
            "eps": 0.81,
            "eps_growth_year": 22.73,
            "eps_4q": 3.21,
            "eps_4q_growth_year": 33.34,
            "roe": 2.99,
            "roe_4q": 11.829999999999998,
            "gross_profit": 380737,
            "gross_margin": 18.8,
            "gross_margin_4q_avg": 19.43,
            "net_income": 169231,
            "net_income_4q": null,
            "revenue": 2025091,
            "revenue_4q": null,
            "common_shares": 2025707,
            "book_valuer_per_share": 27.74,
            "book_valuer_per_share_4q_avg": 26.56,
            "equity": 5759033,
            "current_ratio": 248.91,
            "debt_ratio": 44.21,
            "inventory_turnover_ratio": 1.65,
            "account_receivable_turnover_ratio": 0.59,
            "reinvestment_rate": 45.2,
            "research_to_sale_ratio": 1.54,
            "price_fair": 115.5,
            "eps_avg_yearly": 3.3,
            "eps_latest_yearly": 3.24,
            "eps_growth_yearly": 478.03
        },
        "20132": {
            "year_quarter": 20132,
            "year": 2013,
            "quarter": 2,
            "eps": 1.2,
            "eps_growth_year": 19.34,
            "eps_4q": 3.41,
            "eps_4q_growth_year": 19.44,
            "roe": 4.27,
            "roe_4q": 12.399999999999999,
            "gross_profit": 527844,
            "gross_margin": 21.55,
            "gross_margin_4q_avg": 19.52,
            "net_income": 245256,
            "net_income_4q": null,
            "revenue": 2449610,
            "revenue_4q": null,
            "common_shares": 2026007,
            "book_valuer_per_share": 27.56,
            "book_valuer_per_share_4q_avg": 27.07,
            "equity": 5725077,
            "current_ratio": 216.93,
            "debt_ratio": 47.38,
            "inventory_turnover_ratio": 2,
            "account_receivable_turnover_ratio": 0.73,
            "reinvestment_rate": 45.74,
            "research_to_sale_ratio": 1.61,
            "price_fair": 120.84,
            "eps_avg_yearly": 3.45,
            "eps_latest_yearly": 4.8,
            "eps_growth_yearly": 428.31
        },
        "20133": {
            "year_quarter": 20133,
            "year": 2013,
            "quarter": 3,
            "eps": 1.58,
            "eps_growth_year": 103.53,
            "eps_4q": 4.2,
            "eps_4q_growth_year": 69.05,
            "roe": 5.47,
            "roe_4q": 15.029999999999998,
            "gross_profit": 648880,
            "gross_margin": 22.48,
            "gross_margin_4q_avg": 19.68,
            "net_income": 321792,
            "net_income_4q": null,
            "revenue": 2886731,
            "revenue_4q": null,
            "common_shares": 2026007,
            "book_valuer_per_share": 29.11,
            "book_valuer_per_share_4q_avg": 27.81,
            "equity": 6048022,
            "current_ratio": 222.09,
            "debt_ratio": 46.31,
            "inventory_turnover_ratio": 2.15,
            "account_receivable_turnover_ratio": 0.76,
            "reinvestment_rate": 43.6,
            "research_to_sale_ratio": 1.28,
            "price_fair": 126.61,
            "eps_avg_yearly": 3.62,
            "eps_latest_yearly": 6.32,
            "eps_growth_yearly": 422.24
        },
        "20134": {
            "year_quarter": 20134,
            "year": 2013,
            "quarter": 4,
            "eps": 1.36,
            "eps_growth_year": 119.95,
            "eps_4q": 4.93,
            "eps_4q_growth_year": 61.06,
            "roe": 4.64,
            "roe_4q": 17.369999999999997,
            "gross_profit": 611972,
            "gross_margin": 22.04,
            "gross_margin_4q_avg": 21.22,
            "net_income": 289167,
            "net_income_4q": null,
            "revenue": 2776795,
            "revenue_4q": null,
            "common_shares": 2028762,
            "book_valuer_per_share": 30.65,
            "book_valuer_per_share_4q_avg": 28.77,
            "equity": 6403752,
            "current_ratio": 271.72,
            "debt_ratio": 44.77,
            "inventory_turnover_ratio": 2.09,
            "account_receivable_turnover_ratio": 0.67,
            "reinvestment_rate": 38.35,
            "research_to_sale_ratio": 1.85,
            "price_fair": 133.61,
            "eps_avg_yearly": 3.82,
            "eps_latest_yearly": 5.44,
            "eps_growth_yearly": 428.54
        },
        "20141": {
            "year_quarter": 20141,
            "year": 2014,
            "quarter": 1,
            "eps": 0.86,
            "eps_growth_year": 6.17,
            "eps_4q": 4.99,
            "eps_4q_growth_year": 55.52,
            "roe": 2.69,
            "roe_4q": 17.07,
            "gross_profit": 488505,
            "gross_margin": 22.22,
            "gross_margin_4q_avg": 22.07,
            "net_income": 174877,
            "net_income_4q": null,
            "revenue": 2198670,
            "revenue_4q": null,
            "common_shares": 2039254,
            "book_valuer_per_share": 31.54,
            "book_valuer_per_share_4q_avg": 29.72,
            "equity": 6585352,
            "current_ratio": 195.56,
            "debt_ratio": 44.1,
            "inventory_turnover_ratio": 1.72,
            "account_receivable_turnover_ratio": 0.55,
            "reinvestment_rate": 29.81,
            "research_to_sale_ratio": 2,
            "price_fair": 132.83,
            "eps_avg_yearly": 3.8,
            "eps_latest_yearly": 3.44,
            "eps_growth_yearly": 401.94
        },
        "20142": {
            "year_quarter": 20142,
            "year": 2014,
            "quarter": 2,
            "eps": 1.14,
            "eps_growth_year": -5,
            "eps_4q": 4.93,
            "eps_4q_growth_year": 44.84,
            "roe": 3.64,
            "roe_4q": 16.439999999999998,
            "gross_profit": 630104,
            "gross_margin": 23.61,
            "gross_margin_4q_avg": 22.59,
            "net_income": 234031,
            "net_income_4q": null,
            "revenue": 2669115,
            "revenue_4q": null,
            "common_shares": 2039764,
            "book_valuer_per_share": 30.06,
            "book_valuer_per_share_4q_avg": 30.34,
            "equity": 6287650,
            "current_ratio": 175.09,
            "debt_ratio": 49,
            "inventory_turnover_ratio": 1.99,
            "account_receivable_turnover_ratio": 0.64,
            "reinvestment_rate": 27.56,
            "research_to_sale_ratio": 1.73,
            "price_fair": 132.39,
            "eps_avg_yearly": 3.78,
            "eps_latest_yearly": 4.56,
            "eps_growth_yearly": 403.76
        },
        "20143": {
            "year_quarter": 20143,
            "year": 2014,
            "quarter": 3,
            "eps": 1.42,
            "eps_growth_year": -10.13,
            "eps_4q": 4.78,
            "eps_4q_growth_year": 13.71,
            "roe": 4.49,
            "roe_4q": 15.46,
            "gross_profit": 635087,
            "gross_margin": 22.91,
            "gross_margin_4q_avg": 22.7,
            "net_income": 289641,
            "net_income_4q": null,
            "revenue": 2772107,
            "revenue_4q": null,
            "common_shares": 2040593,
            "book_valuer_per_share": 31.66,
            "book_valuer_per_share_4q_avg": 30.98,
            "equity": 6619865,
            "current_ratio": 224.81,
            "debt_ratio": 46.47,
            "inventory_turnover_ratio": 1.97,
            "account_receivable_turnover_ratio": 0.58,
            "reinvestment_rate": 25.56,
            "research_to_sale_ratio": 1.71,
            "price_fair": 133,
            "eps_avg_yearly": 3.8,
            "eps_latest_yearly": 5.68,
            "eps_growth_yearly": 406.54
        },
        "20144": {
            "year_quarter": 20144,
            "year": 2014,
            "quarter": 4,
            "eps": 0.91,
            "eps_growth_year": -33.28,
            "eps_4q": 4.37,
            "eps_4q_growth_year": -11.37,
            "roe": 2.79,
            "roe_4q": 13.61,
            "gross_profit": 502740,
            "gross_margin": 20.21,
            "gross_margin_4q_avg": 22.24,
            "net_income": 186430,
            "net_income_4q": null,
            "revenue": 2487828,
            "revenue_4q": null,
            "common_shares": 2042608,
            "book_valuer_per_share": 32.68,
            "book_valuer_per_share_4q_avg": 31.49,
            "equity": 6755686,
            "current_ratio": 244.77,
            "debt_ratio": 44.55,
            "inventory_turnover_ratio": 1.92,
            "account_receivable_turnover_ratio": 0.52,
            "reinvestment_rate": 25.23,
            "research_to_sale_ratio": 2.08,
            "price_fair": 133.18,
            "eps_avg_yearly": 3.81,
            "eps_latest_yearly": 3.64,
            "eps_growth_yearly": 406.08
        },
        "20151": {
            "year_quarter": 20151,
            "year": 2015,
            "quarter": 1,
            "eps": 0.67,
            "eps_growth_year": -22.09,
            "eps_4q": 4.17,
            "eps_4q_growth_year": -16.34,
            "roe": 1.89,
            "roe_4q": 12.81,
            "gross_profit": 444197,
            "gross_margin": 23.32,
            "gross_margin_4q_avg": 22.51,
            "net_income": 128868,
            "net_income_4q": null,
            "revenue": 1904788,
            "revenue_4q": null,
            "common_shares": 2042678,
            "book_valuer_per_share": 33.28,
            "book_valuer_per_share_4q_avg": 31.92,
            "equity": 6869428,
            "current_ratio": 265.59,
            "debt_ratio": 44.92,
            "inventory_turnover_ratio": 1.37,
            "account_receivable_turnover_ratio": 0.44,
            "reinvestment_rate": 14.03,
            "research_to_sale_ratio": 2.56,
            "price_fair": 129.15,
            "eps_avg_yearly": 3.69,
            "eps_latest_yearly": 2.68,
            "eps_growth_yearly": 392.75
        },
        "20152": {
            "year_quarter": 20152,
            "year": 2015,
            "quarter": 2,
            "eps": 0.81,
            "eps_growth_year": -28.95,
            "eps_4q": 3.82,
            "eps_4q_growth_year": -22.51,
            "roe": 2.32,
            "roe_4q": 11.49,
            "gross_profit": 508647,
            "gross_margin": 20.79,
            "gross_margin_4q_avg": 21.81,
            "net_income": 153948,
            "net_income_4q": null,
            "revenue": 2446450,
            "revenue_4q": null,
            "common_shares": 2042678,
            "book_valuer_per_share": 30.97,
            "book_valuer_per_share_4q_avg": 32.15,
            "equity": 6395833,
            "current_ratio": 238.71,
            "debt_ratio": 48.53,
            "inventory_turnover_ratio": 1.56,
            "account_receivable_turnover_ratio": 0.6,
            "reinvestment_rate": 9.29,
            "research_to_sale_ratio": 2.04,
            "price_fair": 131.34,
            "eps_avg_yearly": 3.75,
            "eps_latest_yearly": 3.24,
            "eps_growth_yearly": 410.58
        },
        "20153": {
            "year_quarter": 20153,
            "year": 2015,
            "quarter": 3,
            "eps": 1.49,
            "eps_growth_year": 4.93,
            "eps_4q": 3.88,
            "eps_4q_growth_year": -18.87,
            "roe": 4.59,
            "roe_4q": 11.59,
            "gross_profit": 626155,
            "gross_margin": 20.82,
            "gross_margin_4q_avg": 21.29,
            "net_income": 302205,
            "net_income_4q": null,
            "revenue": 3007500,
            "revenue_4q": null,
            "common_shares": 2042778,
            "book_valuer_per_share": 32.78,
            "book_valuer_per_share_4q_avg": 32.43,
            "equity": 6765139,
            "current_ratio": 226.98,
            "debt_ratio": 42.09,
            "inventory_turnover_ratio": 1.9,
            "account_receivable_turnover_ratio": 0.67,
            "reinvestment_rate": 11.16,
            "research_to_sale_ratio": 1.9,
            "price_fair": 134.4,
            "eps_avg_yearly": 3.84,
            "eps_latest_yearly": 5.96,
            "eps_growth_yearly": 405.68
        },
        "20154": {
            "year_quarter": 20154,
            "year": 2015,
            "quarter": 4,
            "eps": 0.64,
            "eps_growth_year": -29.2,
            "eps_4q": 3.61,
            "eps_4q_growth_year": -17.3,
            "roe": 1.8,
            "roe_4q": 10.6,
            "gross_profit": 585721,
            "gross_margin": 20.13,
            "gross_margin_4q_avg": 21.27,
            "net_income": 122287,
            "net_income_4q": null,
            "revenue": 2909130,
            "revenue_4q": null,
            "common_shares": 2042858,
            "book_valuer_per_share": 33.1,
            "book_valuer_per_share_4q_avg": 32.53,
            "equity": 6819277,
            "current_ratio": 229.09,
            "debt_ratio": 42.59,
            "inventory_turnover_ratio": 1.98,
            "account_receivable_turnover_ratio": 0.63,
            "reinvestment_rate": 11.97,
            "research_to_sale_ratio": 2.15,
            "price_fair": 139.65,
            "eps_avg_yearly": 3.99,
            "eps_latest_yearly": 2.56,
            "eps_growth_yearly": 415.54
        },
        "20161": {
            "year_quarter": 20161,
            "year": 2016,
            "quarter": 1,
            "eps": 0.6,
            "eps_growth_year": -10.45,
            "eps_4q": 3.54,
            "eps_4q_growth_year": -15.14,
            "roe": 1.62,
            "roe_4q": 10.33,
            "gross_profit": 433125,
            "gross_margin": 18.97,
            "gross_margin_4q_avg": 20.18,
            "net_income": 111177,
            "net_income_4q": null,
            "revenue": 2283325,
            "revenue_4q": null,
            "common_shares": 2042858,
            "book_valuer_per_share": 33.63,
            "book_valuer_per_share_4q_avg": 32.62,
            "equity": 6915810,
            "current_ratio": 187.56,
            "debt_ratio": 45.31,
            "inventory_turnover_ratio": 1.55,
            "account_receivable_turnover_ratio": 0.53,
            "reinvestment_rate": 15,
            "research_to_sale_ratio": 2.11,
            "price_fair": 139.13,
            "eps_avg_yearly": 3.98,
            "eps_latest_yearly": 2.4,
            "eps_growth_yearly": 26.47
        },
        "20162": {
            "year_quarter": 20162,
            "year": 2016,
            "quarter": 2,
            "eps": 0.65,
            "eps_growth_year": -19.75,
            "eps_4q": 3.32,
            "eps_4q_growth_year": -13.2,
            "roe": 1.86,
            "roe_4q": 9.870000000000001,
            "gross_profit": 490265,
            "gross_margin": 18.7,
            "gross_margin_4q_avg": 19.66,
            "net_income": 125488,
            "net_income_4q": null,
            "revenue": 2622377,
            "revenue_4q": null,
            "common_shares": 2042858,
            "book_valuer_per_share": 32.04,
            "book_valuer_per_share_4q_avg": 32.89,
            "equity": 6589292,
            "current_ratio": 202.76,
            "debt_ratio": 45.53,
            "inventory_turnover_ratio": 1.74,
            "account_receivable_turnover_ratio": 0.65,
            "reinvestment_rate": 16.2,
            "research_to_sale_ratio": 2.04,
            "price_fair": 98.29,
            "eps_avg_yearly": 3.89,
            "eps_latest_yearly": 2.6,
            "eps_growth_yearly": 15.3
        },
        "20163": {
            "year_quarter": 20163,
            "year": 2016,
            "quarter": 3,
            "eps": 0.67,
            "eps_growth_year": -55.03,
            "eps_4q": 2.52,
            "eps_4q_growth_year": -34.95,
            "roe": 1.94,
            "roe_4q": 7.22,
            "gross_profit": 439685,
            "gross_margin": 18.02,
            "gross_margin_4q_avg": 18.96,
            "net_income": 128802,
            "net_income_4q": null,
            "revenue": 2440013,
            "revenue_4q": null,
            "common_shares": 2083252,
            "book_valuer_per_share": 31.84,
            "book_valuer_per_share_4q_avg": 32.65,
            "equity": 6667824,
            "current_ratio": 220.45,
            "debt_ratio": 42.22,
            "inventory_turnover_ratio": 1.74,
            "account_receivable_turnover_ratio": 0.6,
            "reinvestment_rate": 16.88,
            "research_to_sale_ratio": 2.35,
            "price_fair": 122.52,
            "eps_avg_yearly": 3.86,
            "eps_latest_yearly": 2.68,
            "eps_growth_yearly": 21.76
        },
        "20164": {
            "year_quarter": 20164,
            "year": 2016,
            "quarter": 4,
            "eps": 0.92,
            "eps_growth_year": 43.22,
            "eps_4q": 2.81,
            "eps_4q_growth_year": -22.13,
            "roe": 2.7,
            "roe_4q": 8.120000000000001,
            "gross_profit": 532576,
            "gross_margin": 18.13,
            "gross_margin_4q_avg": 18.46,
            "net_income": 181143,
            "net_income_4q": null,
            "revenue": 2938264,
            "revenue_4q": null,
            "common_shares": 2083252,
            "book_valuer_per_share": 32.35,
            "book_valuer_per_share_4q_avg": 32.47,
            "equity": 6765359,
            "current_ratio": 220.43,
            "debt_ratio": 42.66,
            "inventory_turnover_ratio": 2.12,
            "account_receivable_turnover_ratio": 0.69,
            "reinvestment_rate": 17.81,
            "research_to_sale_ratio": 1.99,
            "price_fair": 137.64,
            "eps_avg_yearly": 3.93,
            "eps_latest_yearly": 3.68,
            "eps_growth_yearly": 36.22
        },
        "20171": {
            "year_quarter": 20171,
            "year": 2017,
            "quarter": 1,
            "eps": 0.48,
            "eps_growth_year": -20,
            "eps_4q": 2.71,
            "eps_4q_growth_year": -23.61,
            "roe": 1.45,
            "roe_4q": 7.95,
            "gross_profit": 463300,
            "gross_margin": 20.03,
            "gross_margin_4q_avg": 18.72,
            "net_income": 98628,
            "net_income_4q": null,
            "revenue": 2312657,
            "revenue_4q": null,
            "common_shares": 2083252,
            "book_valuer_per_share": 32.48,
            "book_valuer_per_share_4q_avg": 32.18,
            "equity": 6793725,
            "current_ratio": 205.1,
            "debt_ratio": 41.53,
            "inventory_turnover_ratio": 1.46,
            "account_receivable_turnover_ratio": 0.55,
            "reinvestment_rate": 14.05,
            "research_to_sale_ratio": 2.26,
            "price_fair": 102.41,
            "eps_avg_yearly": 3.85,
            "eps_latest_yearly": 1.92,
            "eps_growth_yearly": 16.6
        },
        "20172": {
            "year_quarter": 20172,
            "year": 2017,
            "quarter": 2,
            "eps": 0.94,
            "eps_growth_year": 44.62,
            "eps_4q": 3.01,
            "eps_4q_growth_year": -9.29,
            "roe": 2.91,
            "roe_4q": 9,
            "gross_profit": 480084,
            "gross_margin": 17.29,
            "gross_margin_4q_avg": 18.37,
            "net_income": 194857,
            "net_income_4q": null,
            "revenue": 2776813,
            "revenue_4q": null,
            "common_shares": 2084452,
            "book_valuer_per_share": 31.55,
            "book_valuer_per_share_4q_avg": 32.06,
            "equity": 6604363,
            "current_ratio": 192.13,
            "debt_ratio": 44.1,
            "inventory_turnover_ratio": 1.73,
            "account_receivable_turnover_ratio": 0.65,
            "reinvestment_rate": 14.83,
            "research_to_sale_ratio": 2.16,
            "price_fair": 132.48,
            "eps_avg_yearly": 3.79,
            "eps_latest_yearly": 3.76,
            "eps_growth_yearly": 28.52
        },
        "20173": {
            "year_quarter": 20173,
            "year": 2017,
            "quarter": 3,
            "eps": 1.36,
            "eps_growth_year": 102.99,
            "eps_4q": 3.66,
            "eps_4q_growth_year": 44.93,
            "roe": 4.19,
            "roe_4q": 11.25,
            "gross_profit": 652871,
            "gross_margin": 20.25,
            "gross_margin_4q_avg": 18.93,
            "net_income": 286264,
            "net_income_4q": null,
            "revenue": 3224316,
            "revenue_4q": null,
            "common_shares": 2084507,
            "book_valuer_per_share": 33.25,
            "book_valuer_per_share_4q_avg": 32.41,
            "equity": 7048536,
            "current_ratio": 204.77,
            "debt_ratio": 41.22,
            "inventory_turnover_ratio": 1.86,
            "account_receivable_turnover_ratio": 0.68,
            "reinvestment_rate": 16.36,
            "research_to_sale_ratio": 2.12,
            "price_fair": 130.55,
            "eps_avg_yearly": 3.73,
            "eps_latest_yearly": 5.44,
            "eps_growth_yearly": 31.78
        },
        "20174": {
            "year_quarter": 20174,
            "year": 2017,
            "quarter": 4,
            "eps": 0.77,
            "eps_growth_year": -16.38,
            "eps_4q": 3.52,
            "eps_4q_growth_year": 25,
            "roe": 2.33,
            "roe_4q": 10.879999999999999,
            "gross_profit": 538227,
            "gross_margin": 18.69,
            "gross_margin_4q_avg": 19.07,
            "net_income": 166796,
            "net_income_4q": null,
            "revenue": 2879106,
            "revenue_4q": null,
            "common_shares": 2087802,
            "book_valuer_per_share": 34.12,
            "book_valuer_per_share_4q_avg": 32.85,
            "equity": 7239063,
            "current_ratio": 217.66,
            "debt_ratio": 38.3,
            "inventory_turnover_ratio": 1.5,
            "account_receivable_turnover_ratio": 0.59,
            "reinvestment_rate": 17.41,
            "research_to_sale_ratio": 2.66,
            "price_fair": 123.28,
            "eps_avg_yearly": 3.58,
            "eps_latest_yearly": 3.08,
            "eps_growth_yearly": 24.41
        },
        "20181": {
            "year_quarter": 20181,
            "year": 2018,
            "quarter": 1,
            "eps": 0.46,
            "eps_growth_year": -4.17,
            "eps_4q": 3.5,
            "eps_4q_growth_year": 29.43,
            "roe": 1.34,
            "roe_4q": 10.77,
            "gross_profit": 394199,
            "gross_margin": 19.71,
            "gross_margin_4q_avg": 18.99,
            "net_income": 98248,
            "net_income_4q": null,
            "revenue": 1999586,
            "revenue_4q": null,
            "common_shares": 2088467,
            "book_valuer_per_share": 34.73,
            "book_valuer_per_share_4q_avg": 33.41,
            "equity": 7377158,
            "current_ratio": 230.56,
            "debt_ratio": 37.58,
            "inventory_turnover_ratio": 0.9,
            "account_receivable_turnover_ratio": 0.42,
            "reinvestment_rate": 15.89,
            "research_to_sale_ratio": 2.8,
            "price_fair": 116.79,
            "eps_avg_yearly": 3.48,
            "eps_latest_yearly": 1.84,
            "eps_growth_yearly": 23.54
        },
        "20182": {
            "year_quarter": 20182,
            "year": 2018,
            "quarter": 2,
            "eps": 0.76,
            "eps_growth_year": -19.15,
            "eps_4q": 3.33,
            "eps_4q_growth_year": 10.56,
            "roe": 2.24,
            "roe_4q": 10.100000000000001,
            "gross_profit": 530074,
            "gross_margin": 22.22,
            "gross_margin_4q_avg": 20.22,
            "net_income": 160792,
            "net_income_4q": null,
            "revenue": 2385567,
            "revenue_4q": null,
            "common_shares": 2091197,
            "book_valuer_per_share": 32.89,
            "book_valuer_per_share_4q_avg": 33.75,
            "equity": 6994749,
            "current_ratio": 203.16,
            "debt_ratio": 41.79,
            "inventory_turnover_ratio": 0.94,
            "account_receivable_turnover_ratio": 0.5,
            "reinvestment_rate": 17.29,
            "research_to_sale_ratio": 2.66,
            "price_fair": 118.56,
            "eps_avg_yearly": 3.39,
            "eps_latest_yearly": 3.04,
            "eps_growth_yearly": 31.7
        },
        "20183": {
            "year_quarter": 20183,
            "year": 2018,
            "quarter": 3,
            "eps": 1.14,
            "eps_growth_year": -16.18,
            "eps_4q": 3.12,
            "eps_4q_growth_year": -14.56,
            "roe": 3.39,
            "roe_4q": 9.3,
            "gross_profit": 629898,
            "gross_margin": 22.12,
            "gross_margin_4q_avg": 20.69,
            "net_income": 239582,
            "net_income_4q": null,
            "revenue": 2848163,
            "revenue_4q": null,
            "common_shares": 2091197,
            "book_valuer_per_share": 33.6,
            "book_valuer_per_share_4q_avg": 33.84,
            "equity": 7144978,
            "current_ratio": 213.59,
            "debt_ratio": 41.08,
            "inventory_turnover_ratio": 1.15,
            "account_receivable_turnover_ratio": 0.56,
            "reinvestment_rate": 16.21,
            "research_to_sale_ratio": 2.45,
            "price_fair": 116.11,
            "eps_avg_yearly": 3.32,
            "eps_latest_yearly": 4.56,
            "eps_growth_yearly": 38.06
        },
        "20184": {
            "year_quarter": 20184,
            "year": 2018,
            "quarter": 4,
            "eps": 0.86,
            "eps_growth_year": 11.63,
            "eps_4q": 3.21,
            "eps_4q_growth_year": -8.6,
            "roe": 2.49,
            "roe_4q": 9.46,
            "gross_profit": 438873,
            "gross_margin": 18.21,
            "gross_margin_4q_avg": 20.57,
            "net_income": 180852,
            "net_income_4q": null,
            "revenue": 2409735,
            "revenue_4q": null,
            "common_shares": 2091197,
            "book_valuer_per_share": 34.73,
            "book_valuer_per_share_4q_avg": 33.99,
            "equity": 7381449,
            "current_ratio": 212.78,
            "debt_ratio": 38.19,
            "inventory_turnover_ratio": 1.2,
            "account_receivable_turnover_ratio": 0.48,
            "reinvestment_rate": 23.71,
            "research_to_sale_ratio": 3.12,
            "price_fair": 115.68,
            "eps_avg_yearly": 3.31,
            "eps_latest_yearly": 3.44,
            "eps_growth_yearly": 40.9
        },
        "20191": {
            "year_quarter": 20191,
            "year": 2019,
            "quarter": 1,
            "eps": -0.03,
            "eps_growth_year": -106.52,
            "eps_4q": 2.72,
            "eps_4q_growth_year": -22.4,
            "roe": -0.13,
            "roe_4q": 7.99,
            "gross_profit": 156870,
            "gross_margin": 11.43,
            "gross_margin_4q_avg": 18.5,
            "net_income": -9591,
            "net_income_4q": null,
            "revenue": 1372701,
            "revenue_4q": null,
            "common_shares": 2091197,
            "book_valuer_per_share": 34.89,
            "book_valuer_per_share_4q_avg": 34.03,
            "equity": 7413627,
            "current_ratio": 246.29,
            "debt_ratio": 33.13,
            "inventory_turnover_ratio": 0.75,
            "account_receivable_turnover_ratio": 0.32,
            "reinvestment_rate": 26.87,
            "research_to_sale_ratio": 3.55,
            "price_fair": 117.13,
            "eps_avg_yearly": 3.35,
            "eps_latest_yearly": 3.44,
            "eps_growth_yearly": 50.66
        },
        "20192": {
            "year_quarter": 20192,
            "year": 2019,
            "quarter": 2,
            "eps": 1.34,
            "eps_growth_year": 76.32,
            "eps_4q": 3.31,
            "eps_4q_growth_year": -0.61,
            "roe": 3.82,
            "roe_4q": 9.57,
            "gross_profit": 529876,
            "gross_margin": 25.5,
            "gross_margin_4q_avg": 19.32,
            "net_income": 278296,
            "net_income_4q": null,
            "revenue": 2078181,
            "revenue_4q": null,
            "common_shares": 2091197,
            "book_valuer_per_share": 33.63,
            "book_valuer_per_share_4q_avg": 34.21,
            "equity": 7147467,
            "current_ratio": 237.81,
            "debt_ratio": 38.56,
            "inventory_turnover_ratio": 0.87,
            "account_receivable_turnover_ratio": 0.56,
            "reinvestment_rate": 28.1,
            "research_to_sale_ratio": 3.67,
            "price_fair": 117.4,
            "eps_avg_yearly": 3.35,
            "eps_latest_yearly": 3.44,
            "eps_growth_yearly": 48.31
        },
        "20193": {
            "year_quarter": 20193,
            "year": 2019,
            "quarter": 3,
            "eps": 0.93,
            "eps_growth_year": -18.42,
            "eps_4q": 3.11,
            "eps_4q_growth_year": -0.62,
            "roe": 2.67,
            "roe_4q": 8.850000000000001,
            "gross_profit": 564649,
            "gross_margin": 25.98,
            "gross_margin_4q_avg": 20.28,
            "net_income": 192318,
            "net_income_4q": null,
            "revenue": 2173576,
            "revenue_4q": null,
            "common_shares": 2091197,
            "book_valuer_per_share": 34.29,
            "book_valuer_per_share_4q_avg": 34.39,
            "equity": 7280350,
            "current_ratio": 314.78,
            "debt_ratio": 36.03,
            "inventory_turnover_ratio": 1.05,
            "account_receivable_turnover_ratio": 0.58,
            "reinvestment_rate": 27.03,
            "research_to_sale_ratio": 3.66,
            "price_fair": 81.71,
            "eps_avg_yearly": 3.19,
            "eps_latest_yearly": 3.72,
            "eps_growth_yearly": 15.58
        },
        "20194": {
            "year_quarter": 20194,
            "year": 2019,
            "quarter": 4,
            "eps": 0.77,
            "eps_growth_year": -10.37,
            "eps_4q": 3.02,
            "eps_4q_growth_year": -6.19,
            "roe": 2.15,
            "roe_4q": 8.51,
            "gross_profit": 487743,
            "gross_margin": 24.9,
            "gross_margin_4q_avg": 21.95,
            "net_income": 157259,
            "net_income_4q": null,
            "revenue": 1959196,
            "revenue_4q": null,
            "common_shares": 2091197,
            "book_valuer_per_share": 34.65,
            "book_valuer_per_share_4q_avg": 34.37,
            "equity": 7352610,
            "current_ratio": 331.12,
            "debt_ratio": 35.36,
            "inventory_turnover_ratio": 1.31,
            "account_receivable_turnover_ratio": 0.56,
            "reinvestment_rate": 13.3,
            "research_to_sale_ratio": 4.09,
            "price_fair": 113.1,
            "eps_avg_yearly": 3.23,
            "eps_latest_yearly": 3.08,
            "eps_growth_yearly": 26.96
        },
        "20201": {
            "year_quarter": 20201,
            "year": 2020,
            "quarter": 1,
            "eps": 0.4,
            "eps_growth_year": null,
            "eps_4q": 3.45,
            "eps_4q_growth_year": 26.96,
            "roe": 1.14,
            "roe_4q": 9.78,
            "gross_profit": 340077,
            "gross_margin": 21.07,
            "gross_margin_4q_avg": 24.36,
            "net_income": 84108,
            "net_income_4q": null,
            "revenue": 1614049,
            "revenue_4q": null,
            "common_shares": 2091197,
            "book_valuer_per_share": 34.93,
            "book_valuer_per_share_4q_avg": 34.38,
            "equity": 7410901,
            "current_ratio": 320.38,
            "debt_ratio": 34.86,
            "inventory_turnover_ratio": 1.27,
            "account_receivable_turnover_ratio": 0.51,
            "reinvestment_rate": 16.17,
            "research_to_sale_ratio": 3.81,
            "price_fair": 79.42,
            "eps_avg_yearly": 3.17,
            "eps_latest_yearly": 1.6,
            "eps_growth_yearly": 15.02
        },
        "20202": {
            "year_quarter": 20202,
            "year": 2020,
            "quarter": 2,
            "eps": 0.8,
            "eps_growth_year": -40.3,
            "eps_4q": 2.9,
            "eps_4q_growth_year": -12.2,
            "roe": 2.33,
            "roe_4q": 8.29,
            "gross_profit": 467181,
            "gross_margin": 22.73,
            "gross_margin_4q_avg": 23.67,
            "net_income": 168387,
            "net_income_4q": null,
            "revenue": 2055643,
            "revenue_4q": null,
            "common_shares": 2091197,
            "book_valuer_per_share": 33.06,
            "book_valuer_per_share_4q_avg": 34.23,
            "equity": 7022485,
            "current_ratio": 252.03,
            "debt_ratio": 40.34,
            "inventory_turnover_ratio": 1.45,
            "account_receivable_turnover_ratio": 0.68,
            "reinvestment_rate": 15.75,
            "research_to_sale_ratio": 3.26,
            "price_fair": 112.6,
            "eps_avg_yearly": 3.22,
            "eps_latest_yearly": 3.2,
            "eps_growth_yearly": 41.21
        },
        "20203": {
            "year_quarter": 20203,
            "year": 2020,
            "quarter": 3,
            "eps": 1.5,
            "eps_growth_year": 61.29,
            "eps_4q": 3.47,
            "eps_4q_growth_year": 11.62,
            "roe": 4.45,
            "roe_4q": 10.07,
            "gross_profit": 674289,
            "gross_margin": 25.23,
            "gross_margin_4q_avg": 23.48,
            "net_income": 320424,
            "net_income_4q": null,
            "revenue": 2672412,
            "revenue_4q": null,
            "common_shares": 2091197,
            "book_valuer_per_share": 34.7,
            "book_valuer_per_share_4q_avg": 34.34,
            "equity": 7371437,
            "current_ratio": 262.6,
            "debt_ratio": 34.67,
            "inventory_turnover_ratio": 1.8,
            "account_receivable_turnover_ratio": 0.78,
            "reinvestment_rate": 18.33,
            "research_to_sale_ratio": 2.9,
            "price_fair": 120.9,
            "eps_avg_yearly": 3.45,
            "eps_latest_yearly": 6,
            "eps_growth_yearly": 65.33
        },
        "20204": {
            "year_quarter": 20204,
            "year": 2020,
            "quarter": 4,
            "eps": 1,
            "eps_growth_year": 29.8,
            "eps_4q": 3.7,
            "eps_4q_growth_year": 22.54,
            "roe": 2.83,
            "roe_4q": 10.75,
            "gross_profit": 597026,
            "gross_margin": 24.63,
            "gross_margin_4q_avg": 23.42,
            "net_income": 211434,
            "net_income_4q": null,
            "revenue": 2424214,
            "revenue_4q": null,
            "common_shares": 2091197,
            "book_valuer_per_share": 35.67,
            "book_valuer_per_share_4q_avg": 34.59,
            "equity": 7577936,
            "current_ratio": 270.15,
            "debt_ratio": 34.29,
            "inventory_turnover_ratio": 1.53,
            "account_receivable_turnover_ratio": 0.61,
            "reinvestment_rate": 15.24,
            "research_to_sale_ratio": 3.11,
            "price_fair": 121.7,
            "eps_avg_yearly": 3.48,
            "eps_latest_yearly": 4,
            "eps_growth_yearly": 45.15
        },
        "20211": {
            "year_quarter": 20211,
            "year": 2021,
            "quarter": 1,
            "eps": 0.83,
            "eps_growth_year": 107.5,
            "eps_4q": 4.12,
            "eps_4q_growth_year": 19.54,
            "roe": 2.3,
            "roe_4q": 11.91,
            "gross_profit": 507712,
            "gross_margin": 23.05,
            "gross_margin_4q_avg": 23.91,
            "net_income": 176657,
            "net_income_4q": null,
            "revenue": 2202475,
            "revenue_4q": null,
            "common_shares": 2091197,
            "book_valuer_per_share": 36.58,
            "book_valuer_per_share_4q_avg": 35,
            "equity": 7771139,
            "current_ratio": 254.33,
            "debt_ratio": 35.69,
            "inventory_turnover_ratio": 1.17,
            "account_receivable_turnover_ratio": 0.53,
            "reinvestment_rate": 17.34,
            "research_to_sale_ratio": 3.16,
            "price_fair": 125.2,
            "eps_avg_yearly": 3.58,
            "eps_latest_yearly": 3.32,
            "eps_growth_yearly": 53.95
        },
        "20212": {
            "year_quarter": 20212,
            "year": 2021,
            "quarter": 2,
            "eps": 0.94,
            "eps_growth_year": 17.5,
            "eps_4q": 4.26,
            "eps_4q_growth_year": 46.76,
            "roe": 2.53,
            "roe_4q": 12.11,
            "gross_profit": 584816,
            "gross_margin": 24.65,
            "gross_margin_4q_avg": 24.39,
            "net_income": 198372,
            "net_income_4q": null,
            "revenue": 2372276,
            "revenue_4q": null,
            "common_shares": 2091197,
            "book_valuer_per_share": 37.35,
            "book_valuer_per_share_4q_avg": 36.08,
            "equity": 7933582,
            "current_ratio": 239.61,
            "debt_ratio": 37.21,
            "inventory_turnover_ratio": 1.01,
            "account_receivable_turnover_ratio": 0.55,
            "reinvestment_rate": 14.04,
            "research_to_sale_ratio": 3.38,
            "price_fair": 125.2,
            "eps_avg_yearly": 3.58,
            "eps_latest_yearly": 3.76,
            "eps_growth_yearly": 30.36
        },
        "20213": {
            "year_quarter": 20213,
            "year": 2021,
            "quarter": 3,
            "eps": 1.18,
            "eps_growth_year": -21.33,
            "eps_4q": 3.95,
            "eps_4q_growth_year": 13.86,
            "roe": 3.22,
            "roe_4q": 10.88,
            "gross_profit": 654760,
            "gross_margin": 24.38,
            "gross_margin_4q_avg": 24.18,
            "net_income": 249943,
            "net_income_4q": null,
            "revenue": 2685848,
            "revenue_4q": null,
            "common_shares": 2091197,
            "book_valuer_per_share": 35.8,
            "book_valuer_per_share_4q_avg": 36.35,
            "equity": 7612528,
            "current_ratio": 226.6,
            "debt_ratio": 40.69,
            "inventory_turnover_ratio": 1.03,
            "account_receivable_turnover_ratio": 0.6,
            "reinvestment_rate": 17,
            "research_to_sale_ratio": 3.25,
            "price_fair": 123.01,
            "eps_avg_yearly": 3.53,
            "eps_latest_yearly": 4.72,
            "eps_growth_yearly": 24.89
        },
        "20214": {
            "year_quarter": 20214,
            "year": 2021,
            "quarter": 4,
            "eps": 0.57,
            "eps_growth_year": -43.32,
            "eps_4q": 3.51,
            "eps_4q_growth_year": -4.94,
            "roe": 1.54,
            "roe_4q": 9.59,
            "gross_profit": 451355,
            "gross_margin": 21.05,
            "gross_margin_4q_avg": 23.28,
            "net_income": 119890,
            "net_income_4q": null,
            "revenue": 2144403,
            "revenue_4q": null,
            "common_shares": 2091197,
            "book_valuer_per_share": 37.13,
            "book_valuer_per_share_4q_avg": 36.72,
            "equity": 7913393,
            "current_ratio": 325.64,
            "debt_ratio": 43.78,
            "inventory_turnover_ratio": 0.88,
            "account_receivable_turnover_ratio": 0.5,
            "reinvestment_rate": 18.67,
            "research_to_sale_ratio": 4.01,
            "price_fair": 112.78,
            "eps_avg_yearly": 3.47,
            "eps_latest_yearly": 2.28,
            "eps_growth_yearly": 22.51
        },
        "20221": {
            "year_quarter": 20221,
            "year": 2022,
            "quarter": 1,
            "eps": 1,
            "eps_growth_year": 20.48,
            "eps_4q": 3.68,
            "eps_4q_growth_year": -10.7,
            "roe": 2.6,
            "roe_4q": 9.89,
            "gross_profit": 481074,
            "gross_margin": 22.03,
            "gross_margin_4q_avg": 23.03,
            "net_income": 209382,
            "net_income_4q": null,
            "revenue": 2184172,
            "revenue_4q": null,
            "common_shares": 2091197,
            "book_valuer_per_share": 38.39,
            "book_valuer_per_share_4q_avg": 37.17,
            "equity": 8187242,
            "current_ratio": 312.59,
            "debt_ratio": 42.66,
            "inventory_turnover_ratio": 0.86,
            "account_receivable_turnover_ratio": 0.52,
            "reinvestment_rate": 21.92,
            "research_to_sale_ratio": 4.59,
            "price_fair": 126.8,
            "eps_avg_yearly": 3.62,
            "eps_latest_yearly": 4,
            "eps_growth_yearly": 55.57
        },
        "20222": {
            "year_quarter": 20222,
            "year": 2022,
            "quarter": 2,
            "eps": 1.07,
            "eps_growth_year": 13.83,
            "eps_4q": 3.82,
            "eps_4q_growth_year": -10.36,
            "roe": 2.82,
            "roe_4q": 10.18,
            "gross_profit": 604013,
            "gross_margin": 26.2,
            "gross_margin_4q_avg": 23.42,
            "net_income": 225593,
            "net_income_4q": null,
            "revenue": 2305050,
            "revenue_4q": null,
            "common_shares": 2091197,
            "book_valuer_per_share": 36.55,
            "book_valuer_per_share_4q_avg": 36.97,
            "equity": 7798324,
            "current_ratio": 275.29,
            "debt_ratio": 45.21,
            "inventory_turnover_ratio": 0.76,
            "account_receivable_turnover_ratio": 0.53,
            "reinvestment_rate": 29.82,
            "research_to_sale_ratio": 4.56,
            "price_fair": 129.9,
            "eps_avg_yearly": 3.71,
            "eps_latest_yearly": 4.28,
            "eps_growth_yearly": 38.94
        },
        "20223": {
            "year_quarter": 20223,
            "year": 2022,
            "quarter": 3,
            "eps": 1.23,
            "eps_growth_year": 4.24,
            "eps_4q": 3.87,
            "eps_4q_growth_year": -1.96,
            "roe": 3.21,
            "roe_4q": 10.169999999999998,
            "gross_profit": 593141,
            "gross_margin": 25.01,
            "gross_margin_4q_avg": 23.57,
            "net_income": 253720,
            "net_income_4q": null,
            "revenue": 2372004,
            "revenue_4q": null,
            "common_shares": 2091197,
            "book_valuer_per_share": 37.65,
            "book_valuer_per_share_4q_avg": 37.43,
            "equity": 8024335,
            "current_ratio": 328.71,
            "debt_ratio": 41.72,
            "inventory_turnover_ratio": 0.78,
            "account_receivable_turnover_ratio": 0.54,
            "reinvestment_rate": 34.14,
            "research_to_sale_ratio": 4.39,
            "price_fair": 130.8,
            "eps_avg_yearly": 3.74,
            "eps_latest_yearly": 4.92,
            "eps_growth_yearly": 28.92
        },
        "20224": {
            "year_quarter": 20224,
            "year": 2022,
            "quarter": 4,
            "eps": 0.05,
            "eps_growth_year": -91.6,
            "eps_4q": 3.35,
            "eps_4q_growth_year": -4.65,
            "roe": 0.04,
            "roe_4q": 8.67,
            "gross_profit": 400635,
            "gross_margin": 21.53,
            "gross_margin_4q_avg": 23.69,
            "net_income": 3018,
            "net_income_4q": null,
            "revenue": 1860649,
            "revenue_4q": null,
            "common_shares": 2091197,
            "book_valuer_per_share": 37.82,
            "book_valuer_per_share_4q_avg": 37.6,
            "equity": 8052075,
            "current_ratio": 382.42,
            "debt_ratio": 37.33,
            "inventory_turnover_ratio": 0.74,
            "account_receivable_turnover_ratio": 0.46,
            "reinvestment_rate": 30.34,
            "research_to_sale_ratio": 4.88,
            "price_fair": 64.97,
            "eps_avg_yearly": 3.51,
            "eps_latest_yearly": 0.2,
            "eps_growth_yearly": 8.53
        },
        "20231": {
            "year_quarter": 20231,
            "year": 2023,
            "quarter": 1,
            "eps": -0.22,
            "eps_growth_year": -122,
            "eps_4q": 2.13,
            "eps_4q_growth_year": -42.02,
            "roe": -0.72,
            "roe_4q": 5.35,
            "gross_profit": 220862,
            "gross_margin": 15.75,
            "gross_margin_4q_avg": 22.12,
            "net_income": -56390,
            "net_income_4q": null,
            "revenue": 1402578,
            "revenue_4q": null,
            "common_shares": 2091197,
            "book_valuer_per_share": 35.63,
            "book_valuer_per_share_4q_avg": 36.91,
            "equity": 7584824,
            "current_ratio": 325.83,
            "debt_ratio": 39.44,
            "inventory_turnover_ratio": 0.7,
            "account_receivable_turnover_ratio": 0.43,
            "reinvestment_rate": 33.55,
            "research_to_sale_ratio": 5.48,
            "price_fair": 64.97,
            "eps_avg_yearly": 3.51,
            "eps_latest_yearly": 0.2,
            "eps_growth_yearly": 8.53
        },
        "20232": {
            "year_quarter": 20232,
            "year": 2023,
            "quarter": 2,
            "eps": 0.66,
            "eps_growth_year": -38.32,
            "eps_4q": 1.72,
            "eps_4q_growth_year": -54.94,
            "roe": 1.61,
            "roe_4q": 4.140000000000001,
            "gross_profit": 469275,
            "gross_margin": 22.57,
            "gross_margin_4q_avg": 21.22,
            "net_income": 122177,
            "net_income_4q": null,
            "revenue": 2079535,
            "revenue_4q": null,
            "common_shares": 2091197,
            "book_valuer_per_share": 35.79,
            "book_valuer_per_share_4q_avg": 36.72,
            "equity": 7598989,
            "current_ratio": 274.12,
            "debt_ratio": 41.28,
            "inventory_turnover_ratio": 0.98,
            "account_receivable_turnover_ratio": 0.69,
            "reinvestment_rate": 41.04,
            "research_to_sale_ratio": 4.18,
            "price_fair": 64.97,
            "eps_avg_yearly": 3.51,
            "eps_latest_yearly": 0.2,
            "eps_growth_yearly": 8.53
        },
        "20233": {
            "year_quarter": 20233,
            "year": 2023,
            "quarter": 3,
            "eps": 1.32,
            "eps_growth_year": 7.32,
            "eps_4q": 1.82,
            "eps_4q_growth_year": -53.08,
            "roe": 3.32,
            "roe_4q": 4.25,
            "gross_profit": 628670,
            "gross_margin": 25.28,
            "gross_margin_4q_avg": 21.28,
            "net_income": 259960,
            "net_income_4q": null,
            "revenue": 2487012,
            "revenue_4q": null,
            "common_shares": 2091197,
            "book_valuer_per_share": 38.05,
            "book_valuer_per_share_4q_avg": 36.82,
            "equity": 8056442,
            "current_ratio": 301.33,
            "debt_ratio": 40.1,
            "inventory_turnover_ratio": 1.08,
            "account_receivable_turnover_ratio": 0.68,
            "reinvestment_rate": 40.7,
            "research_to_sale_ratio": 4.06,
            "price_fair": 126.6,
            "eps_avg_yearly": 3.62,
            "eps_latest_yearly": 5.28,
            "eps_growth_yearly": 45.84
        },
        "20234": {
            "year_quarter": 20234,
            "year": 2023,
            "quarter": 4,
            "eps": 0.25,
            "eps_growth_year": 435.51,
            "eps_4q": 2.02,
            "eps_4q_growth_year": -39.62,
            "roe": 0.43,
            "roe_4q": 4.640000000000001,
            "gross_profit": 472700,
            "gross_margin": 21.67,
            "gross_margin_4q_avg": 21.32,
            "net_income": 34976,
            "net_income_4q": null,
            "revenue": 2181394,
            "revenue_4q": null,
            "common_shares": 2091197,
            "book_valuer_per_share": 38.19,
            "book_valuer_per_share_4q_avg": 36.92,
            "equity": 8068627,
            "current_ratio": 179.73,
            "debt_ratio": 38.08,
            "inventory_turnover_ratio": 1.08,
            "account_receivable_turnover_ratio": 0.55,
            "reinvestment_rate": 57.08,
            "research_to_sale_ratio": 4.67,
            "price_fair": 121.4,
            "eps_avg_yearly": 3.47,
            "eps_latest_yearly": 1,
            "eps_growth_yearly": 27.6
        }
    },
    "months": {
        "2003-09": {
            "month": "2003-09",
            "price": "41.15",
            "revenue": 135354
        },
        "2003-10": {
            "month": "2003-10",
            "price": "47.62",
            "revenue": 147133
        },
        "2003-11": {
            "month": "2003-11",
            "price": "57.55",
            "revenue": 164279
        },
        "2003-12": {
            "month": "2003-12",
            "price": "55.61",
            "revenue": 182095
        },
        "2004-01": {
            "month": "2004-01",
            "price": "86.23",
            "revenue": 183900
        },
        "2004-02": {
            "month": "2004-02",
            "price": "93.35",
            "revenue": 160812
        },
        "2004-03": {
            "month": "2004-03",
            "price": "87.46",
            "revenue": 180629
        },
        "2004-04": {
            "month": "2004-04",
            "price": "89.95",
            "revenue": 194111
        },
        "2004-05": {
            "month": "2004-05",
            "price": "84.69",
            "revenue": 192597
        },
        "2004-06": {
            "month": "2004-06",
            "price": "71.93",
            "revenue": 203015
        },
        "2004-07": {
            "month": "2004-07",
            "price": "58.93",
            "revenue": 169066
        },
        "2004-08": {
            "month": "2004-08",
            "price": "51.64",
            "revenue": 170231
        },
        "2004-09": {
            "month": "2004-09",
            "price": "49.74",
            "revenue": 160602
        },
        "2004-10": {
            "month": "2004-10",
            "price": "41.84",
            "revenue": 152723
        },
        "2004-11": {
            "month": "2004-11",
            "price": "41.66",
            "revenue": 140627
        },
        "2004-12": {
            "month": "2004-12",
            "price": "39.81",
            "revenue": 140806
        },
        "2005-01": {
            "month": "2005-01",
            "price": "39.50",
            "revenue": 141495
        },
        "2005-02": {
            "month": "2005-02",
            "price": "42.76",
            "revenue": 134465
        },
        "2005-03": {
            "month": "2005-03",
            "price": "46.60",
            "revenue": 165529
        },
        "2005-04": {
            "month": "2005-04",
            "price": "45.01",
            "revenue": 197404
        },
        "2005-05": {
            "month": "2005-05",
            "price": "44.51",
            "revenue": 192623
        },
        "2005-06": {
            "month": "2005-06",
            "price": "45.21",
            "revenue": 204738
        },
        "2005-07": {
            "month": "2005-07",
            "price": "50.59",
            "revenue": 207766
        },
        "2005-08": {
            "month": "2005-08",
            "price": "45.68",
            "revenue": 259885
        },
        "2005-09": {
            "month": "2005-09",
            "price": "53.28",
            "revenue": 328044
        },
        "2005-10": {
            "month": "2005-10",
            "price": "58.78",
            "revenue": 355045
        },
        "2005-11": {
            "month": "2005-11",
            "price": "59.90",
            "revenue": 291075
        },
        "2005-12": {
            "month": "2005-12",
            "price": "62.03",
            "revenue": 201898
        },
        "2006-01": {
            "month": "2006-01",
            "price": "62.15",
            "revenue": 212913
        },
        "2006-02": {
            "month": "2006-02",
            "price": "58.17",
            "revenue": 161007
        },
        "2006-03": {
            "month": "2006-03",
            "price": "54.88",
            "revenue": 211088
        },
        "2006-04": {
            "month": "2006-04",
            "price": "58.16",
            "revenue": 219075
        },
        "2006-05": {
            "month": "2006-05",
            "price": "54.70",
            "revenue": 194747
        },
        "2006-06": {
            "month": "2006-06",
            "price": "45.37",
            "revenue": 138267
        },
        "2006-07": {
            "month": "2006-07",
            "price": "38.76",
            "revenue": 166054
        },
        "2006-08": {
            "month": "2006-08",
            "price": "41.60",
            "revenue": 230998
        },
        "2006-09": {
            "month": "2006-09",
            "price": "42.15",
            "revenue": 284093
        },
        "2006-10": {
            "month": "2006-10",
            "price": "37.72",
            "revenue": 288468
        },
        "2006-11": {
            "month": "2006-11",
            "price": "35.00",
            "revenue": 254044
        },
        "2006-12": {
            "month": "2006-12",
            "price": "37.10",
            "revenue": 174930
        },
        "2007-01": {
            "month": "2007-01",
            "price": "49.55",
            "revenue": 213869
        },
        "2007-02": {
            "month": "2007-02",
            "price": "52.27",
            "revenue": 141939
        },
        "2007-03": {
            "month": "2007-03",
            "price": "54.58",
            "revenue": 183824
        },
        "2007-04": {
            "month": "2007-04",
            "price": "53.22",
            "revenue": 218531
        },
        "2007-05": {
            "month": "2007-05",
            "price": "50.28",
            "revenue": 224281
        },
        "2007-06": {
            "month": "2007-06",
            "price": "55.24",
            "revenue": 241452
        },
        "2007-07": {
            "month": "2007-07",
            "price": "64.40",
            "revenue": 282180
        },
        "2007-08": {
            "month": "2007-08",
            "price": "62.08",
            "revenue": 339645
        },
        "2007-09": {
            "month": "2007-09",
            "price": "50.71",
            "revenue": 366673
        },
        "2007-10": {
            "month": "2007-10",
            "price": "46.27",
            "revenue": 299969
        },
        "2007-11": {
            "month": "2007-11",
            "price": "32.82",
            "revenue": 249652
        },
        "2007-12": {
            "month": "2007-12",
            "price": "27.63",
            "revenue": 213517
        },
        "2008-01": {
            "month": "2008-01",
            "price": "29.01",
            "revenue": 245941
        },
        "2008-02": {
            "month": "2008-02",
            "price": "31.17",
            "revenue": 175335
        },
        "2008-03": {
            "month": "2008-03",
            "price": "32.87",
            "revenue": 224313
        },
        "2008-04": {
            "month": "2008-04",
            "price": "31.98",
            "revenue": 261760
        },
        "2008-05": {
            "month": "2008-05",
            "price": "34.71",
            "revenue": 249405
        },
        "2008-06": {
            "month": "2008-06",
            "price": "32.88",
            "revenue": 262282
        },
        "2008-07": {
            "month": "2008-07",
            "price": "29.78",
            "revenue": 364408
        },
        "2008-08": {
            "month": "2008-08",
            "price": "31.70",
            "revenue": 418398
        },
        "2008-09": {
            "month": "2008-09",
            "price": "27.62",
            "revenue": 440913
        },
        "2008-10": {
            "month": "2008-10",
            "price": "21.15",
            "revenue": 312662
        },
        "2008-11": {
            "month": "2008-11",
            "price": "15.00",
            "revenue": 155284
        },
        "2008-12": {
            "month": "2008-12",
            "price": "12.37",
            "revenue": 142055
        },
        "2009-01": {
            "month": "2009-01",
            "price": "12.52",
            "revenue": 130760
        },
        "2009-02": {
            "month": "2009-02",
            "price": "15.78",
            "revenue": 193157
        },
        "2009-03": {
            "month": "2009-03",
            "price": "17.56",
            "revenue": 286209
        },
        "2009-04": {
            "month": "2009-04",
            "price": "21.50",
            "revenue": 333468
        },
        "2009-05": {
            "month": "2009-05",
            "price": "26.28",
            "revenue": 292162
        },
        "2009-06": {
            "month": "2009-06",
            "price": "25.17",
            "revenue": 339659
        },
        "2009-07": {
            "month": "2009-07",
            "price": "36.33",
            "revenue": 390695
        },
        "2009-08": {
            "month": "2009-08",
            "price": "38.09",
            "revenue": 417216
        },
        "2009-09": {
            "month": "2009-09",
            "price": "38.86",
            "revenue": 442163
        },
        "2009-10": {
            "month": "2009-10",
            "price": "45.71",
            "revenue": 391821
        },
        "2009-11": {
            "month": "2009-11",
            "price": "43.81",
            "revenue": 347701
        },
        "2009-12": {
            "month": "2009-12",
            "price": "58.85",
            "revenue": 342500
        },
        "2010-01": {
            "month": "2010-01",
            "price": "56.20",
            "revenue": 423025
        },
        "2010-02": {
            "month": "2010-02",
            "price": "50.26",
            "revenue": 380916
        },
        "2010-03": {
            "month": "2010-03",
            "price": "57.41",
            "revenue": 504491
        },
        "2010-04": {
            "month": "2010-04",
            "price": "60.19",
            "revenue": 561625
        },
        "2010-05": {
            "month": "2010-05",
            "price": "61.84",
            "revenue": 588627
        },
        "2010-06": {
            "month": "2010-06",
            "price": "57.58",
            "revenue": 541688
        },
        "2010-07": {
            "month": "2010-07",
            "price": "60.30",
            "revenue": 655675
        },
        "2010-08": {
            "month": "2010-08",
            "price": "68.51",
            "revenue": 701313
        },
        "2010-09": {
            "month": "2010-09",
            "price": "70.78",
            "revenue": 694273
        },
        "2010-10": {
            "month": "2010-10",
            "price": "65.00",
            "revenue": 627072
        },
        "2010-11": {
            "month": "2010-11",
            "price": "65.31",
            "revenue": 609992
        },
        "2010-12": {
            "month": "2010-12",
            "price": "69.05",
            "revenue": 551459
        },
        "2011-01": {
            "month": "2011-01",
            "price": "70.46",
            "revenue": 625579
        },
        "2011-02": {
            "month": "2011-02",
            "price": "74.63",
            "revenue": 528487
        },
        "2011-03": {
            "month": "2011-03",
            "price": "69.00",
            "revenue": 632570
        },
        "2011-04": {
            "month": "2011-04",
            "price": "66.17",
            "revenue": 601764
        },
        "2011-05": {
            "month": "2011-05",
            "price": "59.16",
            "revenue": 404141
        },
        "2011-06": {
            "month": "2011-06",
            "price": "58.20",
            "revenue": 442084
        },
        "2011-07": {
            "month": "2011-07",
            "price": "64.31",
            "revenue": 558898
        },
        "2011-08": {
            "month": "2011-08",
            "price": "50.34",
            "revenue": 668021
        },
        "2011-09": {
            "month": "2011-09",
            "price": "44.82",
            "revenue": 663219
        },
        "2011-10": {
            "month": "2011-10",
            "price": "34.46",
            "revenue": 515363
        },
        "2011-11": {
            "month": "2011-11",
            "price": "32.12",
            "revenue": 419969
        },
        "2011-12": {
            "month": "2011-12",
            "price": "29.95",
            "revenue": 421844
        },
        "2012-01": {
            "month": "2012-01",
            "price": "32.94",
            "revenue": 447417
        },
        "2012-02": {
            "month": "2012-02",
            "price": "42.20",
            "revenue": 487784
        },
        "2012-03": {
            "month": "2012-03",
            "price": "39.77",
            "revenue": 585661
        },
        "2012-04": {
            "month": "2012-04",
            "price": "38.39",
            "revenue": 700026
        },
        "2012-05": {
            "month": "2012-05",
            "price": "44.06",
            "revenue": 761992
        },
        "2012-06": {
            "month": "2012-06",
            "price": "44.37",
            "revenue": 625032
        },
        "2012-07": {
            "month": "2012-07",
            "price": "42.30",
            "revenue": 674528
        },
        "2012-08": {
            "month": "2012-08",
            "price": "41.31",
            "revenue": 592872
        },
        "2012-09": {
            "month": "2012-09",
            "price": "37.66",
            "revenue": 685886
        },
        "2012-10": {
            "month": "2012-10",
            "price": "36.47",
            "revenue": 762865
        },
        "2012-11": {
            "month": "2012-11",
            "price": "31.91",
            "revenue": 829349
        },
        "2012-12": {
            "month": "2012-12",
            "price": "35.07",
            "revenue": 699763
        },
        "2013-01": {
            "month": "2013-01",
            "price": "36.37",
            "revenue": 778995
        },
        "2013-02": {
            "month": "2013-02",
            "price": "37.06",
            "revenue": 598087
        },
        "2013-03": {
            "month": "2013-03",
            "price": "37.22",
            "revenue": 648000
        },
        "2013-04": {
            "month": "2013-04",
            "price": "35.66",
            "revenue": 721258
        },
        "2013-05": {
            "month": "2013-05",
            "price": "40.16",
            "revenue": 865820
        },
        "2013-06": {
            "month": "2013-06",
            "price": "43.12",
            "revenue": 862541
        },
        "2013-07": {
            "month": "2013-07",
            "price": "41.34",
            "revenue": 914348
        },
        "2013-08": {
            "month": "2013-08",
            "price": "47.15",
            "revenue": 949128
        },
        "2013-09": {
            "month": "2013-09",
            "price": "50.24",
            "revenue": 1023256
        },
        "2013-10": {
            "month": "2013-10",
            "price": "53.11",
            "revenue": 978939
        },
        "2013-11": {
            "month": "2013-11",
            "price": "62.23",
            "revenue": 945023
        },
        "2013-12": {
            "month": "2013-12",
            "price": "57.97",
            "revenue": 852834
        },
        "2014-01": {
            "month": "2014-01",
            "price": "58.81",
            "revenue": 861722
        },
        "2014-02": {
            "month": "2014-02",
            "price": "58.38",
            "revenue": 673782
        },
        "2014-03": {
            "month": "2014-03",
            "price": "57.40",
            "revenue": 663166
        },
        "2014-04": {
            "month": "2014-04",
            "price": "58.59",
            "revenue": 831269
        },
        "2014-05": {
            "month": "2014-05",
            "price": "61.19",
            "revenue": 910451
        },
        "2014-06": {
            "month": "2014-06",
            "price": "61.00",
            "revenue": 927394
        },
        "2014-07": {
            "month": "2014-07",
            "price": "57.82",
            "revenue": 933084
        },
        "2014-08": {
            "month": "2014-08",
            "price": "50.53",
            "revenue": 932040
        },
        "2014-09": {
            "month": "2014-09",
            "price": "50.51",
            "revenue": 906984
        },
        "2014-10": {
            "month": "2014-10",
            "price": "43.86",
            "revenue": 882957
        },
        "2014-11": {
            "month": "2014-11",
            "price": "42.98",
            "revenue": 798016
        },
        "2014-12": {
            "month": "2014-12",
            "price": "44.20",
            "revenue": 806855
        },
        "2015-01": {
            "month": "2015-01",
            "price": "44.64",
            "revenue": 756210
        },
        "2015-02": {
            "month": "2015-02",
            "price": "44.85",
            "revenue": 524203
        },
        "2015-03": {
            "month": "2015-03",
            "price": "48.80",
            "revenue": 624374
        },
        "2015-04": {
            "month": "2015-04",
            "price": "47.55",
            "revenue": 734621
        },
        "2015-05": {
            "month": "2015-05",
            "price": "45.18",
            "revenue": 819324
        },
        "2015-06": {
            "month": "2015-06",
            "price": "43.28",
            "revenue": 892506
        },
        "2015-07": {
            "month": "2015-07",
            "price": "44.91",
            "revenue": 960916
        },
        "2015-08": {
            "month": "2015-08",
            "price": "34.62",
            "revenue": 1019246
        },
        "2015-09": {
            "month": "2015-09",
            "price": "35.36",
            "revenue": 1027338
        },
        "2015-10": {
            "month": "2015-10",
            "price": "38.97",
            "revenue": 983346
        },
        "2015-11": {
            "month": "2015-11",
            "price": "38.65",
            "revenue": 1002197
        },
        "2015-12": {
            "month": "2015-12",
            "price": "38.69",
            "revenue": 923587
        },
        "2016-01": {
            "month": "2016-01",
            "price": "35.13",
            "revenue": 940825
        },
        "2016-02": {
            "month": "2016-02",
            "price": "37.65",
            "revenue": 552053
        },
        "2016-03": {
            "month": "2016-03",
            "price": "37.58",
            "revenue": 790447
        },
        "2016-04": {
            "month": "2016-04",
            "price": "35.42",
            "revenue": 900874
        },
        "2016-05": {
            "month": "2016-05",
            "price": "34.81",
            "revenue": 888042
        },
        "2016-06": {
            "month": "2016-06",
            "price": "35.68",
            "revenue": 833461
        },
        "2016-07": {
            "month": "2016-07",
            "price": "35.88",
            "revenue": 764524
        },
        "2016-08": {
            "month": "2016-08",
            "price": "34.41",
            "revenue": 840874
        },
        "2016-09": {
            "month": "2016-09",
            "price": "32.51",
            "revenue": 834615
        },
        "2016-10": {
            "month": "2016-10",
            "price": "31.04",
            "revenue": 860909
        },
        "2016-11": {
            "month": "2016-11",
            "price": "30.17",
            "revenue": 1073002
        },
        "2016-12": {
            "month": "2016-12",
            "price": "33.59",
            "revenue": 1004354
        },
        "2017-01": {
            "month": "2017-01",
            "price": "36.30",
            "revenue": 770223
        },
        "2017-02": {
            "month": "2017-02",
            "price": "38.51",
            "revenue": 724258
        },
        "2017-03": {
            "month": "2017-03",
            "price": "37.75",
            "revenue": 818175
        },
        "2017-04": {
            "month": "2017-04",
            "price": "36.59",
            "revenue": 902792
        },
        "2017-05": {
            "month": "2017-05",
            "price": "38.46",
            "revenue": 911871
        },
        "2017-06": {
            "month": "2017-06",
            "price": "39.98",
            "revenue": 962150
        },
        "2017-07": {
            "month": "2017-07",
            "price": "39.79",
            "revenue": 951013
        },
        "2017-08": {
            "month": "2017-08",
            "price": "48.44",
            "revenue": 1117294
        },
        "2017-09": {
            "month": "2017-09",
            "price": "50.32",
            "revenue": 1156009
        },
        "2017-10": {
            "month": "2017-10",
            "price": "49.49",
            "revenue": 1001650
        },
        "2017-11": {
            "month": "2017-11",
            "price": "47.74",
            "revenue": 955231
        },
        "2017-12": {
            "month": "2017-12",
            "price": "52.17",
            "revenue": 922225
        },
        "2018-01": {
            "month": "2018-01",
            "price": "56.91",
            "revenue": 807259
        },
        "2018-02": {
            "month": "2018-02",
            "price": "48.20",
            "revenue": 519787
        },
        "2018-03": {
            "month": "2018-03",
            "price": "45.28",
            "revenue": 672540
        },
        "2018-04": {
            "month": "2018-04",
            "price": "41.66",
            "revenue": 696570
        },
        "2018-05": {
            "month": "2018-05",
            "price": "43.33",
            "revenue": 854925
        },
        "2018-06": {
            "month": "2018-06",
            "price": "44.27",
            "revenue": 834072
        },
        "2018-07": {
            "month": "2018-07",
            "price": "43.21",
            "revenue": 963165
        },
        "2018-08": {
            "month": "2018-08",
            "price": "42.88",
            "revenue": 930818
        },
        "2018-09": {
            "month": "2018-09",
            "price": "36.14",
            "revenue": 954180
        },
        "2018-10": {
            "month": "2018-10",
            "price": "32.13",
            "revenue": 918794
        },
        "2018-11": {
            "month": "2018-11",
            "price": "34.05",
            "revenue": 883784
        },
        "2018-12": {
            "month": "2018-12",
            "price": "34.89",
            "revenue": 607157
        },
        "2019-01": {
            "month": "2019-01",
            "price": "35.43",
            "revenue": 489703
        },
        "2019-02": {
            "month": "2019-02",
            "price": "37.82",
            "revenue": 351858
        },
        "2019-03": {
            "month": "2019-03",
            "price": "38.20",
            "revenue": 531140
        },
        "2019-04": {
            "month": "2019-04",
            "price": "40.04",
            "revenue": 682455
        },
        "2019-05": {
            "month": "2019-05",
            "price": "42.38",
            "revenue": 701084
        },
        "2019-06": {
            "month": "2019-06",
            "price": "40.42",
            "revenue": 694642
        },
        "2019-07": {
            "month": "2019-07",
            "price": "43.47",
            "revenue": 749047
        },
        "2019-08": {
            "month": "2019-08",
            "price": "42.49",
            "revenue": 731721
        },
        "2019-09": {
            "month": "2019-09",
            "price": "44.19",
            "revenue": 692808
        },
        "2019-10": {
            "month": "2019-10",
            "price": "42.50",
            "revenue": 643741
        },
        "2019-11": {
            "month": "2019-11",
            "price": "43.66",
            "revenue": 654904
        },
        "2019-12": {
            "month": "2019-12",
            "price": "46.29",
            "revenue": 660551
        },
        "2020-01": {
            "month": "2020-01",
            "price": "50.33",
            "revenue": 520208
        },
        "2020-02": {
            "month": "2020-02",
            "price": "44.80",
            "revenue": 442081
        },
        "2020-03": {
            "month": "2020-03",
            "price": "44.64",
            "revenue": 651760
        },
        "2020-04": {
            "month": "2020-04",
            "price": "45.34",
            "revenue": 728962
        },
        "2020-05": {
            "month": "2020-05",
            "price": "47.45",
            "revenue": 603555
        },
        "2020-06": {
            "month": "2020-06",
            "price": "47.32",
            "revenue": 723126
        },
        "2020-07": {
            "month": "2020-07",
            "price": "52.53",
            "revenue": 851728
        },
        "2020-08": {
            "month": "2020-08",
            "price": "52.73",
            "revenue": 860388
        },
        "2020-09": {
            "month": "2020-09",
            "price": "50.72",
            "revenue": 960296
        },
        "2020-10": {
            "month": "2020-10",
            "price": "50.29",
            "revenue": 859971
        },
        "2020-11": {
            "month": "2020-11",
            "price": "55.09",
            "revenue": 781746
        },
        "2020-12": {
            "month": "2020-12",
            "price": "54.73",
            "revenue": 782497
        },
        "2021-01": {
            "month": "2021-01",
            "price": "53.86",
            "revenue": 750283
        },
        "2021-02": {
            "month": "2021-02",
            "price": "52.30",
            "revenue": 680486
        },
        "2021-03": {
            "month": "2021-03",
            "price": "51.97",
            "revenue": 771706
        },
        "2021-04": {
            "month": "2021-04",
            "price": "54.36",
            "revenue": 745170
        },
        "2021-05": {
            "month": "2021-05",
            "price": "47.68",
            "revenue": 753076
        },
        "2021-06": {
            "month": "2021-06",
            "price": "50.30",
            "revenue": 874030
        },
        "2021-07": {
            "month": "2021-07",
            "price": "55.60",
            "revenue": 946424
        },
        "2021-08": {
            "month": "2021-08",
            "price": "50.52",
            "revenue": 875847
        },
        "2021-09": {
            "month": "2021-09",
            "price": "47.38",
            "revenue": 863577
        },
        "2021-10": {
            "month": "2021-10",
            "price": "46.06",
            "revenue": 656612
        },
        "2021-11": {
            "month": "2021-11",
            "price": "46.42",
            "revenue": 690000
        },
        "2021-12": {
            "month": "2021-12",
            "price": "46.67",
            "revenue": 797791
        },
        "2022-01": {
            "month": "2022-01",
            "price": "46.88",
            "revenue": 800600
        },
        "2022-02": {
            "month": "2022-02",
            "price": "46.38",
            "revenue": 567323
        },
        "2022-03": {
            "month": "2022-03",
            "price": "45.07",
            "revenue": 816249
        },
        "2022-04": {
            "month": "2022-04",
            "price": "44.55",
            "revenue": 829169
        },
        "2022-05": {
            "month": "2022-05",
            "price": "45.68",
            "revenue": 746743
        },
        "2022-06": {
            "month": "2022-06",
            "price": "45.74",
            "revenue": 729138
        },
        "2022-07": {
            "month": "2022-07",
            "price": "41.85",
            "revenue": 700704
        },
        "2022-08": {
            "month": "2022-08",
            "price": "41.10",
            "revenue": 801306
        },
        "2022-09": {
            "month": "2022-09",
            "price": "40.70",
            "revenue": 869994
        },
        "2022-10": {
            "month": "2022-10",
            "price": "39.22",
            "revenue": 771863
        },
        "2022-11": {
            "month": "2022-11",
            "price": "41.85",
            "revenue": 585046
        },
        "2022-12": {
            "month": "2022-12",
            "price": "41.57",
            "revenue": 503740
        },
        "2023-01": {
            "month": "2023-01",
            "price": "41.34",
            "revenue": 410010
        },
        "2023-02": {
            "month": "2023-02",
            "price": "42.10",
            "revenue": 431259
        },
        "2023-03": {
            "month": "2023-03",
            "price": "42.55",
            "revenue": 561309
        },
        "2023-04": {
            "month": "2023-04",
            "price": "42.39",
            "revenue": 617638
        },
        "2023-05": {
            "month": "2023-05",
            "price": "42.24",
            "revenue": 728269
        },
        "2023-06": {
            "month": "2023-06",
            "price": "43.11",
            "revenue": 733628
        },
        "2023-07": {
            "month": "2023-07",
            "price": "42.32",
            "revenue": 800406
        },
        "2023-08": {
            "month": "2023-08",
            "price": "42.58",
            "revenue": 834482
        },
        "2023-09": {
            "month": "2023-09",
            "price": "43.70",
            "revenue": 852124
        },
        "2023-10": {
            "month": "2023-10",
            "price": "42.14",
            "revenue": 767210
        },
        "2023-11": {
            "month": "2023-11",
            "price": "42.12",
            "revenue": 741860
        },
        "2023-12": {
            "month": "2023-12",
            "price": "44.24",
            "revenue": 672324
        }
    }
}
