{
    "summary": {
        "stock_name": "九暘",
        "stock_id": "8040",
        "category": "半導體",
        "main_business": "積體電路之研發、製造及銷售<br>積體電路之進出口貿易",
        "website_url": "http://www.icplus.com.tw",
        "ceo": "潘建華",
        "pe_ratio": -42,
        "report_year_from": 2001,
        "report_year_to": 2023,
        "age": 23,
        "eps_negative_percentage": 47,
        "eps_growth_avg": {
            "last_all": -30.13,
            "last_2y": 0,
            "last_4y": -33.33,
            "last_8y": -50,
            "last_12y": -60,
            "last_16y": -44.59,
            "last_20y": null,
            "at_2006_last_3y": null,
            "at_2007_last_3y": null,
            "at_2008_last_3y": null,
            "at_2009_last_3y": -25.32,
            "at_2010_last_3y": -25.32,
            "at_2011_last_3y": -43.19,
            "at_2012_last_3y": -25,
            "at_2013_last_3y": 0,
            "at_2014_last_3y": -100,
            "at_2015_last_3y": null,
            "at_2016_last_3y": null,
            "at_2017_last_3y": null,
            "at_2018_last_3y": -100,
            "at_2019_last_3y": -100,
            "at_2020_last_3y": -100,
            "at_2021_last_3y": -100,
            "at_2022_last_3y": 0,
            "at_2023_last_3y": -33.33,
            "at_2024_last_3y": -33.33,
            "at_2006_last_all": null,
            "at_2007_last_all": 35.74,
            "at_2008_last_all": -8.76,
            "at_2009_last_all": -25.32,
            "at_2010_last_all": -0.25,
            "at_2011_last_all": -16.88,
            "at_2012_last_all": -16.88,
            "at_2013_last_all": -16.88,
            "at_2014_last_all": -16.88,
            "at_2015_last_all": -16.88,
            "at_2016_last_all": -16.88,
            "at_2017_last_all": -16.88,
            "at_2018_last_all": -28.75,
            "at_2019_last_all": -28.75,
            "at_2020_last_all": -37.66,
            "at_2021_last_all": -37.66,
            "at_2022_last_all": -22.36,
            "at_2023_last_all": -30.13,
            "at_2024_last_all": -30.13
        },
        "latest_eps": -1.75,
        "latest_price": 73.3,
        "latest_roe": -15.42,
        "latest_gross_margin": 30.79,
        "latest_equity": 682380,
        "latest_revenue": 184479,
        "latest_gross_profit": 56800,
        "latest_net_income": -60801,
        "latest_debt_ratio": 21.34,
        "latest_current_ratio": 321.89,
        "latest_account_receivable_turnover_ratio": 4.41,
        "latest_inventory_turnover_ratio": 0.78,
        "latest_reinvestment_rate": null,
        "latest_research_to_sale_ratio": null
    },
    "eps_dividends": {
        "2001": {
            "cash": 0,
            "stock": 0,
            "eps": 0
        },
        "2002": {
            "cash": 0,
            "stock": 0,
            "eps": 0
        },
        "2003": {
            "cash": 0,
            "stock": 0,
            "eps": 0
        },
        "2004": {
            "cash": 0,
            "stock": 0,
            "eps": 0
        },
        "2005": {
            "cash": 0,
            "stock": 0,
            "eps": 0.87
        },
        "2006": {
            "cash": 0,
            "stock": 0,
            "eps": 2.49
        },
        "2007": {
            "cash": 0.4,
            "stock": 1.1,
            "eps": 1.78
        },
        "2008": {
            "cash": 1,
            "stock": 0.1,
            "eps": 0.04
        },
        "2009": {
            "cash": 0,
            "stock": 0,
            "eps": 0.01
        },
        "2010": {
            "cash": 0,
            "stock": 0,
            "eps": 1.54
        },
        "2011": {
            "cash": 1.1,
            "stock": 0,
            "eps": -2.99
        },
        "2012": {
            "cash": 0,
            "stock": 0,
            "eps": -0.52
        },
        "2013": {
            "cash": 0,
            "stock": 0,
            "eps": -0.93
        },
        "2014": {
            "cash": 0,
            "stock": 0,
            "eps": -1.14
        },
        "2015": {
            "cash": 0,
            "stock": 0,
            "eps": -0.84
        },
        "2016": {
            "cash": 0,
            "stock": 0,
            "eps": -0.76
        },
        "2017": {
            "cash": 0,
            "stock": 0,
            "eps": 0.04
        },
        "2018": {
            "cash": 0,
            "stock": 0,
            "eps": -1.02
        },
        "2019": {
            "cash": 0,
            "stock": 0,
            "eps": 1.78
        },
        "2020": {
            "cash": 0.2,
            "stock": 0,
            "eps": -1.7
        },
        "2021": {
            "cash": 0,
            "stock": 0,
            "eps": 0.89
        },
        "2022": {
            "cash": 0.6,
            "stock": 0,
            "eps": 2.2
        },
        "2023": {
            "cash": 1.2,
            "stock": 0,
            "eps": -1.76
        }
    },
    "dividends": {
        "2007-03-14": {
            "cash": 0.4,
            "stock": 1.1
        },
        "2008-03-21": {
            "cash": 1,
            "stock": 0.1
        },
        "2011-02-16": {
            "cash": 1.1,
            "stock": 0
        },
        "2020-07-22": {
            "cash": 0.2,
            "stock": 0
        },
        "2022-07-29": {
            "cash": 0.6,
            "stock": 0
        },
        "2023-07-28": {
            "cash": 1.2,
            "stock": 0
        }
    },
    "prices": {
        "200101": "無",
        "200102": "無",
        "200103": "無",
        "200104": "無",
        "200105": "無",
        "200106": "無",
        "200107": "無",
        "200108": "無",
        "200109": "無",
        "200110": "無",
        "200111": "無",
        "200112": "無",
        "200201": "無",
        "200202": "無",
        "200203": "無",
        "200204": "無",
        "200205": "無",
        "200206": "無",
        "200207": "無",
        "200208": "無",
        "200209": "無",
        "200210": "無",
        "200211": "無",
        "200212": "無",
        "200301": "無",
        "200302": "無",
        "200303": "無",
        "200304": "無",
        "200305": "無",
        "200306": "無",
        "200307": "無",
        "200308": "無",
        "200309": "無",
        "200310": "8.67",
        "200311": "7.17",
        "200312": "7.25",
        "200401": "7.66",
        "200402": "7.52",
        "200403": "7.24",
        "200404": "7.11",
        "200405": "6.50",
        "200406": "6.00",
        "200407": "5.68",
        "200408": "7.29",
        "200409": "5.64",
        "200410": "無",
        "200411": "3.60",
        "200412": "2.63",
        "200501": "5.62",
        "200502": "5.03",
        "200503": "4.58",
        "200504": "4.80",
        "200505": "5.90",
        "200506": "7.22",
        "200507": "7.46",
        "200508": "8.17",
        "200509": "10.07",
        "200510": "10.51",
        "200511": "12.78",
        "200512": "17.06",
        "200601": "15.41",
        "200602": "16.29",
        "200603": "16.42",
        "200604": "28.74",
        "200605": "29.05",
        "200606": "26.13",
        "200607": "25.88",
        "200608": "26.10",
        "200609": "27.32",
        "200610": "29.67",
        "200611": "30.83",
        "200612": "38.40",
        "200701": "50.15",
        "200702": "59.08",
        "200703": "66.32",
        "200704": "69.00",
        "200705": "106.35",
        "200706": "116.82",
        "200707": "123.43",
        "200708": "76.03",
        "200709": "65.12",
        "200710": "59.65",
        "200711": "59.19",
        "200712": "59.23",
        "200801": "48.63",
        "200802": "34.95",
        "200803": "39.47",
        "200804": "44.11",
        "200805": "49.56",
        "200806": "38.02",
        "200807": "31.74",
        "200808": "31.61",
        "200809": "24.40",
        "200810": "19.30",
        "200811": "13.03",
        "200812": "13.13",
        "200901": "14.34",
        "200902": "14.92",
        "200903": "20.92",
        "200904": "22.80",
        "200905": "25.41",
        "200906": "24.57",
        "200907": "27.24",
        "200908": "28.02",
        "200909": "28.99",
        "200910": "28.26",
        "200911": "26.95",
        "200912": "31.62",
        "201001": "30.55",
        "201002": "27.90",
        "201003": "30.59",
        "201004": "32.39",
        "201005": "28.50",
        "201006": "28.28",
        "201007": "33.60",
        "201008": "35.80",
        "201009": "41.16",
        "201010": "36.38",
        "201011": "31.01",
        "201012": "33.35",
        "201101": "31.69",
        "201102": "29.23",
        "201103": "26.80",
        "201104": "27.60",
        "201105": "26.53",
        "201106": "25.44",
        "201107": "21.05",
        "201108": "15.12",
        "201109": "13.92",
        "201110": "13.89",
        "201111": "12.83",
        "201112": "10.62",
        "201201": "10.51",
        "201202": "14.24",
        "201203": "13.70",
        "201204": "11.34",
        "201205": "11.08",
        "201206": "10.58",
        "201207": "10.22",
        "201208": "9.85",
        "201209": "10.37",
        "201210": "9.37",
        "201211": "8.27",
        "201212": "8.85",
        "201301": "8.99",
        "201302": "8.89",
        "201303": "9.18",
        "201304": "9.59",
        "201305": "9.80",
        "201306": "9.11",
        "201307": "8.34",
        "201308": "8.30",
        "201309": "8.57",
        "201310": "8.47",
        "201311": "7.98",
        "201312": "7.88",
        "201401": "9.20",
        "201402": "10.16",
        "201403": "12.33",
        "201404": "11.50",
        "201405": "10.51",
        "201406": "11.44",
        "201407": "12.36",
        "201408": "10.65",
        "201409": "10.49",
        "201410": "9.38",
        "201411": "9.10",
        "201412": "9.06",
        "201501": "9.33",
        "201502": "12.22",
        "201503": "12.06",
        "201504": "11.13",
        "201505": "11.10",
        "201506": "9.11",
        "201507": "7.90",
        "201508": "7.15",
        "201509": "7.14",
        "201510": "7.71",
        "201511": "7.63",
        "201512": "7.50",
        "201601": "7.22",
        "201602": "8.10",
        "201603": "8.47",
        "201604": "8.10",
        "201605": "7.26",
        "201606": "7.51",
        "201607": "7.80",
        "201608": "8.48",
        "201609": "8.22",
        "201610": "7.59",
        "201611": "7.08",
        "201612": "7.01",
        "201701": "6.99",
        "201702": "7.21",
        "201703": "7.05",
        "201704": "7.16",
        "201705": "7.40",
        "201706": "7.70",
        "201707": "7.85",
        "201708": "7.54",
        "201709": "7.42",
        "201710": "7.33",
        "201711": "7.59",
        "201712": "8.20",
        "201801": "9.40",
        "201802": "9.39",
        "201803": "11.67",
        "201804": "10.98",
        "201805": "10.23",
        "201806": "10.90",
        "201807": "10.62",
        "201808": "9.21",
        "201809": "8.27",
        "201810": "7.17",
        "201811": "6.98",
        "201812": "7.61",
        "201901": "7.36",
        "201902": "7.10",
        "201903": "6.82",
        "201904": "6.60",
        "201905": "7.04",
        "201906": "7.26",
        "201907": "9.70",
        "201908": "11.37",
        "201909": "11.25",
        "201910": "13.94",
        "201911": "23.17",
        "201912": "25.15",
        "202001": "24.23",
        "202002": "20.18",
        "202003": "15.92",
        "202004": "17.00",
        "202005": "16.66",
        "202006": "16.12",
        "202007": "16.28",
        "202008": "14.78",
        "202009": "15.01",
        "202010": "16.39",
        "202011": "16.25",
        "202012": "18.72",
        "202101": "22.28",
        "202102": "23.01",
        "202103": "44.20",
        "202104": "57.49",
        "202105": "42.97",
        "202106": "58.97",
        "202107": "71.68",
        "202108": "62.32",
        "202109": "61.68",
        "202110": "58.48",
        "202111": "72.38",
        "202112": "74.63",
        "202201": "66.16",
        "202202": "62.81",
        "202203": "62.37",
        "202204": "55.40",
        "202205": "49.62",
        "202206": "46.16",
        "202207": "40.52",
        "202208": "46.59",
        "202209": "51.74",
        "202210": "56.47",
        "202211": "57.53",
        "202212": "54.85",
        "202301": "52.88",
        "202302": "53.09",
        "202303": "50.99",
        "202304": "49.30",
        "202305": "45.25",
        "202306": "48.12",
        "202307": "44.77",
        "202308": "42.08",
        "202309": "42.92",
        "202310": "45.02",
        "202311": "47.41",
        "202312": "47.98"
    },
    "quarters": {
        "20011": {
            "year_quarter": 20011,
            "year": 2001,
            "quarter": 1,
            "eps": null,
            "eps_growth_year": null,
            "eps_4q": null,
            "eps_4q_growth_year": null,
            "roe": null,
            "roe_4q": 0,
            "gross_profit": null,
            "gross_margin": null,
            "gross_margin_4q_avg": 0,
            "net_income": null,
            "net_income_4q": null,
            "revenue": null,
            "revenue_4q": null,
            "common_shares": null,
            "book_valuer_per_share": null,
            "book_valuer_per_share_4q_avg": 0,
            "equity": null,
            "current_ratio": null,
            "debt_ratio": null,
            "inventory_turnover_ratio": null,
            "account_receivable_turnover_ratio": null,
            "reinvestment_rate": null,
            "research_to_sale_ratio": null,
            "price_fair": 0,
            "eps_avg_yearly": 0,
            "eps_latest_yearly": 0,
            "eps_growth_yearly": 0
        },
        "20012": {
            "year_quarter": 20012,
            "year": 2001,
            "quarter": 2,
            "eps": null,
            "eps_growth_year": null,
            "eps_4q": null,
            "eps_4q_growth_year": null,
            "roe": null,
            "roe_4q": 0,
            "gross_profit": null,
            "gross_margin": null,
            "gross_margin_4q_avg": 0,
            "net_income": null,
            "net_income_4q": null,
            "revenue": null,
            "revenue_4q": null,
            "common_shares": null,
            "book_valuer_per_share": null,
            "book_valuer_per_share_4q_avg": 0,
            "equity": null,
            "current_ratio": null,
            "debt_ratio": null,
            "inventory_turnover_ratio": null,
            "account_receivable_turnover_ratio": null,
            "reinvestment_rate": null,
            "research_to_sale_ratio": null,
            "price_fair": 0,
            "eps_avg_yearly": 0,
            "eps_latest_yearly": 0,
            "eps_growth_yearly": 0
        },
        "20013": {
            "year_quarter": 20013,
            "year": 2001,
            "quarter": 3,
            "eps": null,
            "eps_growth_year": null,
            "eps_4q": null,
            "eps_4q_growth_year": null,
            "roe": null,
            "roe_4q": 0,
            "gross_profit": null,
            "gross_margin": null,
            "gross_margin_4q_avg": 0,
            "net_income": null,
            "net_income_4q": null,
            "revenue": null,
            "revenue_4q": null,
            "common_shares": null,
            "book_valuer_per_share": null,
            "book_valuer_per_share_4q_avg": 0,
            "equity": null,
            "current_ratio": null,
            "debt_ratio": null,
            "inventory_turnover_ratio": null,
            "account_receivable_turnover_ratio": null,
            "reinvestment_rate": null,
            "research_to_sale_ratio": null,
            "price_fair": 0,
            "eps_avg_yearly": 0,
            "eps_latest_yearly": 0,
            "eps_growth_yearly": 0
        },
        "20014": {
            "year_quarter": 20014,
            "year": 2001,
            "quarter": 4,
            "eps": null,
            "eps_growth_year": null,
            "eps_4q": null,
            "eps_4q_growth_year": null,
            "roe": null,
            "roe_4q": 0,
            "gross_profit": null,
            "gross_margin": null,
            "gross_margin_4q_avg": 0,
            "net_income": null,
            "net_income_4q": null,
            "revenue": null,
            "revenue_4q": null,
            "common_shares": 432000,
            "book_valuer_per_share": 12.88,
            "book_valuer_per_share_4q_avg": 3.22,
            "equity": 556352,
            "current_ratio": 231.91,
            "debt_ratio": 19.94,
            "inventory_turnover_ratio": null,
            "account_receivable_turnover_ratio": null,
            "reinvestment_rate": null,
            "research_to_sale_ratio": null,
            "price_fair": 0,
            "eps_avg_yearly": 0,
            "eps_latest_yearly": 0,
            "eps_growth_yearly": 0
        },
        "20021": {
            "year_quarter": 20021,
            "year": 2002,
            "quarter": 1,
            "eps": null,
            "eps_growth_year": null,
            "eps_4q": null,
            "eps_4q_growth_year": null,
            "roe": null,
            "roe_4q": 0,
            "gross_profit": null,
            "gross_margin": null,
            "gross_margin_4q_avg": 0,
            "net_income": null,
            "net_income_4q": null,
            "revenue": null,
            "revenue_4q": null,
            "common_shares": null,
            "book_valuer_per_share": null,
            "book_valuer_per_share_4q_avg": 3.22,
            "equity": null,
            "current_ratio": null,
            "debt_ratio": null,
            "inventory_turnover_ratio": null,
            "account_receivable_turnover_ratio": null,
            "reinvestment_rate": null,
            "research_to_sale_ratio": null,
            "price_fair": 0,
            "eps_avg_yearly": 0,
            "eps_latest_yearly": 0,
            "eps_growth_yearly": 0
        },
        "20022": {
            "year_quarter": 20022,
            "year": 2002,
            "quarter": 2,
            "eps": null,
            "eps_growth_year": null,
            "eps_4q": null,
            "eps_4q_growth_year": null,
            "roe": null,
            "roe_4q": 0,
            "gross_profit": null,
            "gross_margin": null,
            "gross_margin_4q_avg": 0,
            "net_income": null,
            "net_income_4q": null,
            "revenue": null,
            "revenue_4q": null,
            "common_shares": null,
            "book_valuer_per_share": null,
            "book_valuer_per_share_4q_avg": 3.22,
            "equity": null,
            "current_ratio": null,
            "debt_ratio": null,
            "inventory_turnover_ratio": null,
            "account_receivable_turnover_ratio": null,
            "reinvestment_rate": null,
            "research_to_sale_ratio": null,
            "price_fair": 0,
            "eps_avg_yearly": 0,
            "eps_latest_yearly": 0,
            "eps_growth_yearly": 0
        },
        "20023": {
            "year_quarter": 20023,
            "year": 2002,
            "quarter": 3,
            "eps": null,
            "eps_growth_year": null,
            "eps_4q": null,
            "eps_4q_growth_year": null,
            "roe": null,
            "roe_4q": 0,
            "gross_profit": null,
            "gross_margin": null,
            "gross_margin_4q_avg": 0,
            "net_income": null,
            "net_income_4q": null,
            "revenue": null,
            "revenue_4q": null,
            "common_shares": null,
            "book_valuer_per_share": null,
            "book_valuer_per_share_4q_avg": 3.22,
            "equity": null,
            "current_ratio": null,
            "debt_ratio": null,
            "inventory_turnover_ratio": null,
            "account_receivable_turnover_ratio": null,
            "reinvestment_rate": null,
            "research_to_sale_ratio": null,
            "price_fair": 0,
            "eps_avg_yearly": 0,
            "eps_latest_yearly": 0,
            "eps_growth_yearly": 0
        },
        "20024": {
            "year_quarter": 20024,
            "year": 2002,
            "quarter": 4,
            "eps": null,
            "eps_growth_year": null,
            "eps_4q": null,
            "eps_4q_growth_year": null,
            "roe": null,
            "roe_4q": 0,
            "gross_profit": null,
            "gross_margin": null,
            "gross_margin_4q_avg": 0,
            "net_income": null,
            "net_income_4q": null,
            "revenue": null,
            "revenue_4q": null,
            "common_shares": 984165,
            "book_valuer_per_share": 8.04,
            "book_valuer_per_share_4q_avg": 2.01,
            "equity": 791469,
            "current_ratio": 224.7,
            "debt_ratio": 18.97,
            "inventory_turnover_ratio": null,
            "account_receivable_turnover_ratio": null,
            "reinvestment_rate": null,
            "research_to_sale_ratio": null,
            "price_fair": 0,
            "eps_avg_yearly": 0,
            "eps_latest_yearly": 0,
            "eps_growth_yearly": 0
        },
        "20031": {
            "year_quarter": 20031,
            "year": 2003,
            "quarter": 1,
            "eps": null,
            "eps_growth_year": null,
            "eps_4q": null,
            "eps_4q_growth_year": null,
            "roe": null,
            "roe_4q": 0,
            "gross_profit": null,
            "gross_margin": null,
            "gross_margin_4q_avg": 0,
            "net_income": null,
            "net_income_4q": null,
            "revenue": null,
            "revenue_4q": null,
            "common_shares": null,
            "book_valuer_per_share": null,
            "book_valuer_per_share_4q_avg": 2.01,
            "equity": null,
            "current_ratio": null,
            "debt_ratio": null,
            "inventory_turnover_ratio": null,
            "account_receivable_turnover_ratio": null,
            "reinvestment_rate": null,
            "research_to_sale_ratio": null,
            "price_fair": 0,
            "eps_avg_yearly": 0,
            "eps_latest_yearly": 0,
            "eps_growth_yearly": 0
        },
        "20032": {
            "year_quarter": 20032,
            "year": 2003,
            "quarter": 2,
            "eps": null,
            "eps_growth_year": null,
            "eps_4q": null,
            "eps_4q_growth_year": null,
            "roe": null,
            "roe_4q": 0,
            "gross_profit": null,
            "gross_margin": null,
            "gross_margin_4q_avg": 0,
            "net_income": null,
            "net_income_4q": null,
            "revenue": null,
            "revenue_4q": null,
            "common_shares": null,
            "book_valuer_per_share": null,
            "book_valuer_per_share_4q_avg": 2.01,
            "equity": null,
            "current_ratio": null,
            "debt_ratio": null,
            "inventory_turnover_ratio": null,
            "account_receivable_turnover_ratio": null,
            "reinvestment_rate": null,
            "research_to_sale_ratio": null,
            "price_fair": 0,
            "eps_avg_yearly": 0,
            "eps_latest_yearly": 0,
            "eps_growth_yearly": 0
        },
        "20033": {
            "year_quarter": 20033,
            "year": 2003,
            "quarter": 3,
            "eps": null,
            "eps_growth_year": null,
            "eps_4q": null,
            "eps_4q_growth_year": null,
            "roe": null,
            "roe_4q": 0,
            "gross_profit": null,
            "gross_margin": null,
            "gross_margin_4q_avg": 0,
            "net_income": null,
            "net_income_4q": null,
            "revenue": null,
            "revenue_4q": null,
            "common_shares": null,
            "book_valuer_per_share": null,
            "book_valuer_per_share_4q_avg": 2.01,
            "equity": null,
            "current_ratio": null,
            "debt_ratio": null,
            "inventory_turnover_ratio": null,
            "account_receivable_turnover_ratio": null,
            "reinvestment_rate": null,
            "research_to_sale_ratio": null,
            "price_fair": 0,
            "eps_avg_yearly": 0,
            "eps_latest_yearly": 0,
            "eps_growth_yearly": 0
        },
        "20034": {
            "year_quarter": 20034,
            "year": 2003,
            "quarter": 4,
            "eps": null,
            "eps_growth_year": null,
            "eps_4q": null,
            "eps_4q_growth_year": null,
            "roe": null,
            "roe_4q": 0,
            "gross_profit": null,
            "gross_margin": null,
            "gross_margin_4q_avg": 0,
            "net_income": null,
            "net_income_4q": null,
            "revenue": null,
            "revenue_4q": null,
            "common_shares": 984165,
            "book_valuer_per_share": 6.56,
            "book_valuer_per_share_4q_avg": 1.64,
            "equity": 645841,
            "current_ratio": 165.04,
            "debt_ratio": 22.99,
            "inventory_turnover_ratio": null,
            "account_receivable_turnover_ratio": null,
            "reinvestment_rate": null,
            "research_to_sale_ratio": null,
            "price_fair": 0,
            "eps_avg_yearly": 0,
            "eps_latest_yearly": 0,
            "eps_growth_yearly": 0
        },
        "20041": {
            "year_quarter": 20041,
            "year": 2004,
            "quarter": 1,
            "eps": null,
            "eps_growth_year": null,
            "eps_4q": null,
            "eps_4q_growth_year": null,
            "roe": null,
            "roe_4q": 0,
            "gross_profit": null,
            "gross_margin": null,
            "gross_margin_4q_avg": 0,
            "net_income": null,
            "net_income_4q": null,
            "revenue": null,
            "revenue_4q": null,
            "common_shares": null,
            "book_valuer_per_share": null,
            "book_valuer_per_share_4q_avg": 1.64,
            "equity": null,
            "current_ratio": null,
            "debt_ratio": null,
            "inventory_turnover_ratio": null,
            "account_receivable_turnover_ratio": null,
            "reinvestment_rate": null,
            "research_to_sale_ratio": null,
            "price_fair": 0,
            "eps_avg_yearly": 0,
            "eps_latest_yearly": 0,
            "eps_growth_yearly": 0
        },
        "20042": {
            "year_quarter": 20042,
            "year": 2004,
            "quarter": 2,
            "eps": null,
            "eps_growth_year": null,
            "eps_4q": null,
            "eps_4q_growth_year": null,
            "roe": null,
            "roe_4q": 0,
            "gross_profit": null,
            "gross_margin": null,
            "gross_margin_4q_avg": 0,
            "net_income": null,
            "net_income_4q": null,
            "revenue": null,
            "revenue_4q": null,
            "common_shares": null,
            "book_valuer_per_share": null,
            "book_valuer_per_share_4q_avg": 1.64,
            "equity": null,
            "current_ratio": null,
            "debt_ratio": null,
            "inventory_turnover_ratio": null,
            "account_receivable_turnover_ratio": null,
            "reinvestment_rate": null,
            "research_to_sale_ratio": null,
            "price_fair": 0,
            "eps_avg_yearly": 0,
            "eps_latest_yearly": 0,
            "eps_growth_yearly": 0
        },
        "20043": {
            "year_quarter": 20043,
            "year": 2004,
            "quarter": 3,
            "eps": null,
            "eps_growth_year": null,
            "eps_4q": null,
            "eps_4q_growth_year": null,
            "roe": null,
            "roe_4q": 0,
            "gross_profit": null,
            "gross_margin": null,
            "gross_margin_4q_avg": 0,
            "net_income": null,
            "net_income_4q": null,
            "revenue": null,
            "revenue_4q": null,
            "common_shares": null,
            "book_valuer_per_share": null,
            "book_valuer_per_share_4q_avg": 1.64,
            "equity": null,
            "current_ratio": null,
            "debt_ratio": null,
            "inventory_turnover_ratio": null,
            "account_receivable_turnover_ratio": null,
            "reinvestment_rate": null,
            "research_to_sale_ratio": null,
            "price_fair": 0,
            "eps_avg_yearly": 0,
            "eps_latest_yearly": 0,
            "eps_growth_yearly": 0
        },
        "20044": {
            "year_quarter": 20044,
            "year": 2004,
            "quarter": 4,
            "eps": null,
            "eps_growth_year": null,
            "eps_4q": null,
            "eps_4q_growth_year": null,
            "roe": null,
            "roe_4q": 0,
            "gross_profit": null,
            "gross_margin": null,
            "gross_margin_4q_avg": 0,
            "net_income": null,
            "net_income_4q": null,
            "revenue": null,
            "revenue_4q": null,
            "common_shares": 646596,
            "book_valuer_per_share": 7.97,
            "book_valuer_per_share_4q_avg": 1.99,
            "equity": 515080,
            "current_ratio": 185.73,
            "debt_ratio": 27.05,
            "inventory_turnover_ratio": null,
            "account_receivable_turnover_ratio": null,
            "reinvestment_rate": null,
            "research_to_sale_ratio": null,
            "price_fair": 0,
            "eps_avg_yearly": 0,
            "eps_latest_yearly": 0,
            "eps_growth_yearly": 0
        },
        "20051": {
            "year_quarter": 20051,
            "year": 2005,
            "quarter": 1,
            "eps": null,
            "eps_growth_year": null,
            "eps_4q": null,
            "eps_4q_growth_year": null,
            "roe": null,
            "roe_4q": 0,
            "gross_profit": null,
            "gross_margin": null,
            "gross_margin_4q_avg": 0,
            "net_income": null,
            "net_income_4q": null,
            "revenue": null,
            "revenue_4q": null,
            "common_shares": null,
            "book_valuer_per_share": null,
            "book_valuer_per_share_4q_avg": 1.99,
            "equity": null,
            "current_ratio": null,
            "debt_ratio": null,
            "inventory_turnover_ratio": null,
            "account_receivable_turnover_ratio": null,
            "reinvestment_rate": null,
            "research_to_sale_ratio": null,
            "price_fair": 0,
            "eps_avg_yearly": 0,
            "eps_latest_yearly": 0,
            "eps_growth_yearly": 0
        },
        "20052": {
            "year_quarter": 20052,
            "year": 2005,
            "quarter": 2,
            "eps": null,
            "eps_growth_year": null,
            "eps_4q": null,
            "eps_4q_growth_year": null,
            "roe": null,
            "roe_4q": 0,
            "gross_profit": null,
            "gross_margin": null,
            "gross_margin_4q_avg": 0,
            "net_income": null,
            "net_income_4q": null,
            "revenue": null,
            "revenue_4q": null,
            "common_shares": null,
            "book_valuer_per_share": null,
            "book_valuer_per_share_4q_avg": 1.99,
            "equity": null,
            "current_ratio": null,
            "debt_ratio": null,
            "inventory_turnover_ratio": null,
            "account_receivable_turnover_ratio": null,
            "reinvestment_rate": null,
            "research_to_sale_ratio": null,
            "price_fair": 0,
            "eps_avg_yearly": 0,
            "eps_latest_yearly": 0,
            "eps_growth_yearly": 0
        },
        "20053": {
            "year_quarter": 20053,
            "year": 2005,
            "quarter": 3,
            "eps": 0.51,
            "eps_growth_year": null,
            "eps_4q": null,
            "eps_4q_growth_year": null,
            "roe": 5.27,
            "roe_4q": 5.27,
            "gross_profit": 82273,
            "gross_margin": 33.54,
            "gross_margin_4q_avg": 8.39,
            "net_income": 29840,
            "net_income_4q": null,
            "revenue": 245268,
            "revenue_4q": null,
            "common_shares": 646596,
            "book_valuer_per_share": 8.75,
            "book_valuer_per_share_4q_avg": 4.18,
            "equity": 565877,
            "current_ratio": 246.25,
            "debt_ratio": 26.59,
            "inventory_turnover_ratio": 3.85,
            "account_receivable_turnover_ratio": null,
            "reinvestment_rate": null,
            "research_to_sale_ratio": null,
            "price_fair": 0,
            "eps_avg_yearly": 0,
            "eps_latest_yearly": 0,
            "eps_growth_yearly": 0
        },
        "20054": {
            "year_quarter": 20054,
            "year": 2005,
            "quarter": 4,
            "eps": 0.36,
            "eps_growth_year": null,
            "eps_4q": null,
            "eps_4q_growth_year": null,
            "roe": 3.55,
            "roe_4q": 8.82,
            "gross_profit": 99444,
            "gross_margin": 38.46,
            "gross_margin_4q_avg": 18,
            "net_income": 20693,
            "net_income_4q": null,
            "revenue": 258568,
            "revenue_4q": null,
            "common_shares": 581936,
            "book_valuer_per_share": 10.08,
            "book_valuer_per_share_4q_avg": 4.71,
            "equity": 599340,
            "current_ratio": 276.56,
            "debt_ratio": 28.61,
            "inventory_turnover_ratio": 2.41,
            "account_receivable_turnover_ratio": null,
            "reinvestment_rate": null,
            "research_to_sale_ratio": null,
            "price_fair": 4.32,
            "eps_avg_yearly": 1.44,
            "eps_latest_yearly": 1.44,
            "eps_growth_yearly": -117.65
        },
        "20061": {
            "year_quarter": 20061,
            "year": 2006,
            "quarter": 1,
            "eps": 0.48,
            "eps_growth_year": null,
            "eps_4q": null,
            "eps_4q_growth_year": null,
            "roe": 4.59,
            "roe_4q": 13.41,
            "gross_profit": 89738,
            "gross_margin": 33.74,
            "gross_margin_4q_avg": 26.44,
            "net_income": 27862,
            "net_income_4q": null,
            "revenue": 265944,
            "revenue_4q": null,
            "common_shares": 581936,
            "book_valuer_per_share": 10.56,
            "book_valuer_per_share_4q_avg": 7.35,
            "equity": 614432,
            "current_ratio": 280.46,
            "debt_ratio": 26.43,
            "inventory_turnover_ratio": 2.12,
            "account_receivable_turnover_ratio": null,
            "reinvestment_rate": null,
            "research_to_sale_ratio": null,
            "price_fair": 29.98,
            "eps_avg_yearly": 1.68,
            "eps_latest_yearly": 1.92,
            "eps_growth_yearly": 7.84
        },
        "20062": {
            "year_quarter": 20062,
            "year": 2006,
            "quarter": 2,
            "eps": 0.99,
            "eps_growth_year": null,
            "eps_4q": 2.34,
            "eps_4q_growth_year": null,
            "roe": 8.93,
            "roe_4q": 22.34,
            "gross_profit": 108350,
            "gross_margin": 37.44,
            "gross_margin_4q_avg": 35.8,
            "net_income": 57575,
            "net_income_4q": null,
            "revenue": 289380,
            "revenue_4q": null,
            "common_shares": 584069,
            "book_valuer_per_share": 11.55,
            "book_valuer_per_share_4q_avg": 10.24,
            "equity": 674754,
            "current_ratio": 274.39,
            "debt_ratio": 27.94,
            "inventory_turnover_ratio": 2.27,
            "account_receivable_turnover_ratio": null,
            "reinvestment_rate": null,
            "research_to_sale_ratio": null,
            "price_fair": 85.4,
            "eps_avg_yearly": 2.44,
            "eps_latest_yearly": 3.96,
            "eps_growth_yearly": 146.9
        },
        "20063": {
            "year_quarter": 20063,
            "year": 2006,
            "quarter": 3,
            "eps": 0.63,
            "eps_growth_year": 23.53,
            "eps_4q": 2.44,
            "eps_4q_growth_year": null,
            "roe": 5.31,
            "roe_4q": 22.38,
            "gross_profit": 102651,
            "gross_margin": 36.06,
            "gross_margin_4q_avg": 36.43,
            "net_income": 36980,
            "net_income_4q": null,
            "revenue": 284690,
            "revenue_4q": null,
            "common_shares": 585799,
            "book_valuer_per_share": 12.25,
            "book_valuer_per_share_4q_avg": 11.11,
            "equity": 717465,
            "current_ratio": 272.29,
            "debt_ratio": 26.92,
            "inventory_turnover_ratio": 1.81,
            "account_receivable_turnover_ratio": null,
            "reinvestment_rate": null,
            "research_to_sale_ratio": null,
            "price_fair": 86.1,
            "eps_avg_yearly": 2.46,
            "eps_latest_yearly": 2.52,
            "eps_growth_yearly": 73.81
        },
        "20064": {
            "year_quarter": 20064,
            "year": 2006,
            "quarter": 4,
            "eps": 0.39,
            "eps_growth_year": 8.33,
            "eps_4q": 2.49,
            "eps_4q_growth_year": null,
            "roe": 3,
            "roe_4q": 21.83,
            "gross_profit": 90164,
            "gross_margin": 34.63,
            "gross_margin_4q_avg": 35.47,
            "net_income": 22702,
            "net_income_4q": null,
            "revenue": 260364,
            "revenue_4q": null,
            "common_shares": 623314,
            "book_valuer_per_share": 12.59,
            "book_valuer_per_share_4q_avg": 11.74,
            "equity": 794700,
            "current_ratio": 372.81,
            "debt_ratio": 21.47,
            "inventory_turnover_ratio": 1.44,
            "account_receivable_turnover_ratio": null,
            "reinvestment_rate": null,
            "research_to_sale_ratio": null,
            "price_fair": 79.8,
            "eps_avg_yearly": 2.28,
            "eps_latest_yearly": 1.56,
            "eps_growth_yearly": 28.57
        },
        "20071": {
            "year_quarter": 20071,
            "year": 2007,
            "quarter": 1,
            "eps": 0.55,
            "eps_growth_year": 14.58,
            "eps_4q": 2.4,
            "eps_4q_growth_year": null,
            "roe": 4.25,
            "roe_4q": 21.49,
            "gross_profit": 96165,
            "gross_margin": 33.64,
            "gross_margin_4q_avg": 35.44,
            "net_income": 34795,
            "net_income_4q": null,
            "revenue": 285868,
            "revenue_4q": null,
            "common_shares": 640279,
            "book_valuer_per_share": 13.14,
            "book_valuer_per_share_4q_avg": 12.38,
            "equity": 841343,
            "current_ratio": 367.09,
            "debt_ratio": 22.08,
            "inventory_turnover_ratio": 1.7,
            "account_receivable_turnover_ratio": null,
            "reinvestment_rate": null,
            "research_to_sale_ratio": null,
            "price_fair": 79.33,
            "eps_avg_yearly": 2.27,
            "eps_latest_yearly": 2.2,
            "eps_growth_yearly": 51.16
        },
        "20072": {
            "year_quarter": 20072,
            "year": 2007,
            "quarter": 2,
            "eps": 0.4,
            "eps_growth_year": -59.6,
            "eps_4q": 1.64,
            "eps_4q_growth_year": -29.89,
            "roe": 3.08,
            "roe_4q": 15.64,
            "gross_profit": 98749,
            "gross_margin": 33.19,
            "gross_margin_4q_avg": 34.38,
            "net_income": 30496,
            "net_income_4q": null,
            "revenue": 297514,
            "revenue_4q": null,
            "common_shares": 722029,
            "book_valuer_per_share": 15.76,
            "book_valuer_per_share_4q_avg": 13.44,
            "equity": 1138230,
            "current_ratio": 411.21,
            "debt_ratio": 20.8,
            "inventory_turnover_ratio": 1.77,
            "account_receivable_turnover_ratio": null,
            "reinvestment_rate": null,
            "research_to_sale_ratio": null,
            "price_fair": 76,
            "eps_avg_yearly": 2.17,
            "eps_latest_yearly": 1.6,
            "eps_growth_yearly": 28.27
        },
        "20073": {
            "year_quarter": 20073,
            "year": 2007,
            "quarter": 3,
            "eps": 0.45,
            "eps_growth_year": -28.57,
            "eps_4q": 1.59,
            "eps_4q_growth_year": -34.86,
            "roe": 3.01,
            "roe_4q": 13.34,
            "gross_profit": 98326,
            "gross_margin": 34.52,
            "gross_margin_4q_avg": 34,
            "net_income": 34794,
            "net_income_4q": null,
            "revenue": 284831,
            "revenue_4q": null,
            "common_shares": 817375,
            "book_valuer_per_share": 14.39,
            "book_valuer_per_share_4q_avg": 13.97,
            "equity": 1175859,
            "current_ratio": 514.1,
            "debt_ratio": 15.27,
            "inventory_turnover_ratio": 1.85,
            "account_receivable_turnover_ratio": null,
            "reinvestment_rate": null,
            "research_to_sale_ratio": null,
            "price_fair": 74.38,
            "eps_avg_yearly": 2.13,
            "eps_latest_yearly": 1.8,
            "eps_growth_yearly": 30.98
        },
        "20074": {
            "year_quarter": 20074,
            "year": 2007,
            "quarter": 4,
            "eps": 0.38,
            "eps_growth_year": -2.56,
            "eps_4q": 1.64,
            "eps_4q_growth_year": -34.24,
            "roe": 2.53,
            "roe_4q": 12.87,
            "gross_profit": 98873,
            "gross_margin": 37.75,
            "gross_margin_4q_avg": 34.78,
            "net_income": 30199,
            "net_income_4q": null,
            "revenue": 261931,
            "revenue_4q": null,
            "common_shares": 818105,
            "book_valuer_per_share": 14.75,
            "book_valuer_per_share_4q_avg": 14.51,
            "equity": 1207755,
            "current_ratio": 434.39,
            "debt_ratio": 16.92,
            "inventory_turnover_ratio": 1.58,
            "account_receivable_turnover_ratio": null,
            "reinvestment_rate": null,
            "research_to_sale_ratio": null,
            "price_fair": 63.02,
            "eps_avg_yearly": 2.06,
            "eps_latest_yearly": 1.52,
            "eps_growth_yearly": 20.63
        },
        "20081": {
            "year_quarter": 20081,
            "year": 2008,
            "quarter": 1,
            "eps": 0.01,
            "eps_growth_year": -98.18,
            "eps_4q": 0.91,
            "eps_4q_growth_year": -61.98,
            "roe": 0.09,
            "roe_4q": 8.709999999999999,
            "gross_profit": 81260,
            "gross_margin": 30.35,
            "gross_margin_4q_avg": 33.95,
            "net_income": 1057,
            "net_income_4q": null,
            "revenue": 267763,
            "revenue_4q": null,
            "common_shares": 818635,
            "book_valuer_per_share": 14.76,
            "book_valuer_per_share_4q_avg": 14.92,
            "equity": 1209342,
            "current_ratio": 467.13,
            "debt_ratio": 15.36,
            "inventory_turnover_ratio": 1.61,
            "account_receivable_turnover_ratio": null,
            "reinvestment_rate": null,
            "research_to_sale_ratio": null,
            "price_fair": 5.57,
            "eps_avg_yearly": 1.86,
            "eps_latest_yearly": 0.04,
            "eps_growth_yearly": -20.38
        },
        "20082": {
            "year_quarter": 20082,
            "year": 2008,
            "quarter": 2,
            "eps": 0.12,
            "eps_growth_year": -70,
            "eps_4q": 0.91,
            "eps_4q_growth_year": -44.3,
            "roe": 0.85,
            "roe_4q": 6.4799999999999995,
            "gross_profit": 94778,
            "gross_margin": 29.27,
            "gross_margin_4q_avg": 32.97,
            "net_income": 10009,
            "net_income_4q": null,
            "revenue": 323791,
            "revenue_4q": null,
            "common_shares": 818995,
            "book_valuer_per_share": 13.82,
            "book_valuer_per_share_4q_avg": 14.43,
            "equity": 1132940,
            "current_ratio": 265.75,
            "debt_ratio": 26.01,
            "inventory_turnover_ratio": 2.18,
            "account_receivable_turnover_ratio": null,
            "reinvestment_rate": null,
            "research_to_sale_ratio": null,
            "price_fair": 60.58,
            "eps_avg_yearly": 1.73,
            "eps_latest_yearly": 0.48,
            "eps_growth_yearly": 381.47
        },
        "20083": {
            "year_quarter": 20083,
            "year": 2008,
            "quarter": 3,
            "eps": 0.31,
            "eps_growth_year": -31.11,
            "eps_4q": 0.81,
            "eps_4q_growth_year": -49.15,
            "roe": 2.28,
            "roe_4q": 5.75,
            "gross_profit": 108944,
            "gross_margin": 31.4,
            "gross_margin_4q_avg": 32.19,
            "net_income": 25809,
            "net_income_4q": null,
            "revenue": 346960,
            "revenue_4q": null,
            "common_shares": 837485,
            "book_valuer_per_share": 13.46,
            "book_valuer_per_share_4q_avg": 14.2,
            "equity": 1127680,
            "current_ratio": 308.69,
            "debt_ratio": 21.7,
            "inventory_turnover_ratio": 2.13,
            "account_receivable_turnover_ratio": null,
            "reinvestment_rate": null,
            "research_to_sale_ratio": null,
            "price_fair": 59.15,
            "eps_avg_yearly": 1.69,
            "eps_latest_yearly": 1.24,
            "eps_growth_yearly": 402.46
        },
        "20084": {
            "year_quarter": 20084,
            "year": 2008,
            "quarter": 4,
            "eps": -0.4,
            "eps_growth_year": -205.26,
            "eps_4q": 0.04,
            "eps_4q_growth_year": -97.38,
            "roe": -3.03,
            "roe_4q": 0.18999999999999997,
            "gross_profit": 90465,
            "gross_margin": 34.09,
            "gross_margin_4q_avg": 31.28,
            "net_income": -33654,
            "net_income_4q": null,
            "revenue": 265340,
            "revenue_4q": null,
            "common_shares": 839335,
            "book_valuer_per_share": 13.05,
            "book_valuer_per_share_4q_avg": 13.77,
            "equity": 1095875,
            "current_ratio": 359.57,
            "debt_ratio": 19.05,
            "inventory_turnover_ratio": 1.38,
            "account_receivable_turnover_ratio": 3.15,
            "reinvestment_rate": null,
            "research_to_sale_ratio": null,
            "price_fair": 59.15,
            "eps_avg_yearly": 1.69,
            "eps_latest_yearly": 1.24,
            "eps_growth_yearly": 402.46
        },
        "20091": {
            "year_quarter": 20091,
            "year": 2009,
            "quarter": 1,
            "eps": 0.02,
            "eps_growth_year": 100,
            "eps_4q": 0.06,
            "eps_4q_growth_year": -93.37,
            "roe": 0.11,
            "roe_4q": 0.20999999999999985,
            "gross_profit": 81847,
            "gross_margin": 34.02,
            "gross_margin_4q_avg": 32.2,
            "net_income": 1196,
            "net_income_4q": null,
            "revenue": 240550,
            "revenue_4q": null,
            "common_shares": 840115,
            "book_valuer_per_share": 13.08,
            "book_valuer_per_share_4q_avg": 13.35,
            "equity": 1099487,
            "current_ratio": 463.07,
            "debt_ratio": 14.85,
            "inventory_turnover_ratio": 1.51,
            "account_receivable_turnover_ratio": 1.48,
            "reinvestment_rate": null,
            "research_to_sale_ratio": null,
            "price_fair": 59.15,
            "eps_avg_yearly": 1.69,
            "eps_latest_yearly": 1.24,
            "eps_growth_yearly": 402.46
        },
        "20092": {
            "year_quarter": 20092,
            "year": 2009,
            "quarter": 2,
            "eps": 0.01,
            "eps_growth_year": -91.67,
            "eps_4q": -0.07,
            "eps_4q_growth_year": -107.12,
            "roe": 0.08,
            "roe_4q": -0.56,
            "gross_profit": 109381,
            "gross_margin": 30.31,
            "gross_margin_4q_avg": 32.46,
            "net_income": 884,
            "net_income_4q": null,
            "revenue": 360833,
            "revenue_4q": null,
            "common_shares": 840800,
            "book_valuer_per_share": 12.91,
            "book_valuer_per_share_4q_avg": 13.13,
            "equity": 1085834,
            "current_ratio": 328.8,
            "debt_ratio": 21.39,
            "inventory_turnover_ratio": 2.85,
            "account_receivable_turnover_ratio": 1.97,
            "reinvestment_rate": 73.19,
            "research_to_sale_ratio": null,
            "price_fair": 54.71,
            "eps_avg_yearly": 1.56,
            "eps_latest_yearly": 0.04,
            "eps_growth_yearly": 356.12
        },
        "20093": {
            "year_quarter": 20093,
            "year": 2009,
            "quarter": 3,
            "eps": 0.07,
            "eps_growth_year": -77.42,
            "eps_4q": -0.32,
            "eps_4q_growth_year": -139.58,
            "roe": 0.52,
            "roe_4q": -2.32,
            "gross_profit": 147869,
            "gross_margin": 31.28,
            "gross_margin_4q_avg": 32.43,
            "net_income": 5618,
            "net_income_4q": null,
            "revenue": 472780,
            "revenue_4q": null,
            "common_shares": 841945,
            "book_valuer_per_share": 12.64,
            "book_valuer_per_share_4q_avg": 12.92,
            "equity": 1064600,
            "current_ratio": 286.43,
            "debt_ratio": 23.96,
            "inventory_turnover_ratio": 2.46,
            "account_receivable_turnover_ratio": 2.26,
            "reinvestment_rate": 27.68,
            "research_to_sale_ratio": null,
            "price_fair": 51.5,
            "eps_avg_yearly": 1.47,
            "eps_latest_yearly": 0.28,
            "eps_growth_yearly": 502.11
        },
        "20094": {
            "year_quarter": 20094,
            "year": 2009,
            "quarter": 4,
            "eps": -0.09,
            "eps_growth_year": null,
            "eps_4q": 0.01,
            "eps_4q_growth_year": -75.1,
            "roe": -0.67,
            "roe_4q": 0.03999999999999998,
            "gross_profit": 95618,
            "gross_margin": 21.65,
            "gross_margin_4q_avg": 29.32,
            "net_income": -7135,
            "net_income_4q": null,
            "revenue": 441662,
            "revenue_4q": null,
            "common_shares": 843165,
            "book_valuer_per_share": 13.09,
            "book_valuer_per_share_4q_avg": 12.93,
            "equity": 1064931,
            "current_ratio": 231.86,
            "debt_ratio": 26.73,
            "inventory_turnover_ratio": 1.89,
            "account_receivable_turnover_ratio": 4,
            "reinvestment_rate": 67.68,
            "research_to_sale_ratio": null,
            "price_fair": 51.58,
            "eps_avg_yearly": 1.47,
            "eps_latest_yearly": 0.28,
            "eps_growth_yearly": 549.78
        },
        "20101": {
            "year_quarter": 20101,
            "year": 2010,
            "quarter": 1,
            "eps": 0.38,
            "eps_growth_year": 1800,
            "eps_4q": 0.37,
            "eps_4q_growth_year": 517.89,
            "roe": 2.84,
            "roe_4q": 2.77,
            "gross_profit": 154056,
            "gross_margin": 29.69,
            "gross_margin_4q_avg": 28.23,
            "net_income": 30806,
            "net_income_4q": null,
            "revenue": 518810,
            "revenue_4q": null,
            "common_shares": 843565,
            "book_valuer_per_share": 13.54,
            "book_valuer_per_share_4q_avg": 13.05,
            "equity": 1101847,
            "current_ratio": 249.43,
            "debt_ratio": 24.83,
            "inventory_turnover_ratio": 2.27,
            "account_receivable_turnover_ratio": 2.33,
            "reinvestment_rate": 78.26,
            "research_to_sale_ratio": 15.35,
            "price_fair": 50.28,
            "eps_avg_yearly": 1.44,
            "eps_latest_yearly": 0.28,
            "eps_growth_yearly": 584.48
        },
        "20102": {
            "year_quarter": 20102,
            "year": 2010,
            "quarter": 2,
            "eps": 0.75,
            "eps_growth_year": 7431.76,
            "eps_4q": 1.12,
            "eps_4q_growth_year": null,
            "roe": 5.4,
            "roe_4q": 8.09,
            "gross_profit": 200294,
            "gross_margin": 34.24,
            "gross_margin_4q_avg": 29.22,
            "net_income": 61333,
            "net_income_4q": null,
            "revenue": 584991,
            "revenue_4q": null,
            "common_shares": 844325,
            "book_valuer_per_share": 14.37,
            "book_valuer_per_share_4q_avg": 13.41,
            "equity": 1170111,
            "current_ratio": 233.95,
            "debt_ratio": 28.7,
            "inventory_turnover_ratio": 2.75,
            "account_receivable_turnover_ratio": 2.59,
            "reinvestment_rate": 76.34,
            "research_to_sale_ratio": 15.38,
            "price_fair": 47.48,
            "eps_avg_yearly": 1.36,
            "eps_latest_yearly": 3,
            "eps_growth_yearly": 581.52
        },
        "20103": {
            "year_quarter": 20103,
            "year": 2010,
            "quarter": 3,
            "eps": 0.56,
            "eps_growth_year": 696.31,
            "eps_4q": 1.6,
            "eps_4q_growth_year": null,
            "roe": 3.8,
            "roe_4q": 11.37,
            "gross_profit": 177913,
            "gross_margin": 32.71,
            "gross_margin_4q_avg": 29.57,
            "net_income": 45407,
            "net_income_4q": null,
            "revenue": 543945,
            "revenue_4q": null,
            "common_shares": 844600,
            "book_valuer_per_share": 15,
            "book_valuer_per_share_4q_avg": 14,
            "equity": 1222032,
            "current_ratio": 263.78,
            "debt_ratio": 25.82,
            "inventory_turnover_ratio": 1.73,
            "account_receivable_turnover_ratio": 2.77,
            "reinvestment_rate": 86.21,
            "research_to_sale_ratio": 14.76,
            "price_fair": 46.67,
            "eps_avg_yearly": 1.33,
            "eps_latest_yearly": 2.24,
            "eps_growth_yearly": 585.2
        },
        "20104": {
            "year_quarter": 20104,
            "year": 2010,
            "quarter": 4,
            "eps": -0.15,
            "eps_growth_year": null,
            "eps_4q": 1.53,
            "eps_4q_growth_year": 14239.68,
            "roe": -1.05,
            "roe_4q": 10.99,
            "gross_profit": 121311,
            "gross_margin": 31.24,
            "gross_margin_4q_avg": 31.97,
            "net_income": -12747,
            "net_income_4q": null,
            "revenue": 388355,
            "revenue_4q": null,
            "common_shares": 845520,
            "book_valuer_per_share": 14.68,
            "book_valuer_per_share_4q_avg": 14.4,
            "equity": 1203018,
            "current_ratio": 291.35,
            "debt_ratio": 23.47,
            "inventory_turnover_ratio": 0.93,
            "account_receivable_turnover_ratio": 2.59,
            "reinvestment_rate": 116.06,
            "research_to_sale_ratio": 22.96,
            "price_fair": 45.95,
            "eps_avg_yearly": 1.31,
            "eps_latest_yearly": 2.24,
            "eps_growth_yearly": 652.25
        },
        "20111": {
            "year_quarter": 20111,
            "year": 2011,
            "quarter": 1,
            "eps": -0.1,
            "eps_growth_year": -126.32,
            "eps_4q": 1.04,
            "eps_4q_growth_year": 177.86,
            "roe": -0.74,
            "roe_4q": 7.41,
            "gross_profit": 105383,
            "gross_margin": 28.66,
            "gross_margin_4q_avg": 31.71,
            "net_income": -8912,
            "net_income_4q": null,
            "revenue": 367687,
            "revenue_4q": null,
            "common_shares": 853433,
            "book_valuer_per_share": 14.6,
            "book_valuer_per_share_4q_avg": 14.66,
            "equity": 1207235,
            "current_ratio": 334.14,
            "debt_ratio": 20.31,
            "inventory_turnover_ratio": 0.91,
            "account_receivable_turnover_ratio": 2.77,
            "reinvestment_rate": 138.8,
            "research_to_sale_ratio": 21.4,
            "price_fair": 42.84,
            "eps_avg_yearly": 1.22,
            "eps_latest_yearly": 2.24,
            "eps_growth_yearly": 701.07
        },
        "20112": {
            "year_quarter": 20112,
            "year": 2011,
            "quarter": 2,
            "eps": -0.65,
            "eps_growth_year": -186.43,
            "eps_4q": -0.37,
            "eps_4q_growth_year": -133.17,
            "roe": -4.75,
            "roe_4q": -2.74,
            "gross_profit": 77031,
            "gross_margin": 25.37,
            "gross_margin_4q_avg": 29.5,
            "net_income": -56866,
            "net_income_4q": null,
            "revenue": 303603,
            "revenue_4q": null,
            "common_shares": 893393,
            "book_valuer_per_share": 13.72,
            "book_valuer_per_share_4q_avg": 14.5,
            "equity": 1189456,
            "current_ratio": 277.63,
            "debt_ratio": 24.62,
            "inventory_turnover_ratio": 0.92,
            "account_receivable_turnover_ratio": 2.55,
            "reinvestment_rate": 176.27,
            "research_to_sale_ratio": 29.9,
            "price_fair": 41.38,
            "eps_avg_yearly": 1.18,
            "eps_latest_yearly": 2.24,
            "eps_growth_yearly": 791.09
        },
        "20113": {
            "year_quarter": 20113,
            "year": 2011,
            "quarter": 3,
            "eps": -0.37,
            "eps_growth_year": -165.64,
            "eps_4q": -1.26,
            "eps_4q_growth_year": -178.61,
            "roe": -2.73,
            "roe_4q": -9.270000000000001,
            "gross_profit": 86336,
            "gross_margin": 29.03,
            "gross_margin_4q_avg": 28.58,
            "net_income": -32126,
            "net_income_4q": null,
            "revenue": 297387,
            "revenue_4q": null,
            "common_shares": 885443,
            "book_valuer_per_share": 13.43,
            "book_valuer_per_share_4q_avg": 14.11,
            "equity": 1166215,
            "current_ratio": 342.12,
            "debt_ratio": 18.12,
            "inventory_turnover_ratio": 1.09,
            "account_receivable_turnover_ratio": 2.44,
            "reinvestment_rate": 453.68,
            "research_to_sale_ratio": 29.76,
            "price_fair": 38.68,
            "eps_avg_yearly": 1.11,
            "eps_latest_yearly": 2.24,
            "eps_growth_yearly": 883.72
        },
        "20114": {
            "year_quarter": 20114,
            "year": 2011,
            "quarter": 4,
            "eps": -1.87,
            "eps_growth_year": null,
            "eps_4q": -2.99,
            "eps_4q_growth_year": -294.79,
            "roe": -14.95,
            "roe_4q": -23.169999999999998,
            "gross_profit": 7347,
            "gross_margin": 3.06,
            "gross_margin_4q_avg": 21.53,
            "net_income": -162624,
            "net_income_4q": null,
            "revenue": 239992,
            "revenue_4q": null,
            "common_shares": 885443,
            "book_valuer_per_share": 11.62,
            "book_valuer_per_share_4q_avg": 13.34,
            "equity": 1009152,
            "current_ratio": 277.45,
            "debt_ratio": 21.69,
            "inventory_turnover_ratio": 1.74,
            "account_receivable_turnover_ratio": 2.03,
            "reinvestment_rate": null,
            "research_to_sale_ratio": 35.73,
            "price_fair": 36.6,
            "eps_avg_yearly": 1.05,
            "eps_latest_yearly": 2.24,
            "eps_growth_yearly": 1018.86
        },
        "20121": {
            "year_quarter": 20121,
            "year": 2012,
            "quarter": 1,
            "eps": 0.05,
            "eps_growth_year": null,
            "eps_4q": -2.84,
            "eps_4q_growth_year": -373.27,
            "roe": 0.32,
            "roe_4q": -22.11,
            "gross_profit": 80485,
            "gross_margin": 40.11,
            "gross_margin_4q_avg": 24.39,
            "net_income": 3222,
            "net_income_4q": null,
            "revenue": 200648,
            "revenue_4q": null,
            "common_shares": 885443,
            "book_valuer_per_share": 11.68,
            "book_valuer_per_share_4q_avg": 12.61,
            "equity": 1013795,
            "current_ratio": 402.54,
            "debt_ratio": 15.45,
            "inventory_turnover_ratio": 1.31,
            "account_receivable_turnover_ratio": 1.98,
            "reinvestment_rate": null,
            "research_to_sale_ratio": 34.14,
            "price_fair": 42.47,
            "eps_avg_yearly": 1.21,
            "eps_latest_yearly": 2.24,
            "eps_growth_yearly": 1253.58
        },
        "20122": {
            "year_quarter": 20122,
            "year": 2012,
            "quarter": 2,
            "eps": -0.22,
            "eps_growth_year": null,
            "eps_4q": -2.45,
            "eps_4q_growth_year": null,
            "roe": -1.96,
            "roe_4q": -19.32,
            "gross_profit": 66471,
            "gross_margin": 41.06,
            "gross_margin_4q_avg": 28.32,
            "net_income": -19397,
            "net_income_4q": null,
            "revenue": 161884,
            "revenue_4q": null,
            "common_shares": 885553,
            "book_valuer_per_share": 11.36,
            "book_valuer_per_share_4q_avg": 12.02,
            "equity": 968076,
            "current_ratio": 421.44,
            "debt_ratio": 14.77,
            "inventory_turnover_ratio": 1.33,
            "account_receivable_turnover_ratio": 1.77,
            "reinvestment_rate": null,
            "research_to_sale_ratio": 38.25,
            "price_fair": 47.6,
            "eps_avg_yearly": 1.36,
            "eps_latest_yearly": 2.24,
            "eps_growth_yearly": 624.29
        },
        "20123": {
            "year_quarter": 20123,
            "year": 2012,
            "quarter": 3,
            "eps": -0.3,
            "eps_growth_year": null,
            "eps_4q": -2.41,
            "eps_4q_growth_year": null,
            "roe": -2.67,
            "roe_4q": -19.259999999999998,
            "gross_profit": 63767,
            "gross_margin": 36.83,
            "gross_margin_4q_avg": 30.27,
            "net_income": -25368,
            "net_income_4q": null,
            "revenue": 173131,
            "revenue_4q": null,
            "common_shares": 865553,
            "book_valuer_per_share": 11.12,
            "book_valuer_per_share_4q_avg": 11.45,
            "equity": 930068,
            "current_ratio": 297.84,
            "debt_ratio": 19.93,
            "inventory_turnover_ratio": 1.62,
            "account_receivable_turnover_ratio": 2.09,
            "reinvestment_rate": null,
            "research_to_sale_ratio": 36.23,
            "price_fair": 48.65,
            "eps_avg_yearly": 1.39,
            "eps_latest_yearly": 2.24,
            "eps_growth_yearly": 622.04
        },
        "20124": {
            "year_quarter": 20124,
            "year": 2012,
            "quarter": 4,
            "eps": -0.05,
            "eps_growth_year": null,
            "eps_4q": -0.52,
            "eps_4q_growth_year": null,
            "roe": -0.01,
            "roe_4q": -4.319999999999999,
            "gross_profit": 53220,
            "gross_margin": 35.07,
            "gross_margin_4q_avg": 38.27,
            "net_income": -102,
            "net_income_4q": null,
            "revenue": 151747,
            "revenue_4q": null,
            "common_shares": 865553,
            "book_valuer_per_share": 11.36,
            "book_valuer_per_share_4q_avg": 11.38,
            "equity": 939687,
            "current_ratio": 486.36,
            "debt_ratio": 12.06,
            "inventory_turnover_ratio": 1.49,
            "account_receivable_turnover_ratio": 2.05,
            "reinvestment_rate": null,
            "research_to_sale_ratio": 33.62,
            "price_fair": 48.65,
            "eps_avg_yearly": 1.39,
            "eps_latest_yearly": 2.24,
            "eps_growth_yearly": 622.04
        },
        "20131": {
            "year_quarter": 20131,
            "year": 2013,
            "quarter": 1,
            "eps": -0.23,
            "eps_growth_year": -560,
            "eps_4q": -0.8,
            "eps_4q_growth_year": null,
            "roe": -2.12,
            "roe_4q": -6.76,
            "gross_profit": 54988,
            "gross_margin": 37,
            "gross_margin_4q_avg": 37.49,
            "net_income": -18983,
            "net_income_4q": null,
            "revenue": 148633,
            "revenue_4q": null,
            "common_shares": 865553,
            "book_valuer_per_share": 10.29,
            "book_valuer_per_share_4q_avg": 11.03,
            "equity": 850932,
            "current_ratio": 383.73,
            "debt_ratio": 20.39,
            "inventory_turnover_ratio": 1.44,
            "account_receivable_turnover_ratio": 2.58,
            "reinvestment_rate": null,
            "research_to_sale_ratio": 35.55,
            "price_fair": 48.65,
            "eps_avg_yearly": 1.39,
            "eps_latest_yearly": 2.24,
            "eps_growth_yearly": 622.04
        },
        "20132": {
            "year_quarter": 20132,
            "year": 2013,
            "quarter": 2,
            "eps": -0.16,
            "eps_growth_year": null,
            "eps_4q": -0.73,
            "eps_4q_growth_year": null,
            "roe": -1.54,
            "roe_4q": -6.34,
            "gross_profit": 65782,
            "gross_margin": 40.32,
            "gross_margin_4q_avg": 37.31,
            "net_income": -12980,
            "net_income_4q": null,
            "revenue": 163139,
            "revenue_4q": null,
            "common_shares": 865553,
            "book_valuer_per_share": 10.13,
            "book_valuer_per_share_4q_avg": 10.73,
            "equity": 837475,
            "current_ratio": 369.71,
            "debt_ratio": 20.82,
            "inventory_turnover_ratio": 1.51,
            "account_receivable_turnover_ratio": 2.68,
            "reinvestment_rate": null,
            "research_to_sale_ratio": 32.03,
            "price_fair": 64.4,
            "eps_avg_yearly": 1.84,
            "eps_latest_yearly": 2.24,
            "eps_growth_yearly": 896.05
        },
        "20133": {
            "year_quarter": 20133,
            "year": 2013,
            "quarter": 3,
            "eps": -0.31,
            "eps_growth_year": null,
            "eps_4q": -0.74,
            "eps_4q_growth_year": null,
            "roe": -3.09,
            "roe_4q": -6.76,
            "gross_profit": 59558,
            "gross_margin": 37.85,
            "gross_margin_4q_avg": 37.56,
            "net_income": -25472,
            "net_income_4q": null,
            "revenue": 157369,
            "revenue_4q": null,
            "common_shares": 865553,
            "book_valuer_per_share": 9.8,
            "book_valuer_per_share_4q_avg": 10.4,
            "equity": 810214,
            "current_ratio": 354.59,
            "debt_ratio": 19.73,
            "inventory_turnover_ratio": 1.65,
            "account_receivable_turnover_ratio": 2.31,
            "reinvestment_rate": null,
            "research_to_sale_ratio": 36.78,
            "price_fair": 91.7,
            "eps_avg_yearly": 2.62,
            "eps_latest_yearly": 2.24,
            "eps_growth_yearly": 144.07
        },
        "20134": {
            "year_quarter": 20134,
            "year": 2013,
            "quarter": 4,
            "eps": -0.23,
            "eps_growth_year": null,
            "eps_4q": -0.92,
            "eps_4q_growth_year": null,
            "roe": -2.31,
            "roe_4q": -9.06,
            "gross_profit": 63203,
            "gross_margin": 37.05,
            "gross_margin_4q_avg": 38.06,
            "net_income": -18697,
            "net_income_4q": null,
            "revenue": 170587,
            "revenue_4q": null,
            "common_shares": 865553,
            "book_valuer_per_share": 9.75,
            "book_valuer_per_share_4q_avg": 9.99,
            "equity": 805507,
            "current_ratio": 287.56,
            "debt_ratio": 22.04,
            "inventory_turnover_ratio": 1.46,
            "account_receivable_turnover_ratio": 2.49,
            "reinvestment_rate": null,
            "research_to_sale_ratio": 30.25,
            "price_fair": 91.7,
            "eps_avg_yearly": 2.62,
            "eps_latest_yearly": 2.24,
            "eps_growth_yearly": 144.07
        },
        "20141": {
            "year_quarter": 20141,
            "year": 2014,
            "quarter": 1,
            "eps": -0.28,
            "eps_growth_year": null,
            "eps_4q": -0.97,
            "eps_4q_growth_year": null,
            "roe": -2.87,
            "roe_4q": -9.809999999999999,
            "gross_profit": 55886,
            "gross_margin": 36.38,
            "gross_margin_4q_avg": 37.9,
            "net_income": -22793,
            "net_income_4q": null,
            "revenue": 153605,
            "revenue_4q": null,
            "common_shares": 865553,
            "book_valuer_per_share": 9.47,
            "book_valuer_per_share_4q_avg": 9.79,
            "equity": 783026,
            "current_ratio": 322.64,
            "debt_ratio": 19.69,
            "inventory_turnover_ratio": 0.97,
            "account_receivable_turnover_ratio": 2.39,
            "reinvestment_rate": null,
            "research_to_sale_ratio": 33.5,
            "price_fair": 91.7,
            "eps_avg_yearly": 2.62,
            "eps_latest_yearly": 2.24,
            "eps_growth_yearly": 144.07
        },
        "20142": {
            "year_quarter": 20142,
            "year": 2014,
            "quarter": 2,
            "eps": -0.34,
            "eps_growth_year": null,
            "eps_4q": -1.15,
            "eps_4q_growth_year": null,
            "roe": -3.68,
            "roe_4q": -11.950000000000001,
            "gross_profit": 57175,
            "gross_margin": 33.51,
            "gross_margin_4q_avg": 36.2,
            "net_income": -28303,
            "net_income_4q": null,
            "revenue": 170623,
            "revenue_4q": null,
            "common_shares": 865753,
            "book_valuer_per_share": 9.13,
            "book_valuer_per_share_4q_avg": 9.54,
            "equity": 755082,
            "current_ratio": 279.07,
            "debt_ratio": 21.58,
            "inventory_turnover_ratio": 1.15,
            "account_receivable_turnover_ratio": 2.82,
            "reinvestment_rate": null,
            "research_to_sale_ratio": 32.19,
            "price_fair": 6.72,
            "eps_avg_yearly": 2.24,
            "eps_latest_yearly": 2.24,
            "eps_growth_yearly": -101.33
        },
        "20143": {
            "year_quarter": 20143,
            "year": 2014,
            "quarter": 3,
            "eps": -0.31,
            "eps_growth_year": null,
            "eps_4q": -1.16,
            "eps_4q_growth_year": null,
            "roe": -3.5,
            "roe_4q": -12.360000000000001,
            "gross_profit": 58543,
            "gross_margin": 35.05,
            "gross_margin_4q_avg": 35.5,
            "net_income": -25969,
            "net_income_4q": null,
            "revenue": 167024,
            "revenue_4q": null,
            "common_shares": 866253,
            "book_valuer_per_share": 8.82,
            "book_valuer_per_share_4q_avg": 9.29,
            "equity": 729769,
            "current_ratio": 274.91,
            "debt_ratio": 20.93,
            "inventory_turnover_ratio": 1.31,
            "account_receivable_turnover_ratio": 2.8,
            "reinvestment_rate": null,
            "research_to_sale_ratio": 32.18,
            "price_fair": 0,
            "eps_avg_yearly": 0,
            "eps_latest_yearly": 0,
            "eps_growth_yearly": 0
        },
        "20144": {
            "year_quarter": 20144,
            "year": 2014,
            "quarter": 4,
            "eps": -0.21,
            "eps_growth_year": null,
            "eps_4q": -1.14,
            "eps_4q_growth_year": null,
            "roe": -2.37,
            "roe_4q": -12.420000000000002,
            "gross_profit": 65998,
            "gross_margin": 37.81,
            "gross_margin_4q_avg": 35.69,
            "net_income": -17166,
            "net_income_4q": null,
            "revenue": 174544,
            "revenue_4q": null,
            "common_shares": 866253,
            "book_valuer_per_share": 8.66,
            "book_valuer_per_share_4q_avg": 9.02,
            "equity": 716666,
            "current_ratio": 221.64,
            "debt_ratio": 24.5,
            "inventory_turnover_ratio": 1.44,
            "account_receivable_turnover_ratio": 3.01,
            "reinvestment_rate": null,
            "research_to_sale_ratio": 30.34,
            "price_fair": 0,
            "eps_avg_yearly": 0,
            "eps_latest_yearly": 0,
            "eps_growth_yearly": 0
        },
        "20151": {
            "year_quarter": 20151,
            "year": 2015,
            "quarter": 1,
            "eps": -0.23,
            "eps_growth_year": null,
            "eps_4q": -1.1,
            "eps_4q_growth_year": null,
            "roe": -2.72,
            "roe_4q": -12.27,
            "gross_profit": 63746,
            "gross_margin": 35.79,
            "gross_margin_4q_avg": 35.54,
            "net_income": -19231,
            "net_income_4q": null,
            "revenue": 178109,
            "revenue_4q": null,
            "common_shares": 866253,
            "book_valuer_per_share": 8.43,
            "book_valuer_per_share_4q_avg": 8.76,
            "equity": 697567,
            "current_ratio": 234.52,
            "debt_ratio": 22.69,
            "inventory_turnover_ratio": 1.48,
            "account_receivable_turnover_ratio": 3.21,
            "reinvestment_rate": null,
            "research_to_sale_ratio": 28.96,
            "price_fair": 0,
            "eps_avg_yearly": 0,
            "eps_latest_yearly": 0,
            "eps_growth_yearly": 0
        },
        "20152": {
            "year_quarter": 20152,
            "year": 2015,
            "quarter": 2,
            "eps": -0.28,
            "eps_growth_year": null,
            "eps_4q": -1.04,
            "eps_4q_growth_year": null,
            "roe": -3.15,
            "roe_4q": -11.74,
            "gross_profit": 58177,
            "gross_margin": 35.89,
            "gross_margin_4q_avg": 36.14,
            "net_income": -23262,
            "net_income_4q": null,
            "revenue": 162112,
            "revenue_4q": null,
            "common_shares": 851253,
            "book_valuer_per_share": 9.41,
            "book_valuer_per_share_4q_avg": 8.83,
            "equity": 778834,
            "current_ratio": 210.26,
            "debt_ratio": 22.31,
            "inventory_turnover_ratio": 1.09,
            "account_receivable_turnover_ratio": 3.06,
            "reinvestment_rate": null,
            "research_to_sale_ratio": 30.7,
            "price_fair": 0,
            "eps_avg_yearly": 0,
            "eps_latest_yearly": 0,
            "eps_growth_yearly": 0
        },
        "20153": {
            "year_quarter": 20153,
            "year": 2015,
            "quarter": 3,
            "eps": -0.26,
            "eps_growth_year": null,
            "eps_4q": -0.98,
            "eps_4q_growth_year": null,
            "roe": -2.94,
            "roe_4q": -11.18,
            "gross_profit": 55044,
            "gross_margin": 32.02,
            "gross_margin_4q_avg": 35.38,
            "net_income": -21380,
            "net_income_4q": null,
            "revenue": 171893,
            "revenue_4q": null,
            "common_shares": 851253,
            "book_valuer_per_share": 8.18,
            "book_valuer_per_share_4q_avg": 8.67,
            "equity": 676844,
            "current_ratio": 202.89,
            "debt_ratio": 24.07,
            "inventory_turnover_ratio": 1.25,
            "account_receivable_turnover_ratio": 3.03,
            "reinvestment_rate": null,
            "research_to_sale_ratio": 31.33,
            "price_fair": 0,
            "eps_avg_yearly": 0,
            "eps_latest_yearly": 0,
            "eps_growth_yearly": 0
        },
        "20154": {
            "year_quarter": 20154,
            "year": 2015,
            "quarter": 4,
            "eps": -0.07,
            "eps_growth_year": null,
            "eps_4q": -0.84,
            "eps_4q_growth_year": null,
            "roe": -0.84,
            "roe_4q": -9.65,
            "gross_profit": 79532,
            "gross_margin": 35.69,
            "gross_margin_4q_avg": 34.85,
            "net_income": -5854,
            "net_income_4q": null,
            "revenue": 222836,
            "revenue_4q": null,
            "common_shares": 836253,
            "book_valuer_per_share": 8.74,
            "book_valuer_per_share_4q_avg": 8.69,
            "equity": 722640,
            "current_ratio": 174.1,
            "debt_ratio": 27.49,
            "inventory_turnover_ratio": 1.57,
            "account_receivable_turnover_ratio": 4.11,
            "reinvestment_rate": null,
            "research_to_sale_ratio": 24.34,
            "price_fair": 0,
            "eps_avg_yearly": 0,
            "eps_latest_yearly": 0,
            "eps_growth_yearly": 0
        },
        "20161": {
            "year_quarter": 20161,
            "year": 2016,
            "quarter": 1,
            "eps": -0.04,
            "eps_growth_year": null,
            "eps_4q": -0.65,
            "eps_4q_growth_year": null,
            "roe": -0.46,
            "roe_4q": -7.390000000000001,
            "gross_profit": 76342,
            "gross_margin": 35.08,
            "gross_margin_4q_avg": 34.67,
            "net_income": -3372,
            "net_income_4q": null,
            "revenue": 217650,
            "revenue_4q": null,
            "common_shares": 827253,
            "book_valuer_per_share": 9.08,
            "book_valuer_per_share_4q_avg": 8.85,
            "equity": 750753,
            "current_ratio": 188.33,
            "debt_ratio": 24.54,
            "inventory_turnover_ratio": 1.21,
            "account_receivable_turnover_ratio": 3.74,
            "reinvestment_rate": null,
            "research_to_sale_ratio": 24.61,
            "price_fair": 0,
            "eps_avg_yearly": 0,
            "eps_latest_yearly": 0,
            "eps_growth_yearly": 0
        },
        "20162": {
            "year_quarter": 20162,
            "year": 2016,
            "quarter": 2,
            "eps": -0.03,
            "eps_growth_year": null,
            "eps_4q": -0.4,
            "eps_4q_growth_year": null,
            "roe": -0.35,
            "roe_4q": -4.59,
            "gross_profit": 75495,
            "gross_margin": 35.58,
            "gross_margin_4q_avg": 34.59,
            "net_income": -2644,
            "net_income_4q": null,
            "revenue": 212207,
            "revenue_4q": null,
            "common_shares": 827253,
            "book_valuer_per_share": 9.34,
            "book_valuer_per_share_4q_avg": 8.84,
            "equity": 772604,
            "current_ratio": 188.9,
            "debt_ratio": 23.59,
            "inventory_turnover_ratio": 1.06,
            "account_receivable_turnover_ratio": 3.55,
            "reinvestment_rate": null,
            "research_to_sale_ratio": 26.27,
            "price_fair": 0,
            "eps_avg_yearly": 0,
            "eps_latest_yearly": 0,
            "eps_growth_yearly": 0
        },
        "20163": {
            "year_quarter": 20163,
            "year": 2016,
            "quarter": 3,
            "eps": -0.54,
            "eps_growth_year": null,
            "eps_4q": -0.69,
            "eps_4q_growth_year": null,
            "roe": -5.96,
            "roe_4q": -7.609999999999999,
            "gross_profit": 68263,
            "gross_margin": 31.02,
            "gross_margin_4q_avg": 34.34,
            "net_income": -44837,
            "net_income_4q": null,
            "revenue": 220097,
            "revenue_4q": null,
            "common_shares": 827253,
            "book_valuer_per_share": 8.86,
            "book_valuer_per_share_4q_avg": 9.01,
            "equity": 732976,
            "current_ratio": 161.1,
            "debt_ratio": 24.81,
            "inventory_turnover_ratio": 1.21,
            "account_receivable_turnover_ratio": 3.55,
            "reinvestment_rate": null,
            "research_to_sale_ratio": 26.4,
            "price_fair": 0,
            "eps_avg_yearly": 0,
            "eps_latest_yearly": 0,
            "eps_growth_yearly": 0
        },
        "20164": {
            "year_quarter": 20164,
            "year": 2016,
            "quarter": 4,
            "eps": -0.15,
            "eps_growth_year": null,
            "eps_4q": -0.76,
            "eps_4q_growth_year": null,
            "roe": -1.68,
            "roe_4q": -8.45,
            "gross_profit": 61545,
            "gross_margin": 31.02,
            "gross_margin_4q_avg": 33.18,
            "net_income": -12184,
            "net_income_4q": null,
            "revenue": 198396,
            "revenue_4q": null,
            "common_shares": 827253,
            "book_valuer_per_share": 8.63,
            "book_valuer_per_share_4q_avg": 8.98,
            "equity": 714251,
            "current_ratio": 163.15,
            "debt_ratio": 24.58,
            "inventory_turnover_ratio": 1.17,
            "account_receivable_turnover_ratio": 3,
            "reinvestment_rate": null,
            "research_to_sale_ratio": 25.06,
            "price_fair": 0,
            "eps_avg_yearly": 0,
            "eps_latest_yearly": 0,
            "eps_growth_yearly": 0
        },
        "20171": {
            "year_quarter": 20171,
            "year": 2017,
            "quarter": 1,
            "eps": -0.23,
            "eps_growth_year": null,
            "eps_4q": -0.95,
            "eps_4q_growth_year": null,
            "roe": -2.74,
            "roe_4q": -10.729999999999999,
            "gross_profit": 57866,
            "gross_margin": 30.83,
            "gross_margin_4q_avg": 32.11,
            "net_income": -18991,
            "net_income_4q": null,
            "revenue": 187675,
            "revenue_4q": null,
            "common_shares": 827253,
            "book_valuer_per_share": 8.12,
            "book_valuer_per_share_4q_avg": 8.74,
            "equity": 671608,
            "current_ratio": 159.43,
            "debt_ratio": 23.96,
            "inventory_turnover_ratio": 1.19,
            "account_receivable_turnover_ratio": 3.1,
            "reinvestment_rate": null,
            "research_to_sale_ratio": 26.37,
            "price_fair": 0,
            "eps_avg_yearly": 0,
            "eps_latest_yearly": 0,
            "eps_growth_yearly": 0
        },
        "20172": {
            "year_quarter": 20172,
            "year": 2017,
            "quarter": 2,
            "eps": 0.02,
            "eps_growth_year": null,
            "eps_4q": -0.9,
            "eps_4q_growth_year": null,
            "roe": 0.24,
            "roe_4q": -10.14,
            "gross_profit": 67001,
            "gross_margin": 29.8,
            "gross_margin_4q_avg": 30.67,
            "net_income": 1592,
            "net_income_4q": null,
            "revenue": 224827,
            "revenue_4q": null,
            "common_shares": 827253,
            "book_valuer_per_share": 8.07,
            "book_valuer_per_share_4q_avg": 8.42,
            "equity": 667671,
            "current_ratio": 159.25,
            "debt_ratio": 25.65,
            "inventory_turnover_ratio": 1.57,
            "account_receivable_turnover_ratio": 3.87,
            "reinvestment_rate": null,
            "research_to_sale_ratio": 22.86,
            "price_fair": 0,
            "eps_avg_yearly": 0,
            "eps_latest_yearly": 0,
            "eps_growth_yearly": 0
        },
        "20173": {
            "year_quarter": 20173,
            "year": 2017,
            "quarter": 3,
            "eps": 0.07,
            "eps_growth_year": null,
            "eps_4q": -0.29,
            "eps_4q_growth_year": null,
            "roe": 0.87,
            "roe_4q": -3.3100000000000005,
            "gross_profit": 66880,
            "gross_margin": 30.57,
            "gross_margin_4q_avg": 30.56,
            "net_income": 5817,
            "net_income_4q": null,
            "revenue": 218754,
            "revenue_4q": null,
            "common_shares": 827253,
            "book_valuer_per_share": 8.05,
            "book_valuer_per_share_4q_avg": 8.22,
            "equity": 666220,
            "current_ratio": 164.36,
            "debt_ratio": 27.08,
            "inventory_turnover_ratio": 1.42,
            "account_receivable_turnover_ratio": 3.8,
            "reinvestment_rate": null,
            "research_to_sale_ratio": 23.86,
            "price_fair": 9.8,
            "eps_avg_yearly": 0.28,
            "eps_latest_yearly": 0.28,
            "eps_growth_yearly": 1000
        },
        "20174": {
            "year_quarter": 20174,
            "year": 2017,
            "quarter": 4,
            "eps": 0.18,
            "eps_growth_year": null,
            "eps_4q": 0.04,
            "eps_4q_growth_year": null,
            "roe": 2.09,
            "roe_4q": 0.45999999999999996,
            "gross_profit": 69526,
            "gross_margin": 29.67,
            "gross_margin_4q_avg": 30.22,
            "net_income": 14865,
            "net_income_4q": null,
            "revenue": 234318,
            "revenue_4q": null,
            "common_shares": 827253,
            "book_valuer_per_share": 9.12,
            "book_valuer_per_share_4q_avg": 8.34,
            "equity": 754112,
            "current_ratio": 212.49,
            "debt_ratio": 20.25,
            "inventory_turnover_ratio": 1.45,
            "account_receivable_turnover_ratio": 3.67,
            "reinvestment_rate": null,
            "research_to_sale_ratio": 22.05,
            "price_fair": 17.5,
            "eps_avg_yearly": 0.5,
            "eps_latest_yearly": 0.72,
            "eps_growth_yearly": 814.29
        },
        "20181": {
            "year_quarter": 20181,
            "year": 2018,
            "quarter": 1,
            "eps": -0.07,
            "eps_growth_year": null,
            "eps_4q": 0.2,
            "eps_4q_growth_year": null,
            "roe": -0.77,
            "roe_4q": 2.4299999999999997,
            "gross_profit": 60523,
            "gross_margin": 28.56,
            "gross_margin_4q_avg": 29.65,
            "net_income": -5763,
            "net_income_4q": null,
            "revenue": 211940,
            "revenue_4q": null,
            "common_shares": 827253,
            "book_valuer_per_share": 9.05,
            "book_valuer_per_share_4q_avg": 8.57,
            "equity": 748349,
            "current_ratio": 314.41,
            "debt_ratio": 25.47,
            "inventory_turnover_ratio": 1.11,
            "account_receivable_turnover_ratio": 3.43,
            "reinvestment_rate": null,
            "research_to_sale_ratio": 25.51,
            "price_fair": 17.5,
            "eps_avg_yearly": 0.5,
            "eps_latest_yearly": 0.72,
            "eps_growth_yearly": 814.29
        },
        "20182": {
            "year_quarter": 20182,
            "year": 2018,
            "quarter": 2,
            "eps": -0.39,
            "eps_growth_year": -2050,
            "eps_4q": -0.21,
            "eps_4q_growth_year": null,
            "roe": -4.45,
            "roe_4q": -2.2600000000000007,
            "gross_profit": 62179,
            "gross_margin": 27,
            "gross_margin_4q_avg": 28.95,
            "net_income": -32556,
            "net_income_4q": null,
            "revenue": 230259,
            "revenue_4q": null,
            "common_shares": 827253,
            "book_valuer_per_share": 8.65,
            "book_valuer_per_share_4q_avg": 8.72,
            "equity": 715793,
            "current_ratio": 283.46,
            "debt_ratio": 27.89,
            "inventory_turnover_ratio": 0.92,
            "account_receivable_turnover_ratio": 4.13,
            "reinvestment_rate": null,
            "research_to_sale_ratio": 23.54,
            "price_fair": 17.5,
            "eps_avg_yearly": 0.5,
            "eps_latest_yearly": 0.72,
            "eps_growth_yearly": 814.29
        },
        "20183": {
            "year_quarter": 20183,
            "year": 2018,
            "quarter": 3,
            "eps": -0.29,
            "eps_growth_year": -514.29,
            "eps_4q": -0.57,
            "eps_4q_growth_year": null,
            "roe": -3.43,
            "roe_4q": -6.5600000000000005,
            "gross_profit": 61477,
            "gross_margin": 30.29,
            "gross_margin_4q_avg": 28.88,
            "net_income": -24111,
            "net_income_4q": null,
            "revenue": 202964,
            "revenue_4q": null,
            "common_shares": 827253,
            "book_valuer_per_share": 8.36,
            "book_valuer_per_share_4q_avg": 8.8,
            "equity": 691682,
            "current_ratio": 294.37,
            "debt_ratio": 26.39,
            "inventory_turnover_ratio": 0.75,
            "account_receivable_turnover_ratio": 3.83,
            "reinvestment_rate": null,
            "research_to_sale_ratio": 26.27,
            "price_fair": 17.5,
            "eps_avg_yearly": 0.5,
            "eps_latest_yearly": 0.72,
            "eps_growth_yearly": 814.29
        },
        "20184": {
            "year_quarter": 20184,
            "year": 2018,
            "quarter": 4,
            "eps": -0.27,
            "eps_growth_year": -252.69,
            "eps_4q": -1.03,
            "eps_4q_growth_year": -2692.93,
            "roe": -3.33,
            "roe_4q": -11.98,
            "gross_profit": 70089,
            "gross_margin": 30.16,
            "gross_margin_4q_avg": 29,
            "net_income": -22697,
            "net_income_4q": null,
            "revenue": 232373,
            "revenue_4q": null,
            "common_shares": 827253,
            "book_valuer_per_share": 8.12,
            "book_valuer_per_share_4q_avg": 8.55,
            "equity": 671396,
            "current_ratio": 274.92,
            "debt_ratio": 27.63,
            "inventory_turnover_ratio": 1.03,
            "account_receivable_turnover_ratio": 4.22,
            "reinvestment_rate": null,
            "research_to_sale_ratio": 24.03,
            "price_fair": 17.5,
            "eps_avg_yearly": 0.5,
            "eps_latest_yearly": 0.72,
            "eps_growth_yearly": 814.29
        },
        "20191": {
            "year_quarter": 20191,
            "year": 2019,
            "quarter": 1,
            "eps": 0.39,
            "eps_growth_year": null,
            "eps_4q": -0.57,
            "eps_4q_growth_year": -385.45,
            "roe": 4.69,
            "roe_4q": -6.52,
            "gross_profit": 52259,
            "gross_margin": 29.19,
            "gross_margin_4q_avg": 29.16,
            "net_income": 32234,
            "net_income_4q": null,
            "revenue": 179020,
            "revenue_4q": null,
            "common_shares": 827253,
            "book_valuer_per_share": 8.51,
            "book_valuer_per_share_4q_avg": 8.41,
            "equity": 703630,
            "current_ratio": 286.93,
            "debt_ratio": 27.11,
            "inventory_turnover_ratio": 0.81,
            "account_receivable_turnover_ratio": 3.32,
            "reinvestment_rate": null,
            "research_to_sale_ratio": 28.64,
            "price_fair": 17.5,
            "eps_avg_yearly": 0.5,
            "eps_latest_yearly": 0.72,
            "eps_growth_yearly": 814.29
        },
        "20192": {
            "year_quarter": 20192,
            "year": 2019,
            "quarter": 2,
            "eps": 0.32,
            "eps_growth_year": null,
            "eps_4q": 0.14,
            "eps_4q_growth_year": null,
            "roe": 3.65,
            "roe_4q": 1.5799999999999996,
            "gross_profit": 80957,
            "gross_margin": 31.24,
            "gross_margin_4q_avg": 30.22,
            "net_income": 26170,
            "net_income_4q": null,
            "revenue": 259158,
            "revenue_4q": null,
            "common_shares": 827253,
            "book_valuer_per_share": 8.82,
            "book_valuer_per_share_4q_avg": 8.45,
            "equity": 729800,
            "current_ratio": 364.92,
            "debt_ratio": 22.01,
            "inventory_turnover_ratio": 1.32,
            "account_receivable_turnover_ratio": 5.89,
            "reinvestment_rate": null,
            "research_to_sale_ratio": 20.36,
            "price_fair": 26.6,
            "eps_avg_yearly": 0.76,
            "eps_latest_yearly": 1.28,
            "eps_growth_yearly": 518.93
        },
        "20193": {
            "year_quarter": 20193,
            "year": 2019,
            "quarter": 3,
            "eps": 1.46,
            "eps_growth_year": null,
            "eps_4q": 2,
            "eps_4q_growth_year": null,
            "roe": 12.6,
            "roe_4q": 17.61,
            "gross_profit": 84352,
            "gross_margin": 32.51,
            "gross_margin_4q_avg": 30.78,
            "net_income": 98135,
            "net_income_4q": null,
            "revenue": 259453,
            "revenue_4q": null,
            "common_shares": 670211,
            "book_valuer_per_share": 12.35,
            "book_valuer_per_share_4q_avg": 9.45,
            "equity": 827651,
            "current_ratio": 307.57,
            "debt_ratio": 23.51,
            "inventory_turnover_ratio": 1.48,
            "account_receivable_turnover_ratio": 5.19,
            "reinvestment_rate": -3331.96,
            "research_to_sale_ratio": 19.66,
            "price_fair": 71.05,
            "eps_avg_yearly": 2.03,
            "eps_latest_yearly": 5.84,
            "eps_growth_yearly": 745.44
        },
        "20194": {
            "year_quarter": 20194,
            "year": 2019,
            "quarter": 4,
            "eps": -0.39,
            "eps_growth_year": null,
            "eps_4q": 1.94,
            "eps_4q_growth_year": null,
            "roe": -3.23,
            "roe_4q": 17.71,
            "gross_profit": 93530,
            "gross_margin": 32.8,
            "gross_margin_4q_avg": 31.44,
            "net_income": -26351,
            "net_income_4q": null,
            "revenue": 285143,
            "revenue_4q": null,
            "common_shares": 672161,
            "book_valuer_per_share": 11.93,
            "book_valuer_per_share_4q_avg": 10.4,
            "equity": 804055,
            "current_ratio": 293.5,
            "debt_ratio": 26.14,
            "inventory_turnover_ratio": 1.34,
            "account_receivable_turnover_ratio": 5.3,
            "reinvestment_rate": null,
            "research_to_sale_ratio": null,
            "price_fair": 71.05,
            "eps_avg_yearly": 2.03,
            "eps_latest_yearly": 5.84,
            "eps_growth_yearly": 745.44
        },
        "20201": {
            "year_quarter": 20201,
            "year": 2020,
            "quarter": 1,
            "eps": -1.82,
            "eps_growth_year": -566.67,
            "eps_4q": -0.36,
            "eps_4q_growth_year": null,
            "roe": -16.44,
            "roe_4q": -3.420000000000002,
            "gross_profit": 63025,
            "gross_margin": 31.04,
            "gross_margin_4q_avg": 31.9,
            "net_income": -122166,
            "net_income_4q": null,
            "revenue": 203067,
            "revenue_4q": null,
            "common_shares": 672161,
            "book_valuer_per_share": 10.14,
            "book_valuer_per_share_4q_avg": 10.81,
            "equity": 681889,
            "current_ratio": 228.9,
            "debt_ratio": 32.34,
            "inventory_turnover_ratio": 0.81,
            "account_receivable_turnover_ratio": 3.89,
            "reinvestment_rate": null,
            "research_to_sale_ratio": 23.81,
            "price_fair": 71.05,
            "eps_avg_yearly": 2.03,
            "eps_latest_yearly": 5.84,
            "eps_growth_yearly": 745.44
        },
        "20202": {
            "year_quarter": 20202,
            "year": 2020,
            "quarter": 2,
            "eps": 0.25,
            "eps_growth_year": -21.88,
            "eps_4q": -0.5,
            "eps_4q_growth_year": -456.95,
            "roe": 2.45,
            "roe_4q": -4.620000000000003,
            "gross_profit": 56241,
            "gross_margin": 31.49,
            "gross_margin_4q_avg": 31.96,
            "net_income": 16750,
            "net_income_4q": null,
            "revenue": 178602,
            "revenue_4q": null,
            "common_shares": 672161,
            "book_valuer_per_share": 10.19,
            "book_valuer_per_share_4q_avg": 11.15,
            "equity": 685196,
            "current_ratio": 234,
            "debt_ratio": 31.28,
            "inventory_turnover_ratio": 0.63,
            "account_receivable_turnover_ratio": 3.64,
            "reinvestment_rate": null,
            "research_to_sale_ratio": 27.71,
            "price_fair": 71.05,
            "eps_avg_yearly": 2.03,
            "eps_latest_yearly": 5.84,
            "eps_growth_yearly": 745.44
        },
        "20203": {
            "year_quarter": 20203,
            "year": 2020,
            "quarter": 3,
            "eps": 0.09,
            "eps_growth_year": -93.84,
            "eps_4q": -1.84,
            "eps_4q_growth_year": -192.06,
            "roe": 0.84,
            "roe_4q": -16.380000000000003,
            "gross_profit": 70094,
            "gross_margin": 28.76,
            "gross_margin_4q_avg": 31.02,
            "net_income": 5742,
            "net_income_4q": null,
            "revenue": 243734,
            "revenue_4q": null,
            "common_shares": 685461,
            "book_valuer_per_share": 10.02,
            "book_valuer_per_share_4q_avg": 10.57,
            "equity": 687078,
            "current_ratio": 250.31,
            "debt_ratio": 29.56,
            "inventory_turnover_ratio": 1.17,
            "account_receivable_turnover_ratio": 4.28,
            "reinvestment_rate": null,
            "research_to_sale_ratio": 18.24,
            "price_fair": 59.36,
            "eps_avg_yearly": 1.7,
            "eps_latest_yearly": 0.36,
            "eps_growth_yearly": 545.16
        },
        "20204": {
            "year_quarter": 20204,
            "year": 2020,
            "quarter": 4,
            "eps": -0.22,
            "eps_growth_year": null,
            "eps_4q": -1.68,
            "eps_4q_growth_year": -186.68,
            "roe": -2.25,
            "roe_4q": -15.400000000000002,
            "gross_profit": 61131,
            "gross_margin": 29.55,
            "gross_margin_4q_avg": 30.21,
            "net_income": -15406,
            "net_income_4q": null,
            "revenue": 206896,
            "revenue_4q": null,
            "common_shares": 685461,
            "book_valuer_per_share": 9.98,
            "book_valuer_per_share_4q_avg": 10.08,
            "equity": 684428,
            "current_ratio": 227.85,
            "debt_ratio": 31.93,
            "inventory_turnover_ratio": 1.25,
            "account_receivable_turnover_ratio": 3.48,
            "reinvestment_rate": null,
            "research_to_sale_ratio": null,
            "price_fair": 59.36,
            "eps_avg_yearly": 1.7,
            "eps_latest_yearly": 0.36,
            "eps_growth_yearly": 545.16
        },
        "20211": {
            "year_quarter": 20211,
            "year": 2021,
            "quarter": 1,
            "eps": -0.3,
            "eps_growth_year": null,
            "eps_4q": -0.2,
            "eps_4q_growth_year": null,
            "roe": -3.03,
            "roe_4q": -1.9899999999999993,
            "gross_profit": 52045,
            "gross_margin": 27.93,
            "gross_margin_4q_avg": 29.43,
            "net_income": -20450,
            "net_income_4q": null,
            "revenue": 186312,
            "revenue_4q": null,
            "common_shares": 685011,
            "book_valuer_per_share": 9.73,
            "book_valuer_per_share_4q_avg": 9.98,
            "equity": 666555,
            "current_ratio": 259.42,
            "debt_ratio": 27.97,
            "inventory_turnover_ratio": 1.08,
            "account_receivable_turnover_ratio": 3.59,
            "reinvestment_rate": null,
            "research_to_sale_ratio": 28.4,
            "price_fair": 59.36,
            "eps_avg_yearly": 1.7,
            "eps_latest_yearly": 0.36,
            "eps_growth_yearly": 545.16
        },
        "20212": {
            "year_quarter": 20212,
            "year": 2021,
            "quarter": 2,
            "eps": 0.37,
            "eps_growth_year": 48,
            "eps_4q": -0.07,
            "eps_4q_growth_year": null,
            "roe": 3.69,
            "roe_4q": -0.7499999999999999,
            "gross_profit": 104660,
            "gross_margin": 38.21,
            "gross_margin_4q_avg": 31.11,
            "net_income": 25157,
            "net_income_4q": null,
            "revenue": 273906,
            "revenue_4q": null,
            "common_shares": 690711,
            "book_valuer_per_share": 10.08,
            "book_valuer_per_share_4q_avg": 9.95,
            "equity": 695320,
            "current_ratio": 259.9,
            "debt_ratio": 26.83,
            "inventory_turnover_ratio": 1.35,
            "account_receivable_turnover_ratio": 4.05,
            "reinvestment_rate": null,
            "research_to_sale_ratio": 17.89,
            "price_fair": 59.36,
            "eps_avg_yearly": 1.7,
            "eps_latest_yearly": 0.36,
            "eps_growth_yearly": 545.16
        },
        "20213": {
            "year_quarter": 20213,
            "year": 2021,
            "quarter": 3,
            "eps": 0.11,
            "eps_growth_year": 22.22,
            "eps_4q": -0.05,
            "eps_4q_growth_year": null,
            "roe": 1.07,
            "roe_4q": -0.52,
            "gross_profit": 111734,
            "gross_margin": 35.44,
            "gross_margin_4q_avg": 32.78,
            "net_income": 7533,
            "net_income_4q": null,
            "revenue": 315275,
            "revenue_4q": null,
            "common_shares": 689881,
            "book_valuer_per_share": 10.26,
            "book_valuer_per_share_4q_avg": 10.01,
            "equity": 706967,
            "current_ratio": 256.5,
            "debt_ratio": 27.25,
            "inventory_turnover_ratio": 1.86,
            "account_receivable_turnover_ratio": 4.32,
            "reinvestment_rate": null,
            "research_to_sale_ratio": 14.82,
            "price_fair": 60.48,
            "eps_avg_yearly": 1.73,
            "eps_latest_yearly": 0.44,
            "eps_growth_yearly": 288.94
        },
        "20214": {
            "year_quarter": 20214,
            "year": 2021,
            "quarter": 4,
            "eps": 0.71,
            "eps_growth_year": null,
            "eps_4q": 0.89,
            "eps_4q_growth_year": null,
            "roe": 6.67,
            "roe_4q": 8.4,
            "gross_profit": 143885,
            "gross_margin": 43.42,
            "gross_margin_4q_avg": 36.25,
            "net_income": 48881,
            "net_income_4q": null,
            "revenue": 331415,
            "revenue_4q": null,
            "common_shares": 688991,
            "book_valuer_per_share": 11.02,
            "book_valuer_per_share_4q_avg": 10.27,
            "equity": 759587,
            "current_ratio": 270.83,
            "debt_ratio": 26.27,
            "inventory_turnover_ratio": 2.09,
            "account_receivable_turnover_ratio": 5.5,
            "reinvestment_rate": null,
            "research_to_sale_ratio": null,
            "price_fair": 75.32,
            "eps_avg_yearly": 2.15,
            "eps_latest_yearly": 2.84,
            "eps_growth_yearly": 599.59
        },
        "20221": {
            "year_quarter": 20221,
            "year": 2022,
            "quarter": 1,
            "eps": 0.12,
            "eps_growth_year": null,
            "eps_4q": 1.3,
            "eps_4q_growth_year": null,
            "roe": 1.05,
            "roe_4q": 12.479999999999999,
            "gross_profit": 114503,
            "gross_margin": 40.34,
            "gross_margin_4q_avg": 39.35,
            "net_income": 8068,
            "net_income_4q": null,
            "revenue": 283858,
            "revenue_4q": null,
            "common_shares": 688501,
            "book_valuer_per_share": 11.21,
            "book_valuer_per_share_4q_avg": 10.64,
            "equity": 771700,
            "current_ratio": 346.6,
            "debt_ratio": 20.12,
            "inventory_turnover_ratio": 2.53,
            "account_receivable_turnover_ratio": 5.18,
            "reinvestment_rate": -131.62,
            "research_to_sale_ratio": 17.82,
            "price_fair": 65.57,
            "eps_avg_yearly": 1.87,
            "eps_latest_yearly": 0.48,
            "eps_growth_yearly": 444.26
        },
        "20222": {
            "year_quarter": 20222,
            "year": 2022,
            "quarter": 2,
            "eps": 0.26,
            "eps_growth_year": -29.73,
            "eps_4q": 1.19,
            "eps_4q_growth_year": null,
            "roe": 2.3,
            "roe_4q": 11.09,
            "gross_profit": 102368,
            "gross_margin": 37.6,
            "gross_margin_4q_avg": 39.2,
            "net_income": 17547,
            "net_income_4q": null,
            "revenue": 272236,
            "revenue_4q": null,
            "common_shares": 688501,
            "book_valuer_per_share": 10.91,
            "book_valuer_per_share_4q_avg": 10.85,
            "equity": 751278,
            "current_ratio": 290.64,
            "debt_ratio": 24.41,
            "inventory_turnover_ratio": 2.83,
            "account_receivable_turnover_ratio": 5.12,
            "reinvestment_rate": -12.24,
            "research_to_sale_ratio": 20.28,
            "price_fair": 61.4,
            "eps_avg_yearly": 1.75,
            "eps_latest_yearly": 1.04,
            "eps_growth_yearly": 447.46
        },
        "20223": {
            "year_quarter": 20223,
            "year": 2022,
            "quarter": 3,
            "eps": 0.81,
            "eps_growth_year": 636.36,
            "eps_4q": 1.88,
            "eps_4q_growth_year": null,
            "roe": 7.04,
            "roe_4q": 17.060000000000002,
            "gross_profit": 159404,
            "gross_margin": 39.88,
            "gross_margin_4q_avg": 40.31,
            "net_income": 54903,
            "net_income_4q": null,
            "revenue": 399753,
            "revenue_4q": null,
            "common_shares": 688501,
            "book_valuer_per_share": 11.74,
            "book_valuer_per_share_4q_avg": 11.22,
            "equity": 808625,
            "current_ratio": 287.73,
            "debt_ratio": 25.58,
            "inventory_turnover_ratio": 2.01,
            "account_receivable_turnover_ratio": 6.18,
            "reinvestment_rate": -3.43,
            "research_to_sale_ratio": 16.65,
            "price_fair": 67.9,
            "eps_avg_yearly": 1.94,
            "eps_latest_yearly": 3.24,
            "eps_growth_yearly": 497.3
        },
        "20224": {
            "year_quarter": 20224,
            "year": 2022,
            "quarter": 4,
            "eps": 1.01,
            "eps_growth_year": 42.32,
            "eps_4q": 2.18,
            "eps_4q_growth_year": 145.56,
            "roe": 8.24,
            "roe_4q": 18.630000000000003,
            "gross_profit": 154163,
            "gross_margin": 44.46,
            "gross_margin_4q_avg": 40.57,
            "net_income": 69569,
            "net_income_4q": null,
            "revenue": 346726,
            "revenue_4q": null,
            "common_shares": 688501,
            "book_valuer_per_share": 12.78,
            "book_valuer_per_share_4q_avg": 11.66,
            "equity": 880185,
            "current_ratio": 286.34,
            "debt_ratio": 25.96,
            "inventory_turnover_ratio": 0.93,
            "account_receivable_turnover_ratio": 4.5,
            "reinvestment_rate": 9.83,
            "research_to_sale_ratio": null,
            "price_fair": 76.07,
            "eps_avg_yearly": 2.17,
            "eps_latest_yearly": 4.04,
            "eps_growth_yearly": 453.01
        },
        "20231": {
            "year_quarter": 20231,
            "year": 2023,
            "quarter": 1,
            "eps": 0.32,
            "eps_growth_year": 166.67,
            "eps_4q": 2.38,
            "eps_4q_growth_year": 83.08,
            "roe": 2.48,
            "roe_4q": 20.060000000000002,
            "gross_profit": 75873,
            "gross_margin": 36.49,
            "gross_margin_4q_avg": 39.61,
            "net_income": 22096,
            "net_income_4q": null,
            "revenue": 207917,
            "revenue_4q": null,
            "common_shares": 688501,
            "book_valuer_per_share": 13.13,
            "book_valuer_per_share_4q_avg": 12.14,
            "equity": 904229,
            "current_ratio": 464.95,
            "debt_ratio": 15.88,
            "inventory_turnover_ratio": 0.55,
            "account_receivable_turnover_ratio": 3.75,
            "reinvestment_rate": 10.71,
            "research_to_sale_ratio": 24.03,
            "price_fair": 72.94,
            "eps_avg_yearly": 2.08,
            "eps_latest_yearly": 1.28,
            "eps_growth_yearly": 380.39
        },
        "20232": {
            "year_quarter": 20232,
            "year": 2023,
            "quarter": 2,
            "eps": -0.55,
            "eps_growth_year": -311.54,
            "eps_4q": 1.59,
            "eps_4q_growth_year": 33.4,
            "roe": -4.39,
            "roe_4q": 13.370000000000001,
            "gross_profit": 54692,
            "gross_margin": 34.98,
            "gross_margin_4q_avg": 38.95,
            "net_income": -37143,
            "net_income_4q": null,
            "revenue": 156374,
            "revenue_4q": null,
            "common_shares": 688501,
            "book_valuer_per_share": 11.42,
            "book_valuer_per_share_4q_avg": 12.27,
            "equity": 786061,
            "current_ratio": 289.8,
            "debt_ratio": 24.97,
            "inventory_turnover_ratio": 0.46,
            "account_receivable_turnover_ratio": 5.75,
            "reinvestment_rate": 18.7,
            "research_to_sale_ratio": 30.89,
            "price_fair": 76.07,
            "eps_avg_yearly": 2.17,
            "eps_latest_yearly": 1.28,
            "eps_growth_yearly": 430.63
        },
        "20233": {
            "year_quarter": 20233,
            "year": 2023,
            "quarter": 3,
            "eps": -0.65,
            "eps_growth_year": -180.25,
            "eps_4q": 0.14,
            "eps_4q_growth_year": -92.37,
            "roe": -5.84,
            "roe_4q": 0.4900000000000002,
            "gross_profit": 52745,
            "gross_margin": 31.17,
            "gross_margin_4q_avg": 36.78,
            "net_income": -44644,
            "net_income_4q": null,
            "revenue": 169200,
            "revenue_4q": null,
            "common_shares": 688501,
            "book_valuer_per_share": 10.78,
            "book_valuer_per_share_4q_avg": 12.03,
            "equity": 742500,
            "current_ratio": 346.46,
            "debt_ratio": 20.66,
            "inventory_turnover_ratio": 0.59,
            "account_receivable_turnover_ratio": 5.35,
            "reinvestment_rate": 230.34,
            "research_to_sale_ratio": 29.76,
            "price_fair": 60.03,
            "eps_avg_yearly": 1.72,
            "eps_latest_yearly": 1.28,
            "eps_growth_yearly": 306.33
        },
        "20234": {
            "year_quarter": 20234,
            "year": 2023,
            "quarter": 4,
            "eps": -0.88,
            "eps_growth_year": -187.4,
            "eps_4q": -1.75,
            "eps_4q_growth_year": -180.28,
            "roe": -8.53,
            "roe_4q": -16.279999999999998,
            "gross_profit": 56800,
            "gross_margin": 30.79,
            "gross_margin_4q_avg": 33.36,
            "net_income": -60801,
            "net_income_4q": null,
            "revenue": 184479,
            "revenue_4q": null,
            "common_shares": 688501,
            "book_valuer_per_share": 9.91,
            "book_valuer_per_share_4q_avg": 11.31,
            "equity": 682380,
            "current_ratio": 321.89,
            "debt_ratio": 21.34,
            "inventory_turnover_ratio": 0.78,
            "account_receivable_turnover_ratio": 4.41,
            "reinvestment_rate": null,
            "research_to_sale_ratio": null,
            "price_fair": 60.03,
            "eps_avg_yearly": 1.72,
            "eps_latest_yearly": 1.28,
            "eps_growth_yearly": 306.33
        }
    },
    "months": {
        "2003-10": {
            "month": "2003-10",
            "price": "8.67",
            "revenue": 53000
        },
        "2003-11": {
            "month": "2003-11",
            "price": "7.17",
            "revenue": 56387
        },
        "2003-12": {
            "month": "2003-12",
            "price": "7.25",
            "revenue": 53345
        },
        "2004-01": {
            "month": "2004-01",
            "price": "7.66",
            "revenue": 54075
        },
        "2004-02": {
            "month": "2004-02",
            "price": "7.52",
            "revenue": 54576
        },
        "2004-03": {
            "month": "2004-03",
            "price": "7.24",
            "revenue": 57704
        },
        "2004-04": {
            "month": "2004-04",
            "price": "7.11",
            "revenue": 50428
        },
        "2004-05": {
            "month": "2004-05",
            "price": "6.50",
            "revenue": 47786
        },
        "2004-06": {
            "month": "2004-06",
            "price": "6.00",
            "revenue": 49364
        },
        "2004-07": {
            "month": "2004-07",
            "price": "5.68",
            "revenue": 50753
        },
        "2004-08": {
            "month": "2004-08",
            "price": "7.29",
            "revenue": 63282
        },
        "2004-09": {
            "month": "2004-09",
            "price": "5.64",
            "revenue": 50392
        },
        "2004-11": {
            "month": "2004-11",
            "price": "3.60",
            "revenue": 63099
        },
        "2004-12": {
            "month": "2004-12",
            "price": "2.63",
            "revenue": 47255
        },
        "2005-01": {
            "month": "2005-01",
            "price": "5.62",
            "revenue": 71281
        },
        "2005-02": {
            "month": "2005-02",
            "price": "5.03",
            "revenue": 50895
        },
        "2005-03": {
            "month": "2005-03",
            "price": "4.58",
            "revenue": 75457
        },
        "2005-04": {
            "month": "2005-04",
            "price": "4.80",
            "revenue": 70647
        },
        "2005-05": {
            "month": "2005-05",
            "price": "5.90",
            "revenue": 68456
        },
        "2005-06": {
            "month": "2005-06",
            "price": "7.22",
            "revenue": 70183
        },
        "2005-07": {
            "month": "2005-07",
            "price": "7.46",
            "revenue": 74227
        },
        "2005-08": {
            "month": "2005-08",
            "price": "8.17",
            "revenue": 82489
        },
        "2005-09": {
            "month": "2005-09",
            "price": "10.07",
            "revenue": 88553
        },
        "2005-10": {
            "month": "2005-10",
            "price": "10.51",
            "revenue": 92982
        },
        "2005-11": {
            "month": "2005-11",
            "price": "12.78",
            "revenue": 81460
        },
        "2005-12": {
            "month": "2005-12",
            "price": "17.06",
            "revenue": 84125
        },
        "2006-01": {
            "month": "2006-01",
            "price": "15.41",
            "revenue": 85225
        },
        "2006-02": {
            "month": "2006-02",
            "price": "16.29",
            "revenue": 85379
        },
        "2006-03": {
            "month": "2006-03",
            "price": "16.42",
            "revenue": 95340
        },
        "2006-04": {
            "month": "2006-04",
            "price": "28.74",
            "revenue": 108477
        },
        "2006-05": {
            "month": "2006-05",
            "price": "29.05",
            "revenue": 95546
        },
        "2006-06": {
            "month": "2006-06",
            "price": "26.13",
            "revenue": 85357
        },
        "2006-07": {
            "month": "2006-07",
            "price": "25.88",
            "revenue": 101146
        },
        "2006-08": {
            "month": "2006-08",
            "price": "26.10",
            "revenue": 94463
        },
        "2006-09": {
            "month": "2006-09",
            "price": "27.32",
            "revenue": 89081
        },
        "2006-10": {
            "month": "2006-10",
            "price": "29.67",
            "revenue": 87574
        },
        "2006-11": {
            "month": "2006-11",
            "price": "30.83",
            "revenue": 86741
        },
        "2006-12": {
            "month": "2006-12",
            "price": "38.40",
            "revenue": 86049
        },
        "2007-01": {
            "month": "2007-01",
            "price": "50.15",
            "revenue": 102961
        },
        "2007-02": {
            "month": "2007-02",
            "price": "59.08",
            "revenue": 86306
        },
        "2007-03": {
            "month": "2007-03",
            "price": "66.32",
            "revenue": 96601
        },
        "2007-04": {
            "month": "2007-04",
            "price": "69.00",
            "revenue": 110998
        },
        "2007-05": {
            "month": "2007-05",
            "price": "106.35",
            "revenue": 101542
        },
        "2007-06": {
            "month": "2007-06",
            "price": "116.82",
            "revenue": 84975
        },
        "2007-07": {
            "month": "2007-07",
            "price": "123.43",
            "revenue": 87041
        },
        "2007-08": {
            "month": "2007-08",
            "price": "76.03",
            "revenue": 96446
        },
        "2007-09": {
            "month": "2007-09",
            "price": "65.12",
            "revenue": 101343
        },
        "2007-10": {
            "month": "2007-10",
            "price": "59.65",
            "revenue": 102004
        },
        "2007-11": {
            "month": "2007-11",
            "price": "59.19",
            "revenue": 87524
        },
        "2007-12": {
            "month": "2007-12",
            "price": "59.23",
            "revenue": 72404
        },
        "2008-01": {
            "month": "2008-01",
            "price": "48.63",
            "revenue": 82772
        },
        "2008-02": {
            "month": "2008-02",
            "price": "34.95",
            "revenue": 86735
        },
        "2008-03": {
            "month": "2008-03",
            "price": "39.47",
            "revenue": 98004
        },
        "2008-04": {
            "month": "2008-04",
            "price": "44.11",
            "revenue": 112522
        },
        "2008-05": {
            "month": "2008-05",
            "price": "49.56",
            "revenue": 104753
        },
        "2008-06": {
            "month": "2008-06",
            "price": "38.02",
            "revenue": 101465
        },
        "2008-07": {
            "month": "2008-07",
            "price": "31.74",
            "revenue": 108749
        },
        "2008-08": {
            "month": "2008-08",
            "price": "31.61",
            "revenue": 116466
        },
        "2008-09": {
            "month": "2008-09",
            "price": "24.40",
            "revenue": 121146
        },
        "2008-10": {
            "month": "2008-10",
            "price": "19.30",
            "revenue": 106798
        },
        "2008-11": {
            "month": "2008-11",
            "price": "13.03",
            "revenue": 86680
        },
        "2008-12": {
            "month": "2008-12",
            "price": "13.13",
            "revenue": 71500
        },
        "2009-01": {
            "month": "2009-01",
            "price": "14.34",
            "revenue": 52809
        },
        "2009-02": {
            "month": "2009-02",
            "price": "14.92",
            "revenue": 95646
        },
        "2009-03": {
            "month": "2009-03",
            "price": "20.92",
            "revenue": 91795
        },
        "2009-04": {
            "month": "2009-04",
            "price": "22.80",
            "revenue": 120860
        },
        "2009-05": {
            "month": "2009-05",
            "price": "25.41",
            "revenue": 109095
        },
        "2009-06": {
            "month": "2009-06",
            "price": "24.57",
            "revenue": 130318
        },
        "2009-07": {
            "month": "2009-07",
            "price": "27.24",
            "revenue": 166115
        },
        "2009-08": {
            "month": "2009-08",
            "price": "28.02",
            "revenue": 161277
        },
        "2009-09": {
            "month": "2009-09",
            "price": "28.99",
            "revenue": 144959
        },
        "2009-10": {
            "month": "2009-10",
            "price": "28.26",
            "revenue": 156289
        },
        "2009-11": {
            "month": "2009-11",
            "price": "26.95",
            "revenue": 144360
        },
        "2009-12": {
            "month": "2009-12",
            "price": "31.62",
            "revenue": 140668
        },
        "2010-01": {
            "month": "2010-01",
            "price": "30.55",
            "revenue": 182344
        },
        "2010-02": {
            "month": "2010-02",
            "price": "27.90",
            "revenue": 133965
        },
        "2010-03": {
            "month": "2010-03",
            "price": "30.59",
            "revenue": 201571
        },
        "2010-04": {
            "month": "2010-04",
            "price": "32.39",
            "revenue": 183599
        },
        "2010-05": {
            "month": "2010-05",
            "price": "28.50",
            "revenue": 182832
        },
        "2010-06": {
            "month": "2010-06",
            "price": "28.28",
            "revenue": 218064
        },
        "2010-07": {
            "month": "2010-07",
            "price": "33.60",
            "revenue": 218963
        },
        "2010-08": {
            "month": "2010-08",
            "price": "35.80",
            "revenue": 183250
        },
        "2010-09": {
            "month": "2010-09",
            "price": "41.16",
            "revenue": 141441
        },
        "2010-10": {
            "month": "2010-10",
            "price": "36.38",
            "revenue": 127065
        },
        "2010-11": {
            "month": "2010-11",
            "price": "31.01",
            "revenue": 126625
        },
        "2010-12": {
            "month": "2010-12",
            "price": "33.35",
            "revenue": 134216
        },
        "2011-01": {
            "month": "2011-01",
            "price": "31.69",
            "revenue": 136674
        },
        "2011-02": {
            "month": "2011-02",
            "price": "29.23",
            "revenue": 88941
        },
        "2011-03": {
            "month": "2011-03",
            "price": "26.80",
            "revenue": 141452
        },
        "2011-04": {
            "month": "2011-04",
            "price": "27.60",
            "revenue": 110356
        },
        "2011-05": {
            "month": "2011-05",
            "price": "26.53",
            "revenue": 102160
        },
        "2011-06": {
            "month": "2011-06",
            "price": "25.44",
            "revenue": 91083
        },
        "2011-07": {
            "month": "2011-07",
            "price": "21.05",
            "revenue": 93458
        },
        "2011-08": {
            "month": "2011-08",
            "price": "15.12",
            "revenue": 111241
        },
        "2011-09": {
            "month": "2011-09",
            "price": "13.92",
            "revenue": 92688
        },
        "2011-10": {
            "month": "2011-10",
            "price": "13.89",
            "revenue": 84847
        },
        "2011-11": {
            "month": "2011-11",
            "price": "12.83",
            "revenue": 81007
        },
        "2011-12": {
            "month": "2011-12",
            "price": "10.62",
            "revenue": 74138
        },
        "2012-01": {
            "month": "2012-01",
            "price": "10.51",
            "revenue": 60445
        },
        "2012-02": {
            "month": "2012-02",
            "price": "14.24",
            "revenue": 65667
        },
        "2012-03": {
            "month": "2012-03",
            "price": "13.70",
            "revenue": 74536
        },
        "2012-04": {
            "month": "2012-04",
            "price": "11.34",
            "revenue": 50619
        },
        "2012-05": {
            "month": "2012-05",
            "price": "11.08",
            "revenue": 67083
        },
        "2012-06": {
            "month": "2012-06",
            "price": "10.58",
            "revenue": 44182
        },
        "2012-07": {
            "month": "2012-07",
            "price": "10.22",
            "revenue": 60268
        },
        "2012-08": {
            "month": "2012-08",
            "price": "9.85",
            "revenue": 54575
        },
        "2012-09": {
            "month": "2012-09",
            "price": "10.37",
            "revenue": 58288
        },
        "2012-10": {
            "month": "2012-10",
            "price": "9.37",
            "revenue": 49984
        },
        "2012-11": {
            "month": "2012-11",
            "price": "8.27",
            "revenue": 55916
        },
        "2012-12": {
            "month": "2012-12",
            "price": "8.85",
            "revenue": 45848
        },
        "2013-01": {
            "month": "2013-01",
            "price": "8.99",
            "revenue": 61592
        },
        "2013-02": {
            "month": "2013-02",
            "price": "8.89",
            "revenue": 38122
        },
        "2013-03": {
            "month": "2013-03",
            "price": "9.18",
            "revenue": 48919
        },
        "2013-04": {
            "month": "2013-04",
            "price": "9.59",
            "revenue": 51085
        },
        "2013-05": {
            "month": "2013-05",
            "price": "9.80",
            "revenue": 60804
        },
        "2013-06": {
            "month": "2013-06",
            "price": "9.11",
            "revenue": 51250
        },
        "2013-07": {
            "month": "2013-07",
            "price": "8.34",
            "revenue": 52444
        },
        "2013-08": {
            "month": "2013-08",
            "price": "8.30",
            "revenue": 54170
        },
        "2013-09": {
            "month": "2013-09",
            "price": "8.57",
            "revenue": 50755
        },
        "2013-10": {
            "month": "2013-10",
            "price": "8.47",
            "revenue": 55225
        },
        "2013-11": {
            "month": "2013-11",
            "price": "7.98",
            "revenue": 57537
        },
        "2013-12": {
            "month": "2013-12",
            "price": "7.88",
            "revenue": 57825
        },
        "2014-01": {
            "month": "2014-01",
            "price": "9.20",
            "revenue": 57653
        },
        "2014-02": {
            "month": "2014-02",
            "price": "10.16",
            "revenue": 46503
        },
        "2014-03": {
            "month": "2014-03",
            "price": "12.33",
            "revenue": 49449
        },
        "2014-04": {
            "month": "2014-04",
            "price": "11.50",
            "revenue": 55745
        },
        "2014-05": {
            "month": "2014-05",
            "price": "10.51",
            "revenue": 51951
        },
        "2014-06": {
            "month": "2014-06",
            "price": "11.44",
            "revenue": 62927
        },
        "2014-07": {
            "month": "2014-07",
            "price": "12.36",
            "revenue": 55466
        },
        "2014-08": {
            "month": "2014-08",
            "price": "10.65",
            "revenue": 62263
        },
        "2014-09": {
            "month": "2014-09",
            "price": "10.49",
            "revenue": 49295
        },
        "2014-10": {
            "month": "2014-10",
            "price": "9.38",
            "revenue": 58445
        },
        "2014-11": {
            "month": "2014-11",
            "price": "9.10",
            "revenue": 57639
        },
        "2014-12": {
            "month": "2014-12",
            "price": "9.06",
            "revenue": 58460
        },
        "2015-01": {
            "month": "2015-01",
            "price": "9.33",
            "revenue": 71265
        },
        "2015-02": {
            "month": "2015-02",
            "price": "12.22",
            "revenue": 53705
        },
        "2015-03": {
            "month": "2015-03",
            "price": "12.06",
            "revenue": 53139
        },
        "2015-04": {
            "month": "2015-04",
            "price": "11.13",
            "revenue": 68141
        },
        "2015-05": {
            "month": "2015-05",
            "price": "11.10",
            "revenue": 49618
        },
        "2015-06": {
            "month": "2015-06",
            "price": "9.11",
            "revenue": 44353
        },
        "2015-07": {
            "month": "2015-07",
            "price": "7.90",
            "revenue": 65245
        },
        "2015-08": {
            "month": "2015-08",
            "price": "7.15",
            "revenue": 48087
        },
        "2015-09": {
            "month": "2015-09",
            "price": "7.14",
            "revenue": 58561
        },
        "2015-10": {
            "month": "2015-10",
            "price": "7.71",
            "revenue": 71556
        },
        "2015-11": {
            "month": "2015-11",
            "price": "7.63",
            "revenue": 67890
        },
        "2015-12": {
            "month": "2015-12",
            "price": "7.50",
            "revenue": 83390
        },
        "2016-01": {
            "month": "2016-01",
            "price": "7.22",
            "revenue": 91299
        },
        "2016-02": {
            "month": "2016-02",
            "price": "8.10",
            "revenue": 54003
        },
        "2016-03": {
            "month": "2016-03",
            "price": "8.47",
            "revenue": 72348
        },
        "2016-04": {
            "month": "2016-04",
            "price": "8.10",
            "revenue": 75993
        },
        "2016-05": {
            "month": "2016-05",
            "price": "7.26",
            "revenue": 64348
        },
        "2016-06": {
            "month": "2016-06",
            "price": "7.51",
            "revenue": 71866
        },
        "2016-07": {
            "month": "2016-07",
            "price": "7.80",
            "revenue": 82523
        },
        "2016-08": {
            "month": "2016-08",
            "price": "8.48",
            "revenue": 73834
        },
        "2016-09": {
            "month": "2016-09",
            "price": "8.22",
            "revenue": 63740
        },
        "2016-10": {
            "month": "2016-10",
            "price": "7.59",
            "revenue": 66766
        },
        "2016-11": {
            "month": "2016-11",
            "price": "7.08",
            "revenue": 74359
        },
        "2016-12": {
            "month": "2016-12",
            "price": "7.01",
            "revenue": 57271
        },
        "2017-01": {
            "month": "2017-01",
            "price": "6.99",
            "revenue": 59102
        },
        "2017-02": {
            "month": "2017-02",
            "price": "7.21",
            "revenue": 46949
        },
        "2017-03": {
            "month": "2017-03",
            "price": "7.05",
            "revenue": 81624
        },
        "2017-04": {
            "month": "2017-04",
            "price": "7.16",
            "revenue": 72732
        },
        "2017-05": {
            "month": "2017-05",
            "price": "7.40",
            "revenue": 68859
        },
        "2017-06": {
            "month": "2017-06",
            "price": "7.70",
            "revenue": 83236
        },
        "2017-07": {
            "month": "2017-07",
            "price": "7.85",
            "revenue": 74019
        },
        "2017-08": {
            "month": "2017-08",
            "price": "7.54",
            "revenue": 75199
        },
        "2017-09": {
            "month": "2017-09",
            "price": "7.42",
            "revenue": 69536
        },
        "2017-10": {
            "month": "2017-10",
            "price": "7.33",
            "revenue": 84405
        },
        "2017-11": {
            "month": "2017-11",
            "price": "7.59",
            "revenue": 85856
        },
        "2017-12": {
            "month": "2017-12",
            "price": "8.20",
            "revenue": 64057
        },
        "2018-01": {
            "month": "2018-01",
            "price": "9.40",
            "revenue": 88860
        },
        "2018-02": {
            "month": "2018-02",
            "price": "9.39",
            "revenue": 57821
        },
        "2018-03": {
            "month": "2018-03",
            "price": "11.67",
            "revenue": 65259
        },
        "2018-04": {
            "month": "2018-04",
            "price": "10.98",
            "revenue": 81611
        },
        "2018-05": {
            "month": "2018-05",
            "price": "10.23",
            "revenue": 88048
        },
        "2018-06": {
            "month": "2018-06",
            "price": "10.90",
            "revenue": 60600
        },
        "2018-07": {
            "month": "2018-07",
            "price": "10.62",
            "revenue": 60155
        },
        "2018-08": {
            "month": "2018-08",
            "price": "9.21",
            "revenue": 74638
        },
        "2018-09": {
            "month": "2018-09",
            "price": "8.27",
            "revenue": 68171
        },
        "2018-10": {
            "month": "2018-10",
            "price": "7.17",
            "revenue": 75192
        },
        "2018-11": {
            "month": "2018-11",
            "price": "6.98",
            "revenue": 75275
        },
        "2018-12": {
            "month": "2018-12",
            "price": "7.61",
            "revenue": 81906
        },
        "2019-01": {
            "month": "2019-01",
            "price": "7.36",
            "revenue": 66572
        },
        "2019-02": {
            "month": "2019-02",
            "price": "7.10",
            "revenue": 43828
        },
        "2019-03": {
            "month": "2019-03",
            "price": "6.82",
            "revenue": 68620
        },
        "2019-04": {
            "month": "2019-04",
            "price": "6.60",
            "revenue": 72654
        },
        "2019-05": {
            "month": "2019-05",
            "price": "7.04",
            "revenue": 90799
        },
        "2019-06": {
            "month": "2019-06",
            "price": "7.26",
            "revenue": 95705
        },
        "2019-07": {
            "month": "2019-07",
            "price": "9.70",
            "revenue": 82706
        },
        "2019-08": {
            "month": "2019-08",
            "price": "11.37",
            "revenue": 86722
        },
        "2019-09": {
            "month": "2019-09",
            "price": "11.25",
            "revenue": 90025
        },
        "2019-10": {
            "month": "2019-10",
            "price": "13.94",
            "revenue": 96689
        },
        "2019-11": {
            "month": "2019-11",
            "price": "23.17",
            "revenue": 96229
        },
        "2019-12": {
            "month": "2019-12",
            "price": "25.15",
            "revenue": 92225
        },
        "2020-01": {
            "month": "2020-01",
            "price": "24.23",
            "revenue": 43401
        },
        "2020-02": {
            "month": "2020-02",
            "price": "20.18",
            "revenue": 74573
        },
        "2020-03": {
            "month": "2020-03",
            "price": "15.92",
            "revenue": 85093
        },
        "2020-04": {
            "month": "2020-04",
            "price": "17.00",
            "revenue": 79326
        },
        "2020-05": {
            "month": "2020-05",
            "price": "16.66",
            "revenue": 55339
        },
        "2020-06": {
            "month": "2020-06",
            "price": "16.12",
            "revenue": 43937
        },
        "2020-07": {
            "month": "2020-07",
            "price": "16.28",
            "revenue": 68319
        },
        "2020-08": {
            "month": "2020-08",
            "price": "14.78",
            "revenue": 80133
        },
        "2020-09": {
            "month": "2020-09",
            "price": "15.01",
            "revenue": 95282
        },
        "2020-10": {
            "month": "2020-10",
            "price": "16.39",
            "revenue": 74188
        },
        "2020-11": {
            "month": "2020-11",
            "price": "16.25",
            "revenue": 71273
        },
        "2020-12": {
            "month": "2020-12",
            "price": "18.72",
            "revenue": 61435
        },
        "2021-01": {
            "month": "2021-01",
            "price": "22.28",
            "revenue": 62337
        },
        "2021-02": {
            "month": "2021-02",
            "price": "23.01",
            "revenue": 50652
        },
        "2021-03": {
            "month": "2021-03",
            "price": "44.20",
            "revenue": 73323
        },
        "2021-04": {
            "month": "2021-04",
            "price": "57.49",
            "revenue": 89076
        },
        "2021-05": {
            "month": "2021-05",
            "price": "42.97",
            "revenue": 91516
        },
        "2021-06": {
            "month": "2021-06",
            "price": "58.97",
            "revenue": 93314
        },
        "2021-07": {
            "month": "2021-07",
            "price": "71.68",
            "revenue": 95983
        },
        "2021-08": {
            "month": "2021-08",
            "price": "62.32",
            "revenue": 107465
        },
        "2021-09": {
            "month": "2021-09",
            "price": "61.68",
            "revenue": 111828
        },
        "2021-10": {
            "month": "2021-10",
            "price": "58.48",
            "revenue": 116034
        },
        "2021-11": {
            "month": "2021-11",
            "price": "72.38",
            "revenue": 113719
        },
        "2021-12": {
            "month": "2021-12",
            "price": "74.63",
            "revenue": 101661
        },
        "2022-01": {
            "month": "2022-01",
            "price": "66.16",
            "revenue": 103534
        },
        "2022-02": {
            "month": "2022-02",
            "price": "62.81",
            "revenue": 100658
        },
        "2022-03": {
            "month": "2022-03",
            "price": "62.37",
            "revenue": 79666
        },
        "2022-04": {
            "month": "2022-04",
            "price": "55.40",
            "revenue": 84091
        },
        "2022-05": {
            "month": "2022-05",
            "price": "49.62",
            "revenue": 91254
        },
        "2022-06": {
            "month": "2022-06",
            "price": "46.16",
            "revenue": 96891
        },
        "2022-07": {
            "month": "2022-07",
            "price": "40.52",
            "revenue": 110947
        },
        "2022-08": {
            "month": "2022-08",
            "price": "46.59",
            "revenue": 132588
        },
        "2022-09": {
            "month": "2022-09",
            "price": "51.74",
            "revenue": 156218
        },
        "2022-10": {
            "month": "2022-10",
            "price": "56.47",
            "revenue": 142999
        },
        "2022-11": {
            "month": "2022-11",
            "price": "57.53",
            "revenue": 117214
        },
        "2022-12": {
            "month": "2022-12",
            "price": "54.85",
            "revenue": 86513
        },
        "2023-01": {
            "month": "2023-01",
            "price": "52.88",
            "revenue": 82247
        },
        "2023-02": {
            "month": "2023-02",
            "price": "53.09",
            "revenue": 67625
        },
        "2023-03": {
            "month": "2023-03",
            "price": "50.99",
            "revenue": 58045
        },
        "2023-04": {
            "month": "2023-04",
            "price": "49.30",
            "revenue": 50826
        },
        "2023-05": {
            "month": "2023-05",
            "price": "45.25",
            "revenue": 52250
        },
        "2023-06": {
            "month": "2023-06",
            "price": "48.12",
            "revenue": 53298
        },
        "2023-07": {
            "month": "2023-07",
            "price": "44.77",
            "revenue": 54206
        },
        "2023-08": {
            "month": "2023-08",
            "price": "42.08",
            "revenue": 54609
        },
        "2023-09": {
            "month": "2023-09",
            "price": "42.92",
            "revenue": 60385
        },
        "2023-10": {
            "month": "2023-10",
            "price": "45.02",
            "revenue": 59255
        },
        "2023-11": {
            "month": "2023-11",
            "price": "47.41",
            "revenue": 62380
        },
        "2023-12": {
            "month": "2023-12",
            "price": "47.98",
            "revenue": 62844
        }
    }
}
