{
    "summary": {
        "stock_name": "金山電",
        "stock_id": "8042",
        "category": "電子零組件",
        "main_business": "各種電子器材電容器之製造加工買賣及進出口業務<br>承包設計各種無線電工程業務<br>除許可業務外得經營法令非禁止或限制之業務",
        "website_url": "http://www.chinsan.com",
        "ceo": "江慶信",
        "pe_ratio": 100,
        "report_year_from": 2001,
        "report_year_to": 2023,
        "age": 22,
        "eps_negative_percentage": 0,
        "eps_growth_avg": {
            "last_all": 8.94,
            "last_2y": 54.93,
            "last_4y": -1.33,
            "last_8y": -2.48,
            "last_12y": -1.99,
            "last_16y": 8.98,
            "last_20y": null,
            "at_2006_last_3y": null,
            "at_2007_last_3y": 5.49,
            "at_2008_last_3y": 19.38,
            "at_2009_last_3y": 44.63,
            "at_2010_last_3y": 29.7,
            "at_2011_last_3y": 37.96,
            "at_2012_last_3y": 24.44,
            "at_2013_last_3y": -0.89,
            "at_2014_last_3y": -3.7,
            "at_2015_last_3y": -1.6,
            "at_2016_last_3y": 1.62,
            "at_2017_last_3y": -3.91,
            "at_2018_last_3y": -19.88,
            "at_2019_last_3y": -40.59,
            "at_2020_last_3y": -23.72,
            "at_2021_last_3y": 7.14,
            "at_2022_last_3y": 16.91,
            "at_2023_last_3y": 16.91,
            "at_2006_last_all": 25.93,
            "at_2007_last_all": 5.49,
            "at_2008_last_all": 19.14,
            "at_2009_last_all": 32.62,
            "at_2010_last_all": 28.08,
            "at_2011_last_all": 21.73,
            "at_2012_last_all": 21.49,
            "at_2013_last_all": 19.21,
            "at_2014_last_all": 16.52,
            "at_2015_last_all": 13.95,
            "at_2016_last_all": 15.38,
            "at_2017_last_all": 12.61,
            "at_2018_last_all": 6.81,
            "at_2019_last_all": 0.32,
            "at_2020_last_all": 6.18,
            "at_2021_last_all": 11.39,
            "at_2022_last_all": 8.94,
            "at_2023_last_all": 8.94
        },
        "latest_eps": 0.32,
        "latest_price": 39,
        "latest_roe": 1,
        "latest_gross_margin": 17.91,
        "latest_equity": 4044699,
        "latest_revenue": 658112,
        "latest_gross_profit": 117852,
        "latest_net_income": 7073,
        "latest_debt_ratio": 50.32,
        "latest_current_ratio": 182.24,
        "latest_account_receivable_turnover_ratio": 0.55,
        "latest_inventory_turnover_ratio": 0.47,
        "latest_reinvestment_rate": -32.67,
        "latest_research_to_sale_ratio": 2.99
    },
    "eps_dividends": {
        "2001": {
            "cash": 0,
            "stock": 0,
            "eps": 0
        },
        "2002": {
            "cash": 0,
            "stock": 1,
            "eps": 0
        },
        "2003": {
            "cash": 0.2,
            "stock": 1,
            "eps": 1.65
        },
        "2004": {
            "cash": 0.2,
            "stock": 1,
            "eps": 1.95
        },
        "2005": {
            "cash": 0.3,
            "stock": 0.99,
            "eps": 1.93
        },
        "2006": {
            "cash": 0.29,
            "stock": 0.96,
            "eps": 3.1
        },
        "2007": {
            "cash": 1.2,
            "stock": 0.3,
            "eps": 1.37
        },
        "2008": {
            "cash": 1,
            "stock": 0,
            "eps": 2.38
        },
        "2009": {
            "cash": 1.6,
            "stock": 0,
            "eps": 5.75
        },
        "2010": {
            "cash": 3,
            "stock": 0,
            "eps": 5.8
        },
        "2011": {
            "cash": 4,
            "stock": 0,
            "eps": 4.48
        },
        "2012": {
            "cash": 2.5,
            "stock": 0,
            "eps": 5.36
        },
        "2013": {
            "cash": 3.5,
            "stock": 0,
            "eps": 5.29
        },
        "2014": {
            "cash": 3.5,
            "stock": 0,
            "eps": 4.74
        },
        "2015": {
            "cash": 3,
            "stock": 0,
            "eps": 4.06
        },
        "2016": {
            "cash": 3,
            "stock": 0,
            "eps": 5.38
        },
        "2017": {
            "cash": 3.5,
            "stock": 0,
            "eps": 4.12
        },
        "2018": {
            "cash": 3,
            "stock": 0,
            "eps": 1.06
        },
        "2019": {
            "cash": 2,
            "stock": 0,
            "eps": 0.03
        },
        "2020": {
            "cash": 0,
            "stock": 0.3,
            "eps": 0.09
        },
        "2021": {
            "cash": 0.7,
            "stock": 0.3,
            "eps": 1.25
        },
        "2022": {
            "cash": 1,
            "stock": 0,
            "eps": 0.81
        },
        "2023": {
            "cash": 1.5,
            "stock": 0,
            "eps": 0.06
        }
    },
    "dividends": {
        "2002-06-15": {
            "cash": 0,
            "stock": 1
        },
        "2003-06-20": {
            "cash": 0.2,
            "stock": 1
        },
        "2004-03-22": {
            "cash": 0.2,
            "stock": 1
        },
        "2005-03-25": {
            "cash": 0.3,
            "stock": 0.99
        },
        "2006-03-24": {
            "cash": 0.29,
            "stock": 0.96
        },
        "2007-03-28": {
            "cash": 1.2,
            "stock": 0.3
        },
        "2008-03-25": {
            "cash": 1,
            "stock": 0
        },
        "2009-03-27": {
            "cash": 1.6,
            "stock": 0
        },
        "2010-06-15": {
            "cash": 3,
            "stock": 0
        },
        "2011-03-30": {
            "cash": 4,
            "stock": 0
        },
        "2012-06-18": {
            "cash": 2.5,
            "stock": 0
        },
        "2013-06-21": {
            "cash": 3.5,
            "stock": 0
        },
        "2014-08-15": {
            "cash": 3.5,
            "stock": 0
        },
        "2015-08-11": {
            "cash": 3,
            "stock": 0
        },
        "2016-08-11": {
            "cash": 3,
            "stock": 0
        },
        "2017-08-10": {
            "cash": 3.5,
            "stock": 0
        },
        "2018-08-10": {
            "cash": 3,
            "stock": 0
        },
        "2019-08-13": {
            "cash": 2,
            "stock": 0
        },
        "2020-04-24": {
            "cash": 0,
            "stock": 0.3
        },
        "2021-09-01": {
            "cash": 0.7,
            "stock": 0.3
        },
        "2022-08-02": {
            "cash": 1,
            "stock": 0
        },
        "2023-04-18": {
            "cash": 1.5,
            "stock": 0
        }
    },
    "prices": {
        "200101": "無",
        "200102": "無",
        "200103": "無",
        "200104": "無",
        "200105": "無",
        "200106": "無",
        "200107": "無",
        "200108": "無",
        "200109": "無",
        "200110": "無",
        "200111": "無",
        "200112": "無",
        "200201": "無",
        "200202": "無",
        "200203": "無",
        "200204": "無",
        "200205": "無",
        "200206": "無",
        "200207": "無",
        "200208": "無",
        "200209": "無",
        "200210": "無",
        "200211": "無",
        "200212": "無",
        "200301": "無",
        "200302": "無",
        "200303": "無",
        "200304": "無",
        "200305": "無",
        "200306": "無",
        "200307": "無",
        "200308": "無",
        "200309": "無",
        "200310": "無",
        "200311": "無",
        "200312": "20.30",
        "200401": "21.50",
        "200402": "24.17",
        "200403": "26.11",
        "200404": "27.69",
        "200405": "25.98",
        "200406": "25.39",
        "200407": "24.09",
        "200408": "23.40",
        "200409": "23.05",
        "200410": "22.86",
        "200411": "23.68",
        "200412": "23.76",
        "200501": "21.30",
        "200502": "21.37",
        "200503": "20.32",
        "200504": "19.82",
        "200505": "21.20",
        "200506": "20.49",
        "200507": "19.95",
        "200508": "19.49",
        "200509": "15.34",
        "200510": "14.52",
        "200511": "14.09",
        "200512": "14.27",
        "200601": "17.28",
        "200602": "16.55",
        "200603": "15.80",
        "200604": "19.11",
        "200605": "27.34",
        "200606": "25.77",
        "200607": "26.65",
        "200608": "33.27",
        "200609": "37.15",
        "200610": "35.24",
        "200611": "31.74",
        "200612": "35.09",
        "200701": "40.16",
        "200702": "35.94",
        "200703": "37.80",
        "200704": "35.94",
        "200705": "30.58",
        "200706": "32.86",
        "200707": "33.74",
        "200708": "29.48",
        "200709": "27.87",
        "200710": "24.25",
        "200711": "21.82",
        "200712": "19.72",
        "200801": "16.14",
        "200802": "15.27",
        "200803": "17.29",
        "200804": "19.06",
        "200805": "21.80",
        "200806": "23.72",
        "200807": "19.11",
        "200808": "19.25",
        "200809": "18.33",
        "200810": "14.21",
        "200811": "12.91",
        "200812": "11.47",
        "200901": "10.70",
        "200902": "11.09",
        "200903": "13.38",
        "200904": "20.95",
        "200905": "29.12",
        "200906": "28.86",
        "200907": "35.06",
        "200908": "48.24",
        "200909": "54.75",
        "200910": "51.82",
        "200911": "49.55",
        "200912": "55.19",
        "201001": "51.28",
        "201002": "46.26",
        "201003": "51.49",
        "201004": "57.60",
        "201005": "57.83",
        "201006": "53.37",
        "201007": "52.21",
        "201008": "50.42",
        "201009": "51.18",
        "201010": "49.67",
        "201011": "48.11",
        "201012": "50.58",
        "201101": "52.84",
        "201102": "52.21",
        "201103": "51.25",
        "201104": "52.26",
        "201105": "50.80",
        "201106": "53.76",
        "201107": "51.39",
        "201108": "36.63",
        "201109": "35.20",
        "201110": "32.26",
        "201111": "31.63",
        "201112": "27.67",
        "201201": "29.85",
        "201202": "36.78",
        "201203": "39.50",
        "201204": "39.11",
        "201205": "36.99",
        "201206": "33.21",
        "201207": "32.07",
        "201208": "33.60",
        "201209": "36.99",
        "201210": "36.49",
        "201211": "36.84",
        "201212": "36.93",
        "201301": "39.66",
        "201302": "41.65",
        "201303": "42.79",
        "201304": "42.62",
        "201305": "43.36",
        "201306": "42.53",
        "201307": "41.93",
        "201308": "42.88",
        "201309": "48.88",
        "201310": "48.56",
        "201311": "46.41",
        "201312": "48.99",
        "201401": "53.28",
        "201402": "57.16",
        "201403": "62.20",
        "201404": "60.48",
        "201405": "56.30",
        "201406": "55.58",
        "201407": "53.57",
        "201408": "55.06",
        "201409": "53.07",
        "201410": "49.87",
        "201411": "47.21",
        "201412": "47.21",
        "201501": "47.46",
        "201502": "49.37",
        "201503": "51.87",
        "201504": "48.19",
        "201505": "45.59",
        "201506": "43.97",
        "201507": "40.41",
        "201508": "36.05",
        "201509": "36.93",
        "201510": "38.39",
        "201511": "35.90",
        "201512": "36.07",
        "201601": "39.86",
        "201602": "40.32",
        "201603": "42.67",
        "201604": "42.84",
        "201605": "42.11",
        "201606": "44.35",
        "201607": "46.30",
        "201608": "49.06",
        "201609": "51.53",
        "201610": "52.89",
        "201611": "57.12",
        "201612": "61.33",
        "201701": "58.53",
        "201702": "58.48",
        "201703": "57.02",
        "201704": "55.08",
        "201705": "56.33",
        "201706": "57.97",
        "201707": "54.91",
        "201708": "52.98",
        "201709": "54.95",
        "201710": "55.98",
        "201711": "56.65",
        "201712": "62.23",
        "201801": "70.36",
        "201802": "68.51",
        "201803": "68.41",
        "201804": "63.18",
        "201805": "62.70",
        "201806": "66.99",
        "201807": "63.47",
        "201808": "52.87",
        "201809": "45.51",
        "201810": "38.13",
        "201811": "36.22",
        "201812": "37.43",
        "201901": "36.10",
        "201902": "38.07",
        "201903": "37.48",
        "201904": "38.04",
        "201905": "36.31",
        "201906": "34.83",
        "201907": "35.80",
        "201908": "34.14",
        "201909": "34.49",
        "201910": "34.77",
        "201911": "34.36",
        "201912": "35.79",
        "202001": "34.92",
        "202002": "33.71",
        "202003": "29.99",
        "202004": "30.89",
        "202005": "34.04",
        "202006": "35.28",
        "202007": "35.69",
        "202008": "35.58",
        "202009": "35.17",
        "202010": "34.95",
        "202011": "39.76",
        "202012": "43.22",
        "202101": "43.68",
        "202102": "43.52",
        "202103": "45.78",
        "202104": "55.59",
        "202105": "45.56",
        "202106": "48.63",
        "202107": "50.08",
        "202108": "47.38",
        "202109": "48.08",
        "202110": "46.46",
        "202111": "46.51",
        "202112": "47.20",
        "202201": "45.90",
        "202202": "44.16",
        "202203": "42.24",
        "202204": "41.23",
        "202205": "39.19",
        "202206": "39.11",
        "202207": "35.65",
        "202208": "36.50",
        "202209": "37.35",
        "202210": "35.76",
        "202211": "34.90",
        "202212": "35.74",
        "202301": "34.92",
        "202302": "35.59",
        "202303": "37.06",
        "202304": "37.10",
        "202305": "39.18"
    },
    "quarters": {
        "20011": {
            "year_quarter": 20011,
            "year": 2001,
            "quarter": 1,
            "eps": null,
            "eps_growth_year": null,
            "eps_4q": null,
            "eps_4q_growth_year": null,
            "roe": null,
            "roe_4q": 0,
            "gross_profit": null,
            "gross_margin": null,
            "gross_margin_4q_avg": 0,
            "net_income": null,
            "revenue": null,
            "common_shares": null,
            "book_valuer_per_share": null,
            "book_valuer_per_share_4q_avg": 0,
            "equity": null,
            "current_ratio": null,
            "debt_ratio": null,
            "inventory_turnover_ratio": null,
            "account_receivable_turnover_ratio": null,
            "reinvestment_rate": null,
            "research_to_sale_ratio": null,
            "price_fair": 0,
            "eps_avg_yearly": 0,
            "eps_latest_yearly": 0,
            "eps_growth_yearly": 0
        },
        "20012": {
            "year_quarter": 20012,
            "year": 2001,
            "quarter": 2,
            "eps": null,
            "eps_growth_year": null,
            "eps_4q": null,
            "eps_4q_growth_year": null,
            "roe": null,
            "roe_4q": 0,
            "gross_profit": null,
            "gross_margin": null,
            "gross_margin_4q_avg": 0,
            "net_income": null,
            "revenue": null,
            "common_shares": null,
            "book_valuer_per_share": null,
            "book_valuer_per_share_4q_avg": 0,
            "equity": null,
            "current_ratio": null,
            "debt_ratio": null,
            "inventory_turnover_ratio": null,
            "account_receivable_turnover_ratio": null,
            "reinvestment_rate": null,
            "research_to_sale_ratio": null,
            "price_fair": 0,
            "eps_avg_yearly": 0,
            "eps_latest_yearly": 0,
            "eps_growth_yearly": 0
        },
        "20013": {
            "year_quarter": 20013,
            "year": 2001,
            "quarter": 3,
            "eps": null,
            "eps_growth_year": null,
            "eps_4q": null,
            "eps_4q_growth_year": null,
            "roe": null,
            "roe_4q": 0,
            "gross_profit": null,
            "gross_margin": null,
            "gross_margin_4q_avg": 0,
            "net_income": null,
            "revenue": null,
            "common_shares": null,
            "book_valuer_per_share": null,
            "book_valuer_per_share_4q_avg": 0,
            "equity": null,
            "current_ratio": null,
            "debt_ratio": null,
            "inventory_turnover_ratio": null,
            "account_receivable_turnover_ratio": null,
            "reinvestment_rate": null,
            "research_to_sale_ratio": null,
            "price_fair": 0,
            "eps_avg_yearly": 0,
            "eps_latest_yearly": 0,
            "eps_growth_yearly": 0
        },
        "20014": {
            "year_quarter": 20014,
            "year": 2001,
            "quarter": 4,
            "eps": null,
            "eps_growth_year": null,
            "eps_4q": null,
            "eps_4q_growth_year": null,
            "roe": null,
            "roe_4q": 0,
            "gross_profit": null,
            "gross_margin": null,
            "gross_margin_4q_avg": 0,
            "net_income": null,
            "revenue": null,
            "common_shares": 300000,
            "book_valuer_per_share": 13.7,
            "book_valuer_per_share_4q_avg": 3.43,
            "equity": 580161,
            "current_ratio": 147.43,
            "debt_ratio": 52.43,
            "inventory_turnover_ratio": null,
            "account_receivable_turnover_ratio": null,
            "reinvestment_rate": null,
            "research_to_sale_ratio": null,
            "price_fair": 0,
            "eps_avg_yearly": 0,
            "eps_latest_yearly": 0,
            "eps_growth_yearly": 0
        },
        "20021": {
            "year_quarter": 20021,
            "year": 2002,
            "quarter": 1,
            "eps": null,
            "eps_growth_year": null,
            "eps_4q": null,
            "eps_4q_growth_year": null,
            "roe": null,
            "roe_4q": 0,
            "gross_profit": null,
            "gross_margin": null,
            "gross_margin_4q_avg": 0,
            "net_income": null,
            "revenue": null,
            "common_shares": null,
            "book_valuer_per_share": null,
            "book_valuer_per_share_4q_avg": 3.43,
            "equity": null,
            "current_ratio": null,
            "debt_ratio": null,
            "inventory_turnover_ratio": null,
            "account_receivable_turnover_ratio": null,
            "reinvestment_rate": null,
            "research_to_sale_ratio": null,
            "price_fair": 0,
            "eps_avg_yearly": 0,
            "eps_latest_yearly": 0,
            "eps_growth_yearly": 0
        },
        "20022": {
            "year_quarter": 20022,
            "year": 2002,
            "quarter": 2,
            "eps": null,
            "eps_growth_year": null,
            "eps_4q": null,
            "eps_4q_growth_year": null,
            "roe": null,
            "roe_4q": 0,
            "gross_profit": null,
            "gross_margin": null,
            "gross_margin_4q_avg": 0,
            "net_income": null,
            "revenue": null,
            "common_shares": null,
            "book_valuer_per_share": null,
            "book_valuer_per_share_4q_avg": 3.43,
            "equity": null,
            "current_ratio": null,
            "debt_ratio": null,
            "inventory_turnover_ratio": null,
            "account_receivable_turnover_ratio": null,
            "reinvestment_rate": null,
            "research_to_sale_ratio": null,
            "price_fair": 0,
            "eps_avg_yearly": 0,
            "eps_latest_yearly": 0,
            "eps_growth_yearly": 0
        },
        "20023": {
            "year_quarter": 20023,
            "year": 2002,
            "quarter": 3,
            "eps": null,
            "eps_growth_year": null,
            "eps_4q": null,
            "eps_4q_growth_year": null,
            "roe": null,
            "roe_4q": 0,
            "gross_profit": null,
            "gross_margin": null,
            "gross_margin_4q_avg": 0,
            "net_income": null,
            "revenue": null,
            "common_shares": null,
            "book_valuer_per_share": null,
            "book_valuer_per_share_4q_avg": 3.43,
            "equity": null,
            "current_ratio": null,
            "debt_ratio": null,
            "inventory_turnover_ratio": null,
            "account_receivable_turnover_ratio": null,
            "reinvestment_rate": null,
            "research_to_sale_ratio": null,
            "price_fair": 0,
            "eps_avg_yearly": 0,
            "eps_latest_yearly": 0,
            "eps_growth_yearly": 0
        },
        "20024": {
            "year_quarter": 20024,
            "year": 2002,
            "quarter": 4,
            "eps": null,
            "eps_growth_year": null,
            "eps_4q": null,
            "eps_4q_growth_year": null,
            "roe": null,
            "roe_4q": 0,
            "gross_profit": null,
            "gross_margin": null,
            "gross_margin_4q_avg": 0,
            "net_income": null,
            "revenue": null,
            "common_shares": 400213,
            "book_valuer_per_share": 13.59,
            "book_valuer_per_share_4q_avg": 3.4,
            "equity": 700075,
            "current_ratio": 165.83,
            "debt_ratio": 45.48,
            "inventory_turnover_ratio": null,
            "account_receivable_turnover_ratio": null,
            "reinvestment_rate": null,
            "research_to_sale_ratio": null,
            "price_fair": 0,
            "eps_avg_yearly": 0,
            "eps_latest_yearly": 0,
            "eps_growth_yearly": 0
        },
        "20031": {
            "year_quarter": 20031,
            "year": 2003,
            "quarter": 1,
            "eps": 0.37,
            "eps_growth_year": null,
            "eps_4q": null,
            "eps_4q_growth_year": null,
            "roe": 2.36,
            "roe_4q": 2.36,
            "gross_profit": 9039,
            "gross_margin": 6.62,
            "gross_margin_4q_avg": 1.66,
            "net_income": 14763,
            "revenue": 136491,
            "common_shares": 400213,
            "book_valuer_per_share": 13.72,
            "book_valuer_per_share_4q_avg": 6.83,
            "equity": 549284,
            "current_ratio": 140.99,
            "debt_ratio": 37.81,
            "inventory_turnover_ratio": 0.72,
            "account_receivable_turnover_ratio": null,
            "reinvestment_rate": null,
            "research_to_sale_ratio": null,
            "price_fair": 0,
            "eps_avg_yearly": 0,
            "eps_latest_yearly": 0,
            "eps_growth_yearly": 0
        },
        "20032": {
            "year_quarter": 20032,
            "year": 2003,
            "quarter": 2,
            "eps": 0.2,
            "eps_growth_year": null,
            "eps_4q": null,
            "eps_4q_growth_year": null,
            "roe": 1.47,
            "roe_4q": 3.83,
            "gross_profit": 7965,
            "gross_margin": 8.83,
            "gross_margin_4q_avg": 3.86,
            "net_income": 8146,
            "revenue": 90222,
            "common_shares": 400213,
            "book_valuer_per_share": 13.96,
            "book_valuer_per_share_4q_avg": 10.32,
            "equity": 558757,
            "current_ratio": 128.34,
            "debt_ratio": 31.61,
            "inventory_turnover_ratio": 3.82,
            "account_receivable_turnover_ratio": null,
            "reinvestment_rate": null,
            "research_to_sale_ratio": null,
            "price_fair": 2.4,
            "eps_avg_yearly": 0.8,
            "eps_latest_yearly": 0.8,
            "eps_growth_yearly": -183.78
        },
        "20033": {
            "year_quarter": 20033,
            "year": 2003,
            "quarter": 3,
            "eps": 0.36,
            "eps_growth_year": null,
            "eps_4q": null,
            "eps_4q_growth_year": null,
            "roe": 2.88,
            "roe_4q": 6.709999999999999,
            "gross_profit": 11065,
            "gross_margin": 7.5,
            "gross_margin_4q_avg": 5.74,
            "net_income": 16088,
            "revenue": 147589,
            "common_shares": 442789,
            "book_valuer_per_share": 12.6,
            "book_valuer_per_share_4q_avg": 13.47,
            "equity": 557705,
            "current_ratio": 136.53,
            "debt_ratio": 29.17,
            "inventory_turnover_ratio": 7.49,
            "account_receivable_turnover_ratio": null,
            "reinvestment_rate": null,
            "research_to_sale_ratio": null,
            "price_fair": 39.2,
            "eps_avg_yearly": 1.12,
            "eps_latest_yearly": 1.44,
            "eps_growth_yearly": 68.11
        },
        "20034": {
            "year_quarter": 20034,
            "year": 2003,
            "quarter": 4,
            "eps": 0.72,
            "eps_growth_year": null,
            "eps_4q": 1.59,
            "eps_4q_growth_year": null,
            "roe": 5.15,
            "roe_4q": 11.860000000000001,
            "gross_profit": 19922,
            "gross_margin": 8.07,
            "gross_margin_4q_avg": 7.76,
            "net_income": 32098,
            "revenue": 246853,
            "common_shares": 442789,
            "book_valuer_per_share": 13.69,
            "book_valuer_per_share_4q_avg": 13.49,
            "equity": 688600,
            "current_ratio": 151.73,
            "debt_ratio": 48.27,
            "inventory_turnover_ratio": 1.06,
            "account_receivable_turnover_ratio": null,
            "reinvestment_rate": null,
            "research_to_sale_ratio": null,
            "price_fair": 59.73,
            "eps_avg_yearly": 1.71,
            "eps_latest_yearly": 2.88,
            "eps_growth_yearly": 178.74
        },
        "20041": {
            "year_quarter": 20041,
            "year": 2004,
            "quarter": 1,
            "eps": 0.62,
            "eps_growth_year": 67.57,
            "eps_4q": 1.89,
            "eps_4q_growth_year": null,
            "roe": 4.23,
            "roe_4q": 13.730000000000002,
            "gross_profit": 21366,
            "gross_margin": 8.31,
            "gross_margin_4q_avg": 8.18,
            "net_income": 27518,
            "revenue": 257002,
            "common_shares": 442789,
            "book_valuer_per_share": 13.8,
            "book_valuer_per_share_4q_avg": 13.51,
            "equity": 611145,
            "current_ratio": 118.39,
            "debt_ratio": 42.14,
            "inventory_turnover_ratio": 1.08,
            "account_receivable_turnover_ratio": null,
            "reinvestment_rate": null,
            "research_to_sale_ratio": null,
            "price_fair": 66.5,
            "eps_avg_yearly": 1.9,
            "eps_latest_yearly": 2.48,
            "eps_growth_yearly": 120.17
        },
        "20042": {
            "year_quarter": 20042,
            "year": 2004,
            "quarter": 2,
            "eps": 0.59,
            "eps_growth_year": 195,
            "eps_4q": 2.29,
            "eps_4q_growth_year": null,
            "roe": 4.18,
            "roe_4q": 16.44,
            "gross_profit": 20604,
            "gross_margin": 8.03,
            "gross_margin_4q_avg": 7.98,
            "net_income": 26205,
            "revenue": 256467,
            "common_shares": 442789,
            "book_valuer_per_share": 14.53,
            "book_valuer_per_share_4q_avg": 13.66,
            "equity": 643485,
            "current_ratio": 113.2,
            "debt_ratio": 44.04,
            "inventory_turnover_ratio": 8.59,
            "account_receivable_turnover_ratio": null,
            "reinvestment_rate": null,
            "research_to_sale_ratio": null,
            "price_fair": 69.72,
            "eps_avg_yearly": 1.99,
            "eps_latest_yearly": 2.36,
            "eps_growth_yearly": 92.26
        },
        "20043": {
            "year_quarter": 20043,
            "year": 2004,
            "quarter": 3,
            "eps": 0.54,
            "eps_growth_year": 50,
            "eps_4q": 2.29,
            "eps_4q_growth_year": null,
            "roe": 4.03,
            "roe_4q": 17.590000000000003,
            "gross_profit": 21988,
            "gross_margin": 7.24,
            "gross_margin_4q_avg": 7.91,
            "net_income": 26416,
            "revenue": 303699,
            "common_shares": 491686,
            "book_valuer_per_share": 13.57,
            "book_valuer_per_share_4q_avg": 13.9,
            "equity": 667340,
            "current_ratio": 174.33,
            "debt_ratio": 50.32,
            "inventory_turnover_ratio": 5.04,
            "account_receivable_turnover_ratio": null,
            "reinvestment_rate": null,
            "research_to_sale_ratio": null,
            "price_fair": 70.7,
            "eps_avg_yearly": 2.02,
            "eps_latest_yearly": 2.16,
            "eps_growth_yearly": 71.23
        },
        "20044": {
            "year_quarter": 20044,
            "year": 2004,
            "quarter": 4,
            "eps": 0.2,
            "eps_growth_year": -72.22,
            "eps_4q": 1.79,
            "eps_4q_growth_year": 12.28,
            "roe": 1.44,
            "roe_4q": 13.88,
            "gross_profit": 27211,
            "gross_margin": 8.06,
            "gross_margin_4q_avg": 7.91,
            "net_income": 10077,
            "revenue": 337801,
            "common_shares": 500978,
            "book_valuer_per_share": 12.92,
            "book_valuer_per_share_4q_avg": 13.71,
            "equity": 727381,
            "current_ratio": 171.84,
            "debt_ratio": 57.91,
            "inventory_turnover_ratio": 0.98,
            "account_receivable_turnover_ratio": null,
            "reinvestment_rate": null,
            "research_to_sale_ratio": null,
            "price_fair": 64.6,
            "eps_avg_yearly": 1.85,
            "eps_latest_yearly": 0.8,
            "eps_growth_yearly": 25.08
        },
        "20051": {
            "year_quarter": 20051,
            "year": 2005,
            "quarter": 1,
            "eps": 0.28,
            "eps_growth_year": -54.84,
            "eps_4q": 1.55,
            "eps_4q_growth_year": -18.11,
            "roe": 1.95,
            "roe_4q": 11.6,
            "gross_profit": 15163,
            "gross_margin": 6.44,
            "gross_margin_4q_avg": 7.44,
            "net_income": 13856,
            "revenue": 235601,
            "common_shares": 505601,
            "book_valuer_per_share": 13.78,
            "book_valuer_per_share_4q_avg": 13.7,
            "equity": 696585,
            "current_ratio": 145.18,
            "debt_ratio": 47.5,
            "inventory_turnover_ratio": 0.76,
            "account_receivable_turnover_ratio": null,
            "reinvestment_rate": null,
            "research_to_sale_ratio": null,
            "price_fair": 61.43,
            "eps_avg_yearly": 1.76,
            "eps_latest_yearly": 1.12,
            "eps_growth_yearly": 41.94
        },
        "20052": {
            "year_quarter": 20052,
            "year": 2005,
            "quarter": 2,
            "eps": 0.65,
            "eps_growth_year": 10.17,
            "eps_4q": 1.65,
            "eps_4q_growth_year": -28.21,
            "roe": 4.6,
            "roe_4q": 12.02,
            "gross_profit": 19302,
            "gross_margin": 8.55,
            "gross_margin_4q_avg": 7.57,
            "net_income": 32817,
            "revenue": 225802,
            "common_shares": 505601,
            "book_valuer_per_share": 14.42,
            "book_valuer_per_share_4q_avg": 13.67,
            "equity": 728987,
            "current_ratio": 145.76,
            "debt_ratio": 46.8,
            "inventory_turnover_ratio": 9.67,
            "account_receivable_turnover_ratio": null,
            "reinvestment_rate": null,
            "research_to_sale_ratio": null,
            "price_fair": 64.71,
            "eps_avg_yearly": 1.85,
            "eps_latest_yearly": 2.6,
            "eps_growth_yearly": 96.01
        },
        "20053": {
            "year_quarter": 20053,
            "year": 2005,
            "quarter": 3,
            "eps": 0.42,
            "eps_growth_year": -22.22,
            "eps_4q": 1.45,
            "eps_4q_growth_year": -36.84,
            "roe": 3.11,
            "roe_4q": 11.099999999999998,
            "gross_profit": 16078,
            "gross_margin": 6.03,
            "gross_margin_4q_avg": 7.27,
            "net_income": 23158,
            "revenue": 266567,
            "common_shares": 559163,
            "book_valuer_per_share": 13.6,
            "book_valuer_per_share_4q_avg": 13.68,
            "equity": 760407,
            "current_ratio": 133.89,
            "debt_ratio": 46.14,
            "inventory_turnover_ratio": 12.72,
            "account_receivable_turnover_ratio": null,
            "reinvestment_rate": null,
            "research_to_sale_ratio": null,
            "price_fair": 64.12,
            "eps_avg_yearly": 1.83,
            "eps_latest_yearly": 1.68,
            "eps_growth_yearly": 72.26
        },
        "20054": {
            "year_quarter": 20054,
            "year": 2005,
            "quarter": 4,
            "eps": 0.58,
            "eps_growth_year": 190,
            "eps_4q": 1.84,
            "eps_4q_growth_year": 2.82,
            "roe": 3.97,
            "roe_4q": 13.629999999999999,
            "gross_profit": 22035,
            "gross_margin": 7.4,
            "gross_margin_4q_avg": 7.11,
            "net_income": 32120,
            "revenue": 297796,
            "common_shares": 559163,
            "book_valuer_per_share": 14.64,
            "book_valuer_per_share_4q_avg": 14.11,
            "equity": 857372,
            "current_ratio": 185.46,
            "debt_ratio": 54.12,
            "inventory_turnover_ratio": 1.24,
            "account_receivable_turnover_ratio": null,
            "reinvestment_rate": null,
            "research_to_sale_ratio": null,
            "price_fair": 65.67,
            "eps_avg_yearly": 1.88,
            "eps_latest_yearly": 2.32,
            "eps_growth_yearly": 79.54
        },
        "20061": {
            "year_quarter": 20061,
            "year": 2006,
            "quarter": 1,
            "eps": 0.89,
            "eps_growth_year": 217.86,
            "eps_4q": 2.46,
            "eps_4q_growth_year": 59.11,
            "roe": 5.75,
            "roe_4q": 17.43,
            "gross_profit": 21130,
            "gross_margin": 8.4,
            "gross_margin_4q_avg": 7.6,
            "net_income": 49892,
            "revenue": 251643,
            "common_shares": 571533,
            "book_valuer_per_share": 15.34,
            "book_valuer_per_share_4q_avg": 14.5,
            "equity": 876813,
            "current_ratio": 131.23,
            "debt_ratio": 42.35,
            "inventory_turnover_ratio": 1.03,
            "account_receivable_turnover_ratio": null,
            "reinvestment_rate": null,
            "research_to_sale_ratio": null,
            "price_fair": 70.58,
            "eps_avg_yearly": 2.02,
            "eps_latest_yearly": 3.56,
            "eps_growth_yearly": 90.73
        },
        "20062": {
            "year_quarter": 20062,
            "year": 2006,
            "quarter": 2,
            "eps": 0.93,
            "eps_growth_year": 43.08,
            "eps_4q": 2.76,
            "eps_4q_growth_year": 67.77,
            "roe": 5.83,
            "roe_4q": 18.66,
            "gross_profit": 24545,
            "gross_margin": 7.36,
            "gross_margin_4q_avg": 7.3,
            "net_income": 53344,
            "revenue": 333343,
            "common_shares": 588264,
            "book_valuer_per_share": 16.2,
            "book_valuer_per_share_4q_avg": 14.95,
            "equity": 952761,
            "current_ratio": 113.2,
            "debt_ratio": 42.98,
            "inventory_turnover_ratio": 20.41,
            "account_receivable_turnover_ratio": null,
            "reinvestment_rate": null,
            "research_to_sale_ratio": null,
            "price_fair": 75.17,
            "eps_avg_yearly": 2.15,
            "eps_latest_yearly": 3.72,
            "eps_growth_yearly": 85.13
        },
        "20063": {
            "year_quarter": 20063,
            "year": 2006,
            "quarter": 3,
            "eps": 0.91,
            "eps_growth_year": 116.67,
            "eps_4q": 3.03,
            "eps_4q_growth_year": 109.17,
            "roe": 5.85,
            "roe_4q": 21.4,
            "gross_profit": 17657,
            "gross_margin": 7.88,
            "gross_margin_4q_avg": 7.76,
            "net_income": 58063,
            "revenue": 223973,
            "common_shares": 656099,
            "book_valuer_per_share": 15.72,
            "book_valuer_per_share_4q_avg": 15.48,
            "equity": 1031415,
            "current_ratio": 114.64,
            "debt_ratio": 41.33,
            "inventory_turnover_ratio": 12.1,
            "account_receivable_turnover_ratio": null,
            "reinvestment_rate": null,
            "research_to_sale_ratio": null,
            "price_fair": 78.9,
            "eps_avg_yearly": 2.25,
            "eps_latest_yearly": 3.64,
            "eps_growth_yearly": 78.44
        },
        "20064": {
            "year_quarter": 20064,
            "year": 2006,
            "quarter": 4,
            "eps": 0.37,
            "eps_growth_year": -36.21,
            "eps_4q": 2.88,
            "eps_4q_growth_year": 56.71,
            "roe": 2.2,
            "roe_4q": 19.630000000000003,
            "gross_profit": 13840,
            "gross_margin": 6.57,
            "gross_margin_4q_avg": 7.55,
            "net_income": 23731,
            "revenue": 210751,
            "common_shares": 665883,
            "book_valuer_per_share": 16.3,
            "book_valuer_per_share_4q_avg": 15.89,
            "equity": 1125663,
            "current_ratio": 188.95,
            "debt_ratio": 44.82,
            "inventory_turnover_ratio": 0.69,
            "account_receivable_turnover_ratio": null,
            "reinvestment_rate": 31.5,
            "research_to_sale_ratio": null,
            "price_fair": 77.09,
            "eps_avg_yearly": 2.2,
            "eps_latest_yearly": 1.48,
            "eps_growth_yearly": 57.39
        },
        "20071": {
            "year_quarter": 20071,
            "year": 2007,
            "quarter": 1,
            "eps": 0.15,
            "eps_growth_year": -83.15,
            "eps_4q": 2.02,
            "eps_4q_growth_year": -17.98,
            "roe": 0.87,
            "roe_4q": 14.75,
            "gross_profit": 18217,
            "gross_margin": 7.78,
            "gross_margin_4q_avg": 7.4,
            "net_income": 10846,
            "revenue": 234038,
            "common_shares": 751171,
            "book_valuer_per_share": 18.31,
            "book_valuer_per_share_4q_avg": 16.63,
            "equity": 1375753,
            "current_ratio": 139.83,
            "debt_ratio": 24.5,
            "inventory_turnover_ratio": 0.76,
            "account_receivable_turnover_ratio": null,
            "reinvestment_rate": 1.76,
            "research_to_sale_ratio": null,
            "price_fair": 73.59,
            "eps_avg_yearly": 2.1,
            "eps_latest_yearly": 0.6,
            "eps_growth_yearly": 38.93
        },
        "20072": {
            "year_quarter": 20072,
            "year": 2007,
            "quarter": 2,
            "eps": 0.43,
            "eps_growth_year": -53.76,
            "eps_4q": 1.68,
            "eps_4q_growth_year": -39.13,
            "roe": 2.35,
            "roe_4q": 11.27,
            "gross_profit": 22362,
            "gross_margin": 8.43,
            "gross_margin_4q_avg": 7.67,
            "net_income": 31816,
            "revenue": 265407,
            "common_shares": 751171,
            "book_valuer_per_share": 17.77,
            "book_valuer_per_share_4q_avg": 17.03,
            "equity": 1334554,
            "current_ratio": 113.44,
            "debt_ratio": 30.32,
            "inventory_turnover_ratio": 10.01,
            "account_receivable_turnover_ratio": null,
            "reinvestment_rate": 1.48,
            "research_to_sale_ratio": null,
            "price_fair": 75.6,
            "eps_avg_yearly": 2.16,
            "eps_latest_yearly": 1.72,
            "eps_growth_yearly": 97.09
        },
        "20073": {
            "year_quarter": 20073,
            "year": 2007,
            "quarter": 3,
            "eps": 0.66,
            "eps_growth_year": -27.47,
            "eps_4q": 1.56,
            "eps_4q_growth_year": -48.7,
            "roe": 3.6,
            "roe_4q": 9.02,
            "gross_profit": 16743,
            "gross_margin": 5.52,
            "gross_margin_4q_avg": 7.08,
            "net_income": 48947,
            "revenue": 303510,
            "common_shares": 751171,
            "book_valuer_per_share": 18.41,
            "book_valuer_per_share_4q_avg": 17.7,
            "equity": 1383281,
            "current_ratio": 177.79,
            "debt_ratio": 29.65,
            "inventory_turnover_ratio": 10.84,
            "account_receivable_turnover_ratio": null,
            "reinvestment_rate": 1.31,
            "research_to_sale_ratio": null,
            "price_fair": 78.23,
            "eps_avg_yearly": 2.24,
            "eps_latest_yearly": 2.64,
            "eps_growth_yearly": 90.46
        },
        "20074": {
            "year_quarter": 20074,
            "year": 2007,
            "quarter": 4,
            "eps": 0.13,
            "eps_growth_year": -64.86,
            "eps_4q": 1.29,
            "eps_4q_growth_year": -55.32,
            "roe": 0.73,
            "roe_4q": 7.55,
            "gross_profit": 17425,
            "gross_margin": 7.11,
            "gross_margin_4q_avg": 7.21,
            "net_income": 10275,
            "revenue": 245007,
            "common_shares": 779758,
            "book_valuer_per_share": 18.16,
            "book_valuer_per_share_4q_avg": 18.16,
            "equity": 1450149,
            "current_ratio": 233.37,
            "debt_ratio": 40.27,
            "inventory_turnover_ratio": 0.76,
            "account_receivable_turnover_ratio": null,
            "reinvestment_rate": 25.79,
            "research_to_sale_ratio": null,
            "price_fair": 73.06,
            "eps_avg_yearly": 2.09,
            "eps_latest_yearly": 0.52,
            "eps_growth_yearly": 45.38
        },
        "20081": {
            "year_quarter": 20081,
            "year": 2008,
            "quarter": 1,
            "eps": 0.6,
            "eps_growth_year": 300,
            "eps_4q": 1.69,
            "eps_4q_growth_year": -16.12,
            "roe": 3.43,
            "roe_4q": 10.11,
            "gross_profit": 131227,
            "gross_margin": 22.68,
            "gross_margin_4q_avg": 10.94,
            "net_income": 48787,
            "revenue": 578719,
            "common_shares": 779758,
            "book_valuer_per_share": 17.45,
            "book_valuer_per_share_4q_avg": 17.95,
            "equity": 1395318,
            "current_ratio": 252.59,
            "debt_ratio": 38.9,
            "inventory_turnover_ratio": 0.83,
            "account_receivable_turnover_ratio": null,
            "reinvestment_rate": 74.89,
            "research_to_sale_ratio": null,
            "price_fair": 72.89,
            "eps_avg_yearly": 2.08,
            "eps_latest_yearly": 2.4,
            "eps_growth_yearly": 139.24
        },
        "20082": {
            "year_quarter": 20082,
            "year": 2008,
            "quarter": 2,
            "eps": 0.97,
            "eps_growth_year": 125.58,
            "eps_4q": 2.26,
            "eps_4q_growth_year": 34.49,
            "roe": 5.61,
            "roe_4q": 13.370000000000001,
            "gross_profit": 143281,
            "gross_margin": 20.97,
            "gross_margin_4q_avg": 14.07,
            "net_income": 77250,
            "revenue": 683413,
            "common_shares": 779758,
            "book_valuer_per_share": 16.95,
            "book_valuer_per_share_4q_avg": 17.74,
            "equity": 1359033,
            "current_ratio": 208.18,
            "debt_ratio": 43.67,
            "inventory_turnover_ratio": 1.02,
            "account_receivable_turnover_ratio": null,
            "reinvestment_rate": 76.6,
            "research_to_sale_ratio": null,
            "price_fair": 76.21,
            "eps_avg_yearly": 2.18,
            "eps_latest_yearly": 3.88,
            "eps_growth_yearly": 155.87
        },
        "20083": {
            "year_quarter": 20083,
            "year": 2008,
            "quarter": 3,
            "eps": 0.52,
            "eps_growth_year": -21.21,
            "eps_4q": 2.24,
            "eps_4q_growth_year": 43.84,
            "roe": 2.79,
            "roe_4q": 12.56,
            "gross_profit": 166767,
            "gross_margin": 25.2,
            "gross_margin_4q_avg": 18.99,
            "net_income": 39716,
            "revenue": 661840,
            "common_shares": 779758,
            "book_valuer_per_share": 18.55,
            "book_valuer_per_share_4q_avg": 17.78,
            "equity": 1486180,
            "current_ratio": 198.62,
            "debt_ratio": 39.31,
            "inventory_turnover_ratio": 0.88,
            "account_receivable_turnover_ratio": null,
            "reinvestment_rate": 74.88,
            "research_to_sale_ratio": null,
            "price_fair": 76.04,
            "eps_avg_yearly": 2.17,
            "eps_latest_yearly": 2.08,
            "eps_growth_yearly": 146.39
        },
        "20084": {
            "year_quarter": 20084,
            "year": 2008,
            "quarter": 4,
            "eps": 0.29,
            "eps_growth_year": 123.08,
            "eps_4q": 2.29,
            "eps_4q_growth_year": 77.83,
            "roe": 1.54,
            "roe_4q": 13.370000000000001,
            "gross_profit": 56601,
            "gross_margin": 13.36,
            "gross_margin_4q_avg": 20.55,
            "net_income": 23101,
            "revenue": 423535,
            "common_shares": 779758,
            "book_valuer_per_share": 18.96,
            "book_valuer_per_share_4q_avg": 17.98,
            "equity": 1519655,
            "current_ratio": 201.82,
            "debt_ratio": 38.26,
            "inventory_turnover_ratio": 0.79,
            "account_receivable_turnover_ratio": 0.95,
            "reinvestment_rate": 22.27,
            "research_to_sale_ratio": null,
            "price_fair": 76.83,
            "eps_avg_yearly": 2.2,
            "eps_latest_yearly": 1.16,
            "eps_growth_yearly": 151.07
        },
        "20091": {
            "year_quarter": 20091,
            "year": 2009,
            "quarter": 1,
            "eps": 0.97,
            "eps_growth_year": 61.67,
            "eps_4q": 2.71,
            "eps_4q_growth_year": 59.81,
            "roe": 4.76,
            "roe_4q": 14.7,
            "gross_profit": 114829,
            "gross_margin": 20.99,
            "gross_margin_4q_avg": 20.13,
            "net_income": 74815,
            "revenue": 546968,
            "common_shares": 767278,
            "book_valuer_per_share": 20.63,
            "book_valuer_per_share_4q_avg": 18.77,
            "equity": 1626821,
            "current_ratio": 216.44,
            "debt_ratio": 37.45,
            "inventory_turnover_ratio": 1.06,
            "account_receivable_turnover_ratio": 0.73,
            "reinvestment_rate": 72.76,
            "research_to_sale_ratio": null,
            "price_fair": 82.86,
            "eps_avg_yearly": 2.37,
            "eps_latest_yearly": 3.88,
            "eps_growth_yearly": 199.69
        },
        "20092": {
            "year_quarter": 20092,
            "year": 2009,
            "quarter": 2,
            "eps": 1.73,
            "eps_growth_year": 78.35,
            "eps_4q": 3.29,
            "eps_4q_growth_year": 45.47,
            "roe": 8.49,
            "roe_4q": 17.58,
            "gross_profit": 206933,
            "gross_margin": 30.28,
            "gross_margin_4q_avg": 22.46,
            "net_income": 143775,
            "revenue": 683341,
            "common_shares": 877353,
            "book_valuer_per_share": 19.52,
            "book_valuer_per_share_4q_avg": 19.42,
            "equity": 1760645,
            "current_ratio": 216.98,
            "debt_ratio": 38.16,
            "inventory_turnover_ratio": 1.03,
            "account_receivable_turnover_ratio": 0.89,
            "reinvestment_rate": 61.47,
            "research_to_sale_ratio": null,
            "price_fair": 92.31,
            "eps_avg_yearly": 2.64,
            "eps_latest_yearly": 6.92,
            "eps_growth_yearly": 186.24
        },
        "20093": {
            "year_quarter": 20093,
            "year": 2009,
            "quarter": 3,
            "eps": 1.85,
            "eps_growth_year": 255.77,
            "eps_4q": 4.65,
            "eps_4q_growth_year": 107.7,
            "roe": 8.45,
            "roe_4q": 23.239999999999995,
            "gross_profit": 198487,
            "gross_margin": 21.25,
            "gross_margin_4q_avg": 21.47,
            "net_income": 153711,
            "revenue": 933998,
            "common_shares": 877726,
            "book_valuer_per_share": 20.84,
            "book_valuer_per_share_4q_avg": 19.99,
            "equity": 1878071,
            "current_ratio": 202.11,
            "debt_ratio": 42.54,
            "inventory_turnover_ratio": 1.69,
            "account_receivable_turnover_ratio": 0.76,
            "reinvestment_rate": 50.24,
            "research_to_sale_ratio": null,
            "price_fair": 104.83,
            "eps_avg_yearly": 3,
            "eps_latest_yearly": 7.4,
            "eps_growth_yearly": 196.82
        },
        "20094": {
            "year_quarter": 20094,
            "year": 2009,
            "quarter": 4,
            "eps": 1.2,
            "eps_growth_year": 313.79,
            "eps_4q": 5.41,
            "eps_4q_growth_year": 135.82,
            "roe": 5.09,
            "roe_4q": 26.79,
            "gross_profit": 167421,
            "gross_margin": 21.44,
            "gross_margin_4q_avg": 23.49,
            "net_income": 98700,
            "revenue": 780729,
            "common_shares": 877726,
            "book_valuer_per_share": 22.78,
            "book_valuer_per_share_4q_avg": 20.94,
            "equity": 2002434,
            "current_ratio": 294.56,
            "debt_ratio": 38.23,
            "inventory_turnover_ratio": 1.43,
            "account_receivable_turnover_ratio": 1.34,
            "reinvestment_rate": 216.06,
            "research_to_sale_ratio": null,
            "price_fair": 110.25,
            "eps_avg_yearly": 3.15,
            "eps_latest_yearly": 4.8,
            "eps_growth_yearly": 178.52
        },
        "20101": {
            "year_quarter": 20101,
            "year": 2010,
            "quarter": 1,
            "eps": 1.46,
            "eps_growth_year": 50.52,
            "eps_4q": 6.02,
            "eps_4q_growth_year": 122.31,
            "roe": 6.29,
            "roe_4q": 28.32,
            "gross_profit": 200977,
            "gross_margin": 26.7,
            "gross_margin_4q_avg": 24.92,
            "net_income": 128669,
            "revenue": 752621,
            "common_shares": 877726,
            "book_valuer_per_share": 23.68,
            "book_valuer_per_share_4q_avg": 21.71,
            "equity": 2085794,
            "current_ratio": 324.87,
            "debt_ratio": 35.57,
            "inventory_turnover_ratio": 1.16,
            "account_receivable_turnover_ratio": 0.66,
            "reinvestment_rate": 240.53,
            "research_to_sale_ratio": 0.77,
            "price_fair": 115.24,
            "eps_avg_yearly": 3.29,
            "eps_latest_yearly": 5.84,
            "eps_growth_yearly": 170.57
        },
        "20102": {
            "year_quarter": 20102,
            "year": 2010,
            "quarter": 2,
            "eps": 1.46,
            "eps_growth_year": -15.61,
            "eps_4q": 5.86,
            "eps_4q_growth_year": 77.98,
            "roe": 6.09,
            "roe_4q": 25.919999999999998,
            "gross_profit": 216990,
            "gross_margin": 27.45,
            "gross_margin_4q_avg": 24.21,
            "net_income": 126029,
            "revenue": 790455,
            "common_shares": 877726,
            "book_valuer_per_share": 23.33,
            "book_valuer_per_share_4q_avg": 22.66,
            "equity": 2053173,
            "current_ratio": 268.93,
            "debt_ratio": 40.46,
            "inventory_turnover_ratio": 1.08,
            "account_receivable_turnover_ratio": 0.67,
            "reinvestment_rate": 246.23,
            "research_to_sale_ratio": 0.71,
            "price_fair": 119.88,
            "eps_avg_yearly": 3.43,
            "eps_latest_yearly": 5.84,
            "eps_growth_yearly": 169.45
        },
        "20103": {
            "year_quarter": 20103,
            "year": 2010,
            "quarter": 3,
            "eps": 2.03,
            "eps_growth_year": 9.81,
            "eps_4q": 6.11,
            "eps_4q_growth_year": 31.6,
            "roe": 8.4,
            "roe_4q": 25.87,
            "gross_profit": 228390,
            "gross_margin": 25.92,
            "gross_margin_4q_avg": 25.38,
            "net_income": 176251,
            "revenue": 881038,
            "common_shares": 877726,
            "book_valuer_per_share": 24.37,
            "book_valuer_per_share_4q_avg": 23.54,
            "equity": 2144753,
            "current_ratio": 284.76,
            "debt_ratio": 38.74,
            "inventory_turnover_ratio": 1.1,
            "account_receivable_turnover_ratio": 0.77,
            "reinvestment_rate": 225.53,
            "research_to_sale_ratio": 0.57,
            "price_fair": 129.68,
            "eps_avg_yearly": 3.71,
            "eps_latest_yearly": 8.12,
            "eps_growth_yearly": 179.74
        },
        "20104": {
            "year_quarter": 20104,
            "year": 2010,
            "quarter": 4,
            "eps": 0.85,
            "eps_growth_year": -29.46,
            "eps_4q": 5.44,
            "eps_4q_growth_year": 0.72,
            "roe": 3.31,
            "roe_4q": 24.09,
            "gross_profit": 172929,
            "gross_margin": 23.63,
            "gross_margin_4q_avg": 25.93,
            "net_income": 75255,
            "revenue": 731788,
            "common_shares": 943726,
            "book_valuer_per_share": 25.48,
            "book_valuer_per_share_4q_avg": 24.22,
            "equity": 2399371,
            "current_ratio": 390.26,
            "debt_ratio": 30.16,
            "inventory_turnover_ratio": 0.92,
            "account_receivable_turnover_ratio": 0.74,
            "reinvestment_rate": 181.99,
            "research_to_sale_ratio": 2.61,
            "price_fair": 133.88,
            "eps_avg_yearly": 3.83,
            "eps_latest_yearly": 3.4,
            "eps_growth_yearly": 180.05
        },
        "20111": {
            "year_quarter": 20111,
            "year": 2011,
            "quarter": 1,
            "eps": 0.91,
            "eps_growth_year": -37.67,
            "eps_4q": 5,
            "eps_4q_growth_year": -16.86,
            "roe": 3.42,
            "roe_4q": 21.22,
            "gross_profit": 150723,
            "gross_margin": 20.43,
            "gross_margin_4q_avg": 24.36,
            "net_income": 83686,
            "revenue": 737781,
            "common_shares": 943726,
            "book_valuer_per_share": 26.56,
            "book_valuer_per_share_4q_avg": 24.94,
            "equity": 2499053,
            "current_ratio": 338.49,
            "debt_ratio": 33.22,
            "inventory_turnover_ratio": 0.92,
            "account_receivable_turnover_ratio": 0.73,
            "reinvestment_rate": 207.57,
            "research_to_sale_ratio": 1.42,
            "price_fair": 140.53,
            "eps_avg_yearly": 4.02,
            "eps_latest_yearly": 3.64,
            "eps_growth_yearly": 196.68
        },
        "20112": {
            "year_quarter": 20112,
            "year": 2011,
            "quarter": 2,
            "eps": 1.31,
            "eps_growth_year": -10.03,
            "eps_4q": 4.96,
            "eps_4q_growth_year": -15.31,
            "roe": 5.29,
            "roe_4q": 20.42,
            "gross_profit": 184550,
            "gross_margin": 22.6,
            "gross_margin_4q_avg": 23.15,
            "net_income": 124324,
            "revenue": 816520,
            "common_shares": 924196,
            "book_valuer_per_share": 23.29,
            "book_valuer_per_share_4q_avg": 24.93,
            "equity": 2199042,
            "current_ratio": 246.77,
            "debt_ratio": 41.63,
            "inventory_turnover_ratio": 0.93,
            "account_receivable_turnover_ratio": 0.68,
            "reinvestment_rate": 202.7,
            "research_to_sale_ratio": -0.08,
            "price_fair": 148.23,
            "eps_avg_yearly": 4.24,
            "eps_latest_yearly": 5.24,
            "eps_growth_yearly": 161
        },
        "20113": {
            "year_quarter": 20113,
            "year": 2011,
            "quarter": 3,
            "eps": 1.28,
            "eps_growth_year": -36.99,
            "eps_4q": 4.35,
            "eps_4q_growth_year": -28.8,
            "roe": 5.13,
            "roe_4q": 17.15,
            "gross_profit": 218386,
            "gross_margin": 24.37,
            "gross_margin_4q_avg": 22.76,
            "net_income": 120181,
            "revenue": 896068,
            "common_shares": 924196,
            "book_valuer_per_share": 26.31,
            "book_valuer_per_share_4q_avg": 25.41,
            "equity": 2482678,
            "current_ratio": 248.28,
            "debt_ratio": 38.6,
            "inventory_turnover_ratio": 0.94,
            "account_receivable_turnover_ratio": 0.72,
            "reinvestment_rate": 228.01,
            "research_to_sale_ratio": 0.71,
            "price_fair": 153.65,
            "eps_avg_yearly": 4.39,
            "eps_latest_yearly": 5.12,
            "eps_growth_yearly": 147.05
        },
        "20114": {
            "year_quarter": 20114,
            "year": 2011,
            "quarter": 4,
            "eps": 0.98,
            "eps_growth_year": 15.99,
            "eps_4q": 4.49,
            "eps_4q_growth_year": -17.54,
            "roe": 3.57,
            "roe_4q": 17.409999999999997,
            "gross_profit": 178784,
            "gross_margin": 23.49,
            "gross_margin_4q_avg": 22.72,
            "net_income": 89568,
            "revenue": 761217,
            "common_shares": 924196,
            "book_valuer_per_share": 26.95,
            "book_valuer_per_share_4q_avg": 25.78,
            "equity": 2536881,
            "current_ratio": 208.85,
            "debt_ratio": 37.33,
            "inventory_turnover_ratio": 0.85,
            "account_receivable_turnover_ratio": 0.65,
            "reinvestment_rate": 189.26,
            "research_to_sale_ratio": 2.78,
            "price_fair": 161.09,
            "eps_avg_yearly": 4.6,
            "eps_latest_yearly": 3.92,
            "eps_growth_yearly": 161.27
        },
        "20121": {
            "year_quarter": 20121,
            "year": 2012,
            "quarter": 1,
            "eps": 1.17,
            "eps_growth_year": 28.57,
            "eps_4q": 4.74,
            "eps_4q_growth_year": -5.17,
            "roe": 4.32,
            "roe_4q": 18.31,
            "gross_profit": 164030,
            "gross_margin": 23.26,
            "gross_margin_4q_avg": 23.43,
            "net_income": 110633,
            "revenue": 705285,
            "common_shares": 924196,
            "book_valuer_per_share": 27.46,
            "book_valuer_per_share_4q_avg": 26,
            "equity": 2585659,
            "current_ratio": 206.16,
            "debt_ratio": 38.01,
            "inventory_turnover_ratio": 0.91,
            "account_receivable_turnover_ratio": 0.63,
            "reinvestment_rate": 190.42,
            "research_to_sale_ratio": 0.98,
            "price_fair": 166.08,
            "eps_avg_yearly": 4.75,
            "eps_latest_yearly": 4.68,
            "eps_growth_yearly": 75.73
        },
        "20122": {
            "year_quarter": 20122,
            "year": 2012,
            "quarter": 2,
            "eps": 1.21,
            "eps_growth_year": -7.7,
            "eps_4q": 4.64,
            "eps_4q_growth_year": -6.4,
            "roe": 4.55,
            "roe_4q": 17.57,
            "gross_profit": 217606,
            "gross_margin": 28.17,
            "gross_margin_4q_avg": 24.82,
            "net_income": 115194,
            "revenue": 772393,
            "common_shares": 924196,
            "book_valuer_per_share": 26.3,
            "book_valuer_per_share_4q_avg": 26.76,
            "equity": 2480859,
            "current_ratio": 182.98,
            "debt_ratio": 43.38,
            "inventory_turnover_ratio": 0.94,
            "account_receivable_turnover_ratio": 0.7,
            "reinvestment_rate": 190.38,
            "research_to_sale_ratio": 1.23,
            "price_fair": 168.18,
            "eps_avg_yearly": 4.81,
            "eps_latest_yearly": 4.84,
            "eps_growth_yearly": 61.17
        },
        "20123": {
            "year_quarter": 20123,
            "year": 2012,
            "quarter": 3,
            "eps": 1.51,
            "eps_growth_year": 17.74,
            "eps_4q": 4.87,
            "eps_4q_growth_year": 11.85,
            "roe": 5.58,
            "roe_4q": 18.02,
            "gross_profit": 220365,
            "gross_margin": 28.02,
            "gross_margin_4q_avg": 25.74,
            "net_income": 141413,
            "revenue": 786512,
            "common_shares": 924196,
            "book_valuer_per_share": 27.39,
            "book_valuer_per_share_4q_avg": 27.03,
            "equity": 2584073,
            "current_ratio": 201.53,
            "debt_ratio": 39.04,
            "inventory_turnover_ratio": 0.97,
            "account_receivable_turnover_ratio": 0.75,
            "reinvestment_rate": 185.16,
            "research_to_sale_ratio": 1.31,
            "price_fair": 176.84,
            "eps_avg_yearly": 5.05,
            "eps_latest_yearly": 6.04,
            "eps_growth_yearly": 78.97
        },
        "20124": {
            "year_quarter": 20124,
            "year": 2012,
            "quarter": 4,
            "eps": 1.47,
            "eps_growth_year": 49.51,
            "eps_4q": 5.08,
            "eps_4q_growth_year": 13.25,
            "roe": 5.22,
            "roe_4q": 19.67,
            "gross_profit": 236268,
            "gross_margin": 29.72,
            "gross_margin_4q_avg": 27.29,
            "net_income": 144817,
            "revenue": 795094,
            "common_shares": 993696,
            "book_valuer_per_share": 29.36,
            "book_valuer_per_share_4q_avg": 27.63,
            "equity": 2965535,
            "current_ratio": 312.26,
            "debt_ratio": 30.77,
            "inventory_turnover_ratio": 1.04,
            "account_receivable_turnover_ratio": 0.73,
            "reinvestment_rate": 177.39,
            "research_to_sale_ratio": 1.02,
            "price_fair": 187.16,
            "eps_avg_yearly": 5.35,
            "eps_latest_yearly": 5.88,
            "eps_growth_yearly": 89.36
        },
        "20131": {
            "year_quarter": 20131,
            "year": 2013,
            "quarter": 1,
            "eps": 1.14,
            "eps_growth_year": -2.56,
            "eps_4q": 5.13,
            "eps_4q_growth_year": 8.12,
            "roe": 3.61,
            "roe_4q": 18.96,
            "gross_profit": 173179,
            "gross_margin": 26.45,
            "gross_margin_4q_avg": 28.09,
            "net_income": 110439,
            "revenue": 654784,
            "common_shares": 994735,
            "book_valuer_per_share": 31.3,
            "book_valuer_per_share_4q_avg": 28.59,
            "equity": 3158787,
            "current_ratio": 331.15,
            "debt_ratio": 29.1,
            "inventory_turnover_ratio": 0.86,
            "account_receivable_turnover_ratio": 0.63,
            "reinvestment_rate": 16.05,
            "research_to_sale_ratio": 0.7,
            "price_fair": 188.65,
            "eps_avg_yearly": 5.39,
            "eps_latest_yearly": 4.56,
            "eps_growth_yearly": 25.13
        },
        "20132": {
            "year_quarter": 20132,
            "year": 2013,
            "quarter": 2,
            "eps": 1.39,
            "eps_growth_year": 14.65,
            "eps_4q": 5.35,
            "eps_4q_growth_year": 15.32,
            "roe": 4.49,
            "roe_4q": 18.9,
            "gross_profit": 230489,
            "gross_margin": 31.05,
            "gross_margin_4q_avg": 28.81,
            "net_income": 138144,
            "revenue": 742263,
            "common_shares": 1002384,
            "book_valuer_per_share": 29.41,
            "book_valuer_per_share_4q_avg": 29.37,
            "equity": 2991970,
            "current_ratio": 264.87,
            "debt_ratio": 34.59,
            "inventory_turnover_ratio": 0.89,
            "account_receivable_turnover_ratio": 0.76,
            "reinvestment_rate": 14.29,
            "research_to_sale_ratio": 0.54,
            "price_fair": 111.54,
            "eps_avg_yearly": 5.31,
            "eps_latest_yearly": 5.56,
            "eps_growth_yearly": 11.03
        },
        "20133": {
            "year_quarter": 20133,
            "year": 2013,
            "quarter": 3,
            "eps": 1.49,
            "eps_growth_year": -1.13,
            "eps_4q": 5.32,
            "eps_4q_growth_year": 9.28,
            "roe": 4.91,
            "roe_4q": 18.23,
            "gross_profit": 224091,
            "gross_margin": 26.78,
            "gross_margin_4q_avg": 28.5,
            "net_income": 151769,
            "revenue": 836795,
            "common_shares": 1028879,
            "book_valuer_per_share": 30.59,
            "book_valuer_per_share_4q_avg": 30.17,
            "equity": 3192635,
            "current_ratio": 292.64,
            "debt_ratio": 29.8,
            "inventory_turnover_ratio": 1.06,
            "account_receivable_turnover_ratio": 0.8,
            "reinvestment_rate": 15.88,
            "research_to_sale_ratio": 1.21,
            "price_fair": 109.98,
            "eps_avg_yearly": 5.22,
            "eps_latest_yearly": 5.96,
            "eps_growth_yearly": 11.09
        },
        "20134": {
            "year_quarter": 20134,
            "year": 2013,
            "quarter": 4,
            "eps": 1.27,
            "eps_growth_year": -13.17,
            "eps_4q": 5.13,
            "eps_4q_growth_year": 0.96,
            "roe": 4.2,
            "roe_4q": 17.21,
            "gross_profit": 249239,
            "gross_margin": 32.02,
            "gross_margin_4q_avg": 29.08,
            "net_income": 138250,
            "revenue": 778404,
            "common_shares": 1041089,
            "book_valuer_per_share": 32.08,
            "book_valuer_per_share_4q_avg": 30.85,
            "equity": 3389751,
            "current_ratio": 283.56,
            "debt_ratio": 29.45,
            "inventory_turnover_ratio": 0.88,
            "account_receivable_turnover_ratio": 0.68,
            "reinvestment_rate": -80.2,
            "research_to_sale_ratio": 0.26,
            "price_fair": 137,
            "eps_avg_yearly": 5.23,
            "eps_latest_yearly": 5.08,
            "eps_growth_yearly": 16.18
        },
        "20141": {
            "year_quarter": 20141,
            "year": 2014,
            "quarter": 1,
            "eps": 1.05,
            "eps_growth_year": -7.89,
            "eps_4q": 5.08,
            "eps_4q_growth_year": -0.95,
            "roe": 3.21,
            "roe_4q": 16.810000000000002,
            "gross_profit": 186905,
            "gross_margin": 26.81,
            "gross_margin_4q_avg": 29.17,
            "net_income": 111714,
            "revenue": 697114,
            "common_shares": 1045482,
            "book_valuer_per_share": 33.68,
            "book_valuer_per_share_4q_avg": 31.44,
            "equity": 3574043,
            "current_ratio": 306.16,
            "debt_ratio": 26.51,
            "inventory_turnover_ratio": 0.81,
            "account_receivable_turnover_ratio": 0.59,
            "reinvestment_rate": -80.15,
            "research_to_sale_ratio": 0.54,
            "price_fair": 84.31,
            "eps_avg_yearly": 5.13,
            "eps_latest_yearly": 4.2,
            "eps_growth_yearly": 6.43
        },
        "20142": {
            "year_quarter": 20142,
            "year": 2014,
            "quarter": 2,
            "eps": 1.43,
            "eps_growth_year": 2.88,
            "eps_4q": 5.18,
            "eps_4q_growth_year": -3.18,
            "roe": 4.46,
            "roe_4q": 16.78,
            "gross_profit": 234821,
            "gross_margin": 28.07,
            "gross_margin_4q_avg": 28.42,
            "net_income": 152770,
            "revenue": 836413,
            "common_shares": 1045590,
            "book_valuer_per_share": 30.88,
            "book_valuer_per_share_4q_avg": 31.81,
            "equity": 3283619,
            "current_ratio": 200.39,
            "debt_ratio": 36.22,
            "inventory_turnover_ratio": 0.87,
            "account_receivable_turnover_ratio": 0.7,
            "reinvestment_rate": -73.55,
            "research_to_sale_ratio": 0.37,
            "price_fair": 130.53,
            "eps_avg_yearly": 5.12,
            "eps_latest_yearly": 5.72,
            "eps_growth_yearly": 15.48
        },
        "20143": {
            "year_quarter": 20143,
            "year": 2014,
            "quarter": 3,
            "eps": 1.25,
            "eps_growth_year": -16.11,
            "eps_4q": 4.95,
            "eps_4q_growth_year": -6.91,
            "roe": 3.94,
            "roe_4q": 15.809999999999999,
            "gross_profit": 246817,
            "gross_margin": 28.72,
            "gross_margin_4q_avg": 28.91,
            "net_income": 133842,
            "revenue": 859480,
            "common_shares": 1054121,
            "book_valuer_per_share": 32.71,
            "book_valuer_per_share_4q_avg": 32.34,
            "equity": 3505480,
            "current_ratio": 215.27,
            "debt_ratio": 31.84,
            "inventory_turnover_ratio": 0.83,
            "account_receivable_turnover_ratio": 0.64,
            "reinvestment_rate": -72.46,
            "research_to_sale_ratio": 0.52,
            "price_fair": 61.96,
            "eps_avg_yearly": 4.93,
            "eps_latest_yearly": 5,
            "eps_growth_yearly": 2.58
        },
        "20144": {
            "year_quarter": 20144,
            "year": 2014,
            "quarter": 4,
            "eps": 1.01,
            "eps_growth_year": -20.88,
            "eps_4q": 4.7,
            "eps_4q_growth_year": -8.38,
            "roe": 2.84,
            "roe_4q": 14.45,
            "gross_profit": 170990,
            "gross_margin": 23.35,
            "gross_margin_4q_avg": 26.74,
            "net_income": 102726,
            "revenue": 732361,
            "common_shares": 1054380,
            "book_valuer_per_share": 34.78,
            "book_valuer_per_share_4q_avg": 33.01,
            "equity": 3722385,
            "current_ratio": 207.73,
            "debt_ratio": 31.42,
            "inventory_turnover_ratio": 0.75,
            "account_receivable_turnover_ratio": 0.54,
            "reinvestment_rate": -56.46,
            "research_to_sale_ratio": 1.9,
            "price_fair": 110.81,
            "eps_avg_yearly": 4.97,
            "eps_latest_yearly": 4.04,
            "eps_growth_yearly": 12.31
        },
        "20151": {
            "year_quarter": 20151,
            "year": 2015,
            "quarter": 1,
            "eps": 1,
            "eps_growth_year": -4.76,
            "eps_4q": 4.66,
            "eps_4q_growth_year": -8.23,
            "roe": 2.83,
            "roe_4q": 14.07,
            "gross_profit": 184003,
            "gross_margin": 26.89,
            "gross_margin_4q_avg": 26.76,
            "net_income": 105981,
            "revenue": 684238,
            "common_shares": 1054841,
            "book_valuer_per_share": 35.24,
            "book_valuer_per_share_4q_avg": 33.4,
            "equity": 3772919,
            "current_ratio": 228.47,
            "debt_ratio": 28.64,
            "inventory_turnover_ratio": 0.67,
            "account_receivable_turnover_ratio": 0.57,
            "reinvestment_rate": -62.55,
            "research_to_sale_ratio": 0.94,
            "price_fair": 101.27,
            "eps_avg_yearly": 4.99,
            "eps_latest_yearly": 4,
            "eps_growth_yearly": 10.29
        },
        "20152": {
            "year_quarter": 20152,
            "year": 2015,
            "quarter": 2,
            "eps": 0.73,
            "eps_growth_year": -48.95,
            "eps_4q": 3.98,
            "eps_4q_growth_year": -23.31,
            "roe": 2.18,
            "roe_4q": 11.79,
            "gross_profit": 167948,
            "gross_margin": 22.35,
            "gross_margin_4q_avg": 25.33,
            "net_income": 78954,
            "revenue": 751611,
            "common_shares": 1054841,
            "book_valuer_per_share": 32.43,
            "book_valuer_per_share_4q_avg": 33.79,
            "equity": 3473316,
            "current_ratio": 263.97,
            "debt_ratio": 33.52,
            "inventory_turnover_ratio": 0.78,
            "account_receivable_turnover_ratio": 0.65,
            "reinvestment_rate": -67.43,
            "research_to_sale_ratio": 0.82,
            "price_fair": 14.54,
            "eps_avg_yearly": 4.85,
            "eps_latest_yearly": 2.92,
            "eps_growth_yearly": -7.44
        },
        "20153": {
            "year_quarter": 20153,
            "year": 2015,
            "quarter": 3,
            "eps": 0.77,
            "eps_growth_year": -38.4,
            "eps_4q": 3.6,
            "eps_4q_growth_year": -27.25,
            "roe": 2.32,
            "roe_4q": 10.17,
            "gross_profit": 207767,
            "gross_margin": 23.9,
            "gross_margin_4q_avg": 24.12,
            "net_income": 82457,
            "revenue": 869375,
            "common_shares": 1054841,
            "book_valuer_per_share": 35.02,
            "book_valuer_per_share_4q_avg": 34.37,
            "equity": 3645153,
            "current_ratio": 232.4,
            "debt_ratio": 36.79,
            "inventory_turnover_ratio": 0.9,
            "account_receivable_turnover_ratio": 0.67,
            "reinvestment_rate": -92.47,
            "research_to_sale_ratio": 0.64,
            "price_fair": 14.15,
            "eps_avg_yearly": 4.72,
            "eps_latest_yearly": 3.08,
            "eps_growth_yearly": -5.5
        },
        "20154": {
            "year_quarter": 20154,
            "year": 2015,
            "quarter": 4,
            "eps": 1.56,
            "eps_growth_year": 55.15,
            "eps_4q": 4.13,
            "eps_4q_growth_year": -12.15,
            "roe": 4.4,
            "roe_4q": 11.73,
            "gross_profit": 276208,
            "gross_margin": 29.87,
            "gross_margin_4q_avg": 25.75,
            "net_income": 162191,
            "revenue": 924680,
            "common_shares": 1025041,
            "book_valuer_per_share": 35.75,
            "book_valuer_per_share_4q_avg": 34.61,
            "equity": 3720008,
            "current_ratio": 205.58,
            "debt_ratio": 38.93,
            "inventory_turnover_ratio": 0.89,
            "account_receivable_turnover_ratio": 0.62,
            "reinvestment_rate": -77.54,
            "research_to_sale_ratio": 0.82,
            "price_fair": 170.19,
            "eps_avg_yearly": 4.86,
            "eps_latest_yearly": 6.24,
            "eps_growth_yearly": 26.01
        },
        "20161": {
            "year_quarter": 20161,
            "year": 2016,
            "quarter": 1,
            "eps": 1.25,
            "eps_growth_year": 25,
            "eps_4q": 4.35,
            "eps_4q_growth_year": -6.8,
            "roe": 3.43,
            "roe_4q": 12.33,
            "gross_profit": 274112,
            "gross_margin": 34.38,
            "gross_margin_4q_avg": 27.63,
            "net_income": 128770,
            "revenue": 797374,
            "common_shares": 1025041,
            "book_valuer_per_share": 36.48,
            "book_valuer_per_share_4q_avg": 34.92,
            "equity": 3796122,
            "current_ratio": 213.43,
            "debt_ratio": 37.29,
            "inventory_turnover_ratio": 0.71,
            "account_receivable_turnover_ratio": 0.57,
            "reinvestment_rate": -74.62,
            "research_to_sale_ratio": 2.37,
            "price_fair": 127.88,
            "eps_avg_yearly": 4.88,
            "eps_latest_yearly": 5,
            "eps_growth_yearly": 16.19
        },
        "20162": {
            "year_quarter": 20162,
            "year": 2016,
            "quarter": 2,
            "eps": 1.04,
            "eps_growth_year": 42.47,
            "eps_4q": 4.64,
            "eps_4q_growth_year": 16.67,
            "roe": 2.96,
            "roe_4q": 13.110000000000001,
            "gross_profit": 255670,
            "gross_margin": 31.28,
            "gross_margin_4q_avg": 29.86,
            "net_income": 108934,
            "revenue": 817280,
            "common_shares": 1025041,
            "book_valuer_per_share": 34.13,
            "book_valuer_per_share_4q_avg": 35.35,
            "equity": 3556264,
            "current_ratio": 205.5,
            "debt_ratio": 38.1,
            "inventory_turnover_ratio": 0.75,
            "account_receivable_turnover_ratio": 0.61,
            "reinvestment_rate": -81.28,
            "research_to_sale_ratio": 2.12,
            "price_fair": 102.3,
            "eps_avg_yearly": 4.84,
            "eps_latest_yearly": 4.16,
            "eps_growth_yearly": 11.14
        },
        "20163": {
            "year_quarter": 20163,
            "year": 2016,
            "quarter": 3,
            "eps": 1.9,
            "eps_growth_year": 146.75,
            "eps_4q": 5.61,
            "eps_4q_growth_year": 55.67,
            "roe": 5.44,
            "roe_4q": 16.23,
            "gross_profit": 312921,
            "gross_margin": 32.92,
            "gross_margin_4q_avg": 32.11,
            "net_income": 197680,
            "revenue": 950647,
            "common_shares": 1052929,
            "book_valuer_per_share": 34.66,
            "book_valuer_per_share_4q_avg": 35.26,
            "equity": 3705378,
            "current_ratio": 194.73,
            "debt_ratio": 38.96,
            "inventory_turnover_ratio": 0.82,
            "account_receivable_turnover_ratio": 0.66,
            "reinvestment_rate": -86.04,
            "research_to_sale_ratio": 1.92,
            "price_fair": 172.81,
            "eps_avg_yearly": 4.94,
            "eps_latest_yearly": 7.6,
            "eps_growth_yearly": 25.61
        },
        "20164": {
            "year_quarter": 20164,
            "year": 2016,
            "quarter": 4,
            "eps": 1.19,
            "eps_growth_year": -24.15,
            "eps_4q": 5.11,
            "eps_4q_growth_year": 23.65,
            "roe": 3.37,
            "roe_4q": 15.2,
            "gross_profit": 300473,
            "gross_margin": 31.22,
            "gross_margin_4q_avg": 32.45,
            "net_income": 130846,
            "revenue": 962383,
            "common_shares": 1097414,
            "book_valuer_per_share": 36.48,
            "book_valuer_per_share_4q_avg": 35.44,
            "equity": 4059052,
            "current_ratio": 187.42,
            "debt_ratio": 36.66,
            "inventory_turnover_ratio": 0.82,
            "account_receivable_turnover_ratio": 0.62,
            "reinvestment_rate": -82.23,
            "research_to_sale_ratio": 1.99,
            "price_fair": 131.09,
            "eps_avg_yearly": 4.87,
            "eps_latest_yearly": 4.76,
            "eps_growth_yearly": 16.93
        },
        "20171": {
            "year_quarter": 20171,
            "year": 2017,
            "quarter": 1,
            "eps": 1.28,
            "eps_growth_year": 2.4,
            "eps_4q": 5.16,
            "eps_4q_growth_year": 18.67,
            "roe": 3.51,
            "roe_4q": 15.280000000000001,
            "gross_profit": 223385,
            "gross_margin": 29.5,
            "gross_margin_4q_avg": 31.23,
            "net_income": 141437,
            "revenue": 757139,
            "common_shares": 1113729,
            "book_valuer_per_share": 35.45,
            "book_valuer_per_share_4q_avg": 35.18,
            "equity": 4001953,
            "current_ratio": 179.98,
            "debt_ratio": 36.63,
            "inventory_turnover_ratio": 0.64,
            "account_receivable_turnover_ratio": 0.52,
            "reinvestment_rate": 68.92,
            "research_to_sale_ratio": 2.24,
            "price_fair": 168.82,
            "eps_avg_yearly": 4.9,
            "eps_latest_yearly": 5.12,
            "eps_growth_yearly": 24.44
        },
        "20172": {
            "year_quarter": 20172,
            "year": 2017,
            "quarter": 2,
            "eps": 0.97,
            "eps_growth_year": -6.73,
            "eps_4q": 5.13,
            "eps_4q_growth_year": 10.64,
            "roe": 2.81,
            "roe_4q": 15.130000000000003,
            "gross_profit": 238578,
            "gross_margin": 28.63,
            "gross_margin_4q_avg": 30.57,
            "net_income": 109680,
            "revenue": 833219,
            "common_shares": 1122368,
            "book_valuer_per_share": 33.29,
            "book_valuer_per_share_4q_avg": 34.97,
            "equity": 3791373,
            "current_ratio": 142.49,
            "debt_ratio": 41.95,
            "inventory_turnover_ratio": 0.69,
            "account_receivable_turnover_ratio": 0.65,
            "reinvestment_rate": 78.44,
            "research_to_sale_ratio": 2.15,
            "price_fair": 109.85,
            "eps_avg_yearly": 4.8,
            "eps_latest_yearly": 3.88,
            "eps_growth_yearly": 12.9
        },
        "20173": {
            "year_quarter": 20173,
            "year": 2017,
            "quarter": 3,
            "eps": 1.43,
            "eps_growth_year": -24.74,
            "eps_4q": 4.78,
            "eps_4q_growth_year": -14.84,
            "roe": 4.12,
            "roe_4q": 13.809999999999999,
            "gross_profit": 266487,
            "gross_margin": 28.3,
            "gross_margin_4q_avg": 29.41,
            "net_income": 160470,
            "revenue": 941704,
            "common_shares": 1130295,
            "book_valuer_per_share": 34.88,
            "book_valuer_per_share_4q_avg": 35.03,
            "equity": 3995952,
            "current_ratio": 145.36,
            "debt_ratio": 41.87,
            "inventory_turnover_ratio": 0.75,
            "account_receivable_turnover_ratio": 0.68,
            "reinvestment_rate": 79.72,
            "research_to_sale_ratio": 2.22,
            "price_fair": 157.61,
            "eps_avg_yearly": 4.78,
            "eps_latest_yearly": 5.72,
            "eps_growth_yearly": 22.96
        },
        "20174": {
            "year_quarter": 20174,
            "year": 2017,
            "quarter": 4,
            "eps": 0.44,
            "eps_growth_year": -63.09,
            "eps_4q": 4.06,
            "eps_4q_growth_year": -20.59,
            "roe": 1.21,
            "roe_4q": 11.65,
            "gross_profit": 213778,
            "gross_margin": 21.24,
            "gross_margin_4q_avg": 26.92,
            "net_income": 48660,
            "revenue": 1006645,
            "common_shares": 1132551,
            "book_valuer_per_share": 35.01,
            "book_valuer_per_share_4q_avg": 34.66,
            "equity": 4018120,
            "current_ratio": 174.08,
            "debt_ratio": 42.75,
            "inventory_turnover_ratio": 0.84,
            "account_receivable_turnover_ratio": 0.65,
            "reinvestment_rate": 81.13,
            "research_to_sale_ratio": 2.97,
            "price_fair": 88.48,
            "eps_avg_yearly": 4.58,
            "eps_latest_yearly": 1.76,
            "eps_growth_yearly": 9.34
        },
        "20181": {
            "year_quarter": 20181,
            "year": 2018,
            "quarter": 1,
            "eps": 0.82,
            "eps_growth_year": -35.94,
            "eps_4q": 3.61,
            "eps_4q_growth_year": -30.07,
            "roe": 2.33,
            "roe_4q": 10.47,
            "gross_profit": 156234,
            "gross_margin": 18.92,
            "gross_margin_4q_avg": 24.27,
            "net_income": 95056,
            "revenue": 825551,
            "common_shares": 1142746,
            "book_valuer_per_share": 35.66,
            "book_valuer_per_share_4q_avg": 34.71,
            "equity": 4129380,
            "current_ratio": 176.74,
            "debt_ratio": 42.44,
            "inventory_turnover_ratio": 0.68,
            "account_receivable_turnover_ratio": 0.55,
            "reinvestment_rate": 77.32,
            "research_to_sale_ratio": 3.41,
            "price_fair": 158.11,
            "eps_avg_yearly": 4.52,
            "eps_latest_yearly": 3.28,
            "eps_growth_yearly": 35.26
        },
        "20182": {
            "year_quarter": 20182,
            "year": 2018,
            "quarter": 2,
            "eps": 0.28,
            "eps_growth_year": -71.13,
            "eps_4q": 2.87,
            "eps_4q_growth_year": -43.99,
            "roe": 0.88,
            "roe_4q": 8.54,
            "gross_profit": 203316,
            "gross_margin": 21.05,
            "gross_margin_4q_avg": 22.38,
            "net_income": 35617,
            "revenue": 966013,
            "common_shares": 1165309,
            "book_valuer_per_share": 33.76,
            "book_valuer_per_share_4q_avg": 34.83,
            "equity": 3992314,
            "current_ratio": 163.13,
            "debt_ratio": 44.85,
            "inventory_turnover_ratio": 0.74,
            "account_receivable_turnover_ratio": 0.68,
            "reinvestment_rate": 63.84,
            "research_to_sale_ratio": 2.77,
            "price_fair": 83.54,
            "eps_avg_yearly": 4.23,
            "eps_latest_yearly": 1.12,
            "eps_growth_yearly": 9.75
        },
        "20183": {
            "year_quarter": 20183,
            "year": 2018,
            "quarter": 3,
            "eps": 0.1,
            "eps_growth_year": -93.01,
            "eps_4q": 1.53,
            "eps_4q_growth_year": -67.96,
            "roe": 0.33,
            "roe_4q": 4.75,
            "gross_profit": 237687,
            "gross_margin": 22.1,
            "gross_margin_4q_avg": 20.83,
            "net_income": 13730,
            "revenue": 1075421,
            "common_shares": 1220309,
            "book_valuer_per_share": 34.9,
            "book_valuer_per_share_4q_avg": 34.83,
            "equity": 4315181,
            "current_ratio": 185.49,
            "debt_ratio": 42.1,
            "inventory_turnover_ratio": 0.75,
            "account_receivable_turnover_ratio": 0.71,
            "reinvestment_rate": 64.4,
            "research_to_sale_ratio": 1.2,
            "price_fair": 11.83,
            "eps_avg_yearly": 3.94,
            "eps_latest_yearly": 0.4,
            "eps_growth_yearly": -3.18
        },
        "20184": {
            "year_quarter": 20184,
            "year": 2018,
            "quarter": 4,
            "eps": -0.14,
            "eps_growth_year": -132.45,
            "eps_4q": 0.98,
            "eps_4q_growth_year": -75.79,
            "roe": -0.4,
            "roe_4q": 3.14,
            "gross_profit": 142147,
            "gross_margin": 16.1,
            "gross_margin_4q_avg": 19.54,
            "net_income": -17332,
            "revenue": 883127,
            "common_shares": 1220309,
            "book_valuer_per_share": 35.03,
            "book_valuer_per_share_4q_avg": 34.84,
            "equity": 4332253,
            "current_ratio": 172.56,
            "debt_ratio": 43.17,
            "inventory_turnover_ratio": 0.61,
            "account_receivable_turnover_ratio": 0.58,
            "reinvestment_rate": 65.7,
            "research_to_sale_ratio": 1.54,
            "price_fair": 46.18,
            "eps_avg_yearly": 3.94,
            "eps_latest_yearly": 0.4,
            "eps_growth_yearly": 1.73
        },
        "20191": {
            "year_quarter": 20191,
            "year": 2019,
            "quarter": 1,
            "eps": -0.16,
            "eps_growth_year": -119.51,
            "eps_4q": 0.05,
            "eps_4q_growth_year": -98.58,
            "roe": -0.44,
            "roe_4q": 0.37,
            "gross_profit": 68597,
            "gross_margin": 9.67,
            "gross_margin_4q_avg": 17.23,
            "net_income": -19128,
            "revenue": 709306,
            "common_shares": 1220309,
            "book_valuer_per_share": 35.27,
            "book_valuer_per_share_4q_avg": 34.74,
            "equity": 4361863,
            "current_ratio": 173.86,
            "debt_ratio": 43.22,
            "inventory_turnover_ratio": 0.48,
            "account_receivable_turnover_ratio": 0.54,
            "reinvestment_rate": 77.85,
            "research_to_sale_ratio": 2,
            "price_fair": 47.73,
            "eps_avg_yearly": 3.93,
            "eps_latest_yearly": 0.4,
            "eps_growth_yearly": 2.14
        },
        "20192": {
            "year_quarter": 20192,
            "year": 2019,
            "quarter": 2,
            "eps": -0.24,
            "eps_growth_year": -185.71,
            "eps_4q": -0.45,
            "eps_4q_growth_year": -115.62,
            "roe": -0.68,
            "roe_4q": -1.19,
            "gross_profit": 108623,
            "gross_margin": 11.77,
            "gross_margin_4q_avg": 14.91,
            "net_income": -28755,
            "revenue": 923039,
            "common_shares": 1220309,
            "book_valuer_per_share": 32.98,
            "book_valuer_per_share_4q_avg": 34.55,
            "equity": 4084533,
            "current_ratio": 163.49,
            "debt_ratio": 47.28,
            "inventory_turnover_ratio": 0.58,
            "account_receivable_turnover_ratio": 0.74,
            "reinvestment_rate": 82.81,
            "research_to_sale_ratio": 1.8,
            "price_fair": 82.64,
            "eps_avg_yearly": 4.01,
            "eps_latest_yearly": 0.4,
            "eps_growth_yearly": 10.61
        },
        "20193": {
            "year_quarter": 20193,
            "year": 2019,
            "quarter": 3,
            "eps": 0.16,
            "eps_growth_year": 60,
            "eps_4q": -0.38,
            "eps_4q_growth_year": -125.06,
            "roe": 0.49,
            "roe_4q": -1.0300000000000002,
            "gross_profit": 165584,
            "gross_margin": 15.11,
            "gross_margin_4q_avg": 13.16,
            "net_income": 19980,
            "revenue": 1096099,
            "common_shares": 1220309,
            "book_valuer_per_share": 32.54,
            "book_valuer_per_share_4q_avg": 33.96,
            "equity": 4029727,
            "current_ratio": 178.54,
            "debt_ratio": 48.19,
            "inventory_turnover_ratio": 0.67,
            "account_receivable_turnover_ratio": 0.75,
            "reinvestment_rate": 80.6,
            "research_to_sale_ratio": 1.49,
            "price_fair": 80.38,
            "eps_avg_yearly": 4.09,
            "eps_latest_yearly": 0.4,
            "eps_growth_yearly": 9.67
        },
        "20194": {
            "year_quarter": 20194,
            "year": 2019,
            "quarter": 4,
            "eps": 0.27,
            "eps_growth_year": null,
            "eps_4q": 0.03,
            "eps_4q_growth_year": -96.97,
            "roe": 0.85,
            "roe_4q": 0.2199999999999998,
            "gross_profit": 168020,
            "gross_margin": 16.81,
            "gross_margin_4q_avg": 13.34,
            "net_income": 33999,
            "revenue": 999490,
            "common_shares": 1220309,
            "book_valuer_per_share": 31.93,
            "book_valuer_per_share_4q_avg": 33.18,
            "equity": 3955865,
            "current_ratio": 179.15,
            "debt_ratio": 48.13,
            "inventory_turnover_ratio": 0.61,
            "account_receivable_turnover_ratio": 0.64,
            "reinvestment_rate": 62.03,
            "research_to_sale_ratio": 1.27,
            "price_fair": 10.97,
            "eps_avg_yearly": 3.66,
            "eps_latest_yearly": 1.08,
            "eps_growth_yearly": -1.61
        },
        "20201": {
            "year_quarter": 20201,
            "year": 2020,
            "quarter": 1,
            "eps": -0.36,
            "eps_growth_year": null,
            "eps_4q": -0.17,
            "eps_4q_growth_year": -440.28,
            "roe": -1.24,
            "roe_4q": -0.5800000000000001,
            "gross_profit": 90345,
            "gross_margin": 12.71,
            "gross_margin_4q_avg": 14.1,
            "net_income": -48554,
            "revenue": 710554,
            "common_shares": 1220309,
            "book_valuer_per_share": 31.01,
            "book_valuer_per_share_4q_avg": 32.12,
            "equity": 3852658,
            "current_ratio": 202.89,
            "debt_ratio": 48.57,
            "inventory_turnover_ratio": 0.49,
            "account_receivable_turnover_ratio": 0.51,
            "reinvestment_rate": 49.52,
            "research_to_sale_ratio": 1.93,
            "price_fair": 54.67,
            "eps_avg_yearly": 3.53,
            "eps_latest_yearly": 1.08,
            "eps_growth_yearly": 5.47
        },
        "20202": {
            "year_quarter": 20202,
            "year": 2020,
            "quarter": 2,
            "eps": 0.48,
            "eps_growth_year": null,
            "eps_4q": 0.53,
            "eps_4q_growth_year": null,
            "roe": 1.58,
            "roe_4q": 1.68,
            "gross_profit": 164409,
            "gross_margin": 17.33,
            "gross_margin_4q_avg": 15.49,
            "net_income": 60751,
            "revenue": 948828,
            "common_shares": 1220309,
            "book_valuer_per_share": 31.17,
            "book_valuer_per_share_4q_avg": 31.66,
            "equity": 3859276,
            "current_ratio": 218.75,
            "debt_ratio": 49.35,
            "inventory_turnover_ratio": 0.63,
            "account_receivable_turnover_ratio": 0.73,
            "reinvestment_rate": 53.9,
            "research_to_sale_ratio": 1.51,
            "price_fair": 78.93,
            "eps_avg_yearly": 3.47,
            "eps_latest_yearly": 1.08,
            "eps_growth_yearly": 12.73
        },
        "20203": {
            "year_quarter": 20203,
            "year": 2020,
            "quarter": 3,
            "eps": 0.25,
            "eps_growth_year": 56.25,
            "eps_4q": 0.63,
            "eps_4q_growth_year": null,
            "roe": 0.81,
            "roe_4q": 2,
            "gross_profit": 165473,
            "gross_margin": 15.77,
            "gross_margin_4q_avg": 15.66,
            "net_income": 31050,
            "revenue": 1049298,
            "common_shares": 1256918,
            "book_valuer_per_share": 30.2,
            "book_valuer_per_share_4q_avg": 31.08,
            "equity": 3854456,
            "current_ratio": 171.53,
            "debt_ratio": 50,
            "inventory_turnover_ratio": 0.69,
            "account_receivable_turnover_ratio": 0.75,
            "reinvestment_rate": 70.22,
            "research_to_sale_ratio": 1.58,
            "price_fair": 8.44,
            "eps_avg_yearly": 2.81,
            "eps_latest_yearly": 1,
            "eps_growth_yearly": -39.51
        },
        "20204": {
            "year_quarter": 20204,
            "year": 2020,
            "quarter": 4,
            "eps": -0.28,
            "eps_growth_year": -202.12,
            "eps_4q": 0.09,
            "eps_4q_growth_year": 186.48,
            "roe": -0.93,
            "roe_4q": 0.21999999999999997,
            "gross_profit": 175836,
            "gross_margin": 16.95,
            "gross_margin_4q_avg": 15.69,
            "net_income": -35679,
            "revenue": 1037336,
            "common_shares": 1256918,
            "book_valuer_per_share": 30.02,
            "book_valuer_per_share_4q_avg": 30.6,
            "equity": 3832466,
            "current_ratio": 181.09,
            "debt_ratio": 49.25,
            "inventory_turnover_ratio": 0.7,
            "account_receivable_turnover_ratio": 0.67,
            "reinvestment_rate": 46.96,
            "research_to_sale_ratio": 1.46,
            "price_fair": 7.79,
            "eps_avg_yearly": 2.6,
            "eps_latest_yearly": 1,
            "eps_growth_yearly": -27.29
        },
        "20211": {
            "year_quarter": 20211,
            "year": 2021,
            "quarter": 1,
            "eps": 0.06,
            "eps_growth_year": null,
            "eps_4q": 0.5,
            "eps_4q_growth_year": null,
            "roe": 0.2,
            "roe_4q": 1.6600000000000001,
            "gross_profit": 144637,
            "gross_margin": 14.76,
            "gross_margin_4q_avg": 16.2,
            "net_income": 7586,
            "revenue": 979939,
            "common_shares": 1256918,
            "book_valuer_per_share": 29.76,
            "book_valuer_per_share_4q_avg": 30.29,
            "equity": 3799006,
            "current_ratio": 180.14,
            "debt_ratio": 50.75,
            "inventory_turnover_ratio": 0.67,
            "account_receivable_turnover_ratio": 0.6,
            "reinvestment_rate": 46.05,
            "research_to_sale_ratio": 2.01,
            "price_fair": 6.84,
            "eps_avg_yearly": 2.28,
            "eps_latest_yearly": 1,
            "eps_growth_yearly": -34.48
        },
        "20212": {
            "year_quarter": 20212,
            "year": 2021,
            "quarter": 2,
            "eps": 0.31,
            "eps_growth_year": -35.42,
            "eps_4q": 0.34,
            "eps_4q_growth_year": -35.19,
            "roe": 1.05,
            "roe_4q": 1.13,
            "gross_profit": 159754,
            "gross_margin": 15.14,
            "gross_margin_4q_avg": 15.66,
            "net_income": 39632,
            "revenue": 1055298,
            "common_shares": 1256918,
            "book_valuer_per_share": 29.29,
            "book_valuer_per_share_4q_avg": 29.82,
            "equity": 3737580,
            "current_ratio": 176.75,
            "debt_ratio": 51.76,
            "inventory_turnover_ratio": 0.7,
            "account_receivable_turnover_ratio": 0.68,
            "reinvestment_rate": 6.59,
            "research_to_sale_ratio": 1.85,
            "price_fair": 68.25,
            "eps_avg_yearly": 1.95,
            "eps_latest_yearly": 1.24,
            "eps_growth_yearly": 185.96
        },
        "20213": {
            "year_quarter": 20213,
            "year": 2021,
            "quarter": 3,
            "eps": 0.25,
            "eps_growth_year": 0,
            "eps_4q": 0.34,
            "eps_4q_growth_year": -45.06,
            "roe": 0.89,
            "roe_4q": 1.21,
            "gross_profit": 179828,
            "gross_margin": 15.88,
            "gross_margin_4q_avg": 15.68,
            "net_income": 32916,
            "revenue": 1132684,
            "common_shares": 1256918,
            "book_valuer_per_share": 28.55,
            "book_valuer_per_share_4q_avg": 29.41,
            "equity": 3648637,
            "current_ratio": 205.2,
            "debt_ratio": 54.19,
            "inventory_turnover_ratio": 0.72,
            "account_receivable_turnover_ratio": 0.72,
            "reinvestment_rate": 13.86,
            "research_to_sale_ratio": null,
            "price_fair": 47.6,
            "eps_avg_yearly": 1.36,
            "eps_latest_yearly": 1,
            "eps_growth_yearly": 152.57
        },
        "20214": {
            "year_quarter": 20214,
            "year": 2021,
            "quarter": 4,
            "eps": 0.63,
            "eps_growth_year": null,
            "eps_4q": 1.24,
            "eps_4q_growth_year": 1359.72,
            "roe": 2.26,
            "roe_4q": 4.4,
            "gross_profit": 203762,
            "gross_margin": 17.99,
            "gross_margin_4q_avg": 15.94,
            "net_income": 83453,
            "revenue": 1132792,
            "common_shares": 1294625,
            "book_valuer_per_share": 28.39,
            "book_valuer_per_share_4q_avg": 29,
            "equity": 3737048,
            "current_ratio": 212.85,
            "debt_ratio": 53.1,
            "inventory_turnover_ratio": 0.66,
            "account_receivable_turnover_ratio": 0.69,
            "reinvestment_rate": 19.21,
            "research_to_sale_ratio": null,
            "price_fair": 50.93,
            "eps_avg_yearly": 1.46,
            "eps_latest_yearly": 2.52,
            "eps_growth_yearly": 263.18
        },
        "20221": {
            "year_quarter": 20221,
            "year": 2022,
            "quarter": 1,
            "eps": 0.56,
            "eps_growth_year": 833.33,
            "eps_4q": 1.75,
            "eps_4q_growth_year": 252.18,
            "roe": 1.92,
            "roe_4q": 6.119999999999999,
            "gross_profit": 151802,
            "gross_margin": 14.78,
            "gross_margin_4q_avg": 15.95,
            "net_income": 74103,
            "revenue": 1027172,
            "common_shares": 1294625,
            "book_valuer_per_share": 30.25,
            "book_valuer_per_share_4q_avg": 29.12,
            "equity": 3982489,
            "current_ratio": 212.61,
            "debt_ratio": 52.27,
            "inventory_turnover_ratio": 0.56,
            "account_receivable_turnover_ratio": 0.63,
            "reinvestment_rate": 51.83,
            "research_to_sale_ratio": 1.92,
            "price_fair": 46.38,
            "eps_avg_yearly": 1.33,
            "eps_latest_yearly": 2.24,
            "eps_growth_yearly": 214.45
        },
        "20222": {
            "year_quarter": 20222,
            "year": 2022,
            "quarter": 2,
            "eps": 0.41,
            "eps_growth_year": 32.26,
            "eps_4q": 1.85,
            "eps_4q_growth_year": 437.74,
            "roe": 1.33,
            "roe_4q": 6.3999999999999995,
            "gross_profit": 171270,
            "gross_margin": 18.79,
            "gross_margin_4q_avg": 16.86,
            "net_income": 52625,
            "revenue": 911592,
            "common_shares": 1294625,
            "book_valuer_per_share": 30.02,
            "book_valuer_per_share_4q_avg": 29.3,
            "equity": 3950636,
            "current_ratio": 197.08,
            "debt_ratio": 52.54,
            "inventory_turnover_ratio": 0.45,
            "account_receivable_turnover_ratio": 0.62,
            "reinvestment_rate": 42.36,
            "research_to_sale_ratio": null,
            "price_fair": 48.65,
            "eps_avg_yearly": 1.39,
            "eps_latest_yearly": 1.64,
            "eps_growth_yearly": 233.98
        },
        "20223": {
            "year_quarter": 20223,
            "year": 2022,
            "quarter": 3,
            "eps": 0.18,
            "eps_growth_year": -28,
            "eps_4q": 1.78,
            "eps_4q_growth_year": 416.97,
            "roe": 0.58,
            "roe_4q": 6.09,
            "gross_profit": 180552,
            "gross_margin": 20.04,
            "gross_margin_4q_avg": 17.9,
            "net_income": 23640,
            "revenue": 901100,
            "common_shares": 1294625,
            "book_valuer_per_share": 31.59,
            "book_valuer_per_share_4q_avg": 30.06,
            "equity": 4154193,
            "current_ratio": 160.33,
            "debt_ratio": 50.05,
            "inventory_turnover_ratio": 0.49,
            "account_receivable_turnover_ratio": 0.64,
            "reinvestment_rate": 70.12,
            "research_to_sale_ratio": 2.11,
            "price_fair": 50.05,
            "eps_avg_yearly": 1.43,
            "eps_latest_yearly": 0.72,
            "eps_growth_yearly": 238.08
        },
        "20224": {
            "year_quarter": 20224,
            "year": 2022,
            "quarter": 4,
            "eps": -0.34,
            "eps_growth_year": -153.18,
            "eps_4q": 0.81,
            "eps_4q_growth_year": -35.08,
            "roe": -1.06,
            "roe_4q": 2.77,
            "gross_profit": 162143,
            "gross_margin": 18.23,
            "gross_margin_4q_avg": 17.96,
            "net_income": -43344,
            "revenue": 889496,
            "common_shares": 1294625,
            "book_valuer_per_share": 30.74,
            "book_valuer_per_share_4q_avg": 30.65,
            "equity": 4046341,
            "current_ratio": 183.65,
            "debt_ratio": 50.21,
            "inventory_turnover_ratio": 0.57,
            "account_receivable_turnover_ratio": 0.64,
            "reinvestment_rate": -31.57,
            "research_to_sale_ratio": 2,
            "price_fair": 50.05,
            "eps_avg_yearly": 1.43,
            "eps_latest_yearly": 0.72,
            "eps_growth_yearly": 238.08
        },
        "20231": {
            "year_quarter": 20231,
            "year": 2023,
            "quarter": 1,
            "eps": 0.06,
            "eps_growth_year": -89.29,
            "eps_4q": 0.32,
            "eps_4q_growth_year": -81.92,
            "roe": 0.17,
            "roe_4q": 1.02,
            "gross_profit": 117852,
            "gross_margin": 17.91,
            "gross_margin_4q_avg": 18.74,
            "net_income": 7073,
            "revenue": 658112,
            "common_shares": 1294625,
            "book_valuer_per_share": 30.73,
            "book_valuer_per_share_4q_avg": 30.77,
            "equity": 4044699,
            "current_ratio": 182.24,
            "debt_ratio": 50.32,
            "inventory_turnover_ratio": 0.47,
            "account_receivable_turnover_ratio": 0.55,
            "reinvestment_rate": -32.67,
            "research_to_sale_ratio": 2.99,
            "price_fair": 50.05,
            "eps_avg_yearly": 1.43,
            "eps_latest_yearly": 0.72,
            "eps_growth_yearly": 238.08
        }
    },
    "months": {
        "2003-12": {
            "month": "2003-12",
            "price": "20.30",
            "revenue": 107666
        },
        "2004-01": {
            "month": "2004-01",
            "price": "21.50",
            "revenue": 98100
        },
        "2004-02": {
            "month": "2004-02",
            "price": "24.17",
            "revenue": 116922
        },
        "2004-03": {
            "month": "2004-03",
            "price": "26.11",
            "revenue": 139111
        },
        "2004-04": {
            "month": "2004-04",
            "price": "27.69",
            "revenue": 124840
        },
        "2004-05": {
            "month": "2004-05",
            "price": "25.98",
            "revenue": 111543
        },
        "2004-06": {
            "month": "2004-06",
            "price": "25.39",
            "revenue": 95052
        },
        "2004-07": {
            "month": "2004-07",
            "price": "24.09",
            "revenue": 105317
        },
        "2004-08": {
            "month": "2004-08",
            "price": "23.40",
            "revenue": 135905
        },
        "2004-09": {
            "month": "2004-09",
            "price": "23.05",
            "revenue": 165524
        },
        "2004-10": {
            "month": "2004-10",
            "price": "22.86",
            "revenue": 168679
        },
        "2004-11": {
            "month": "2004-11",
            "price": "23.68",
            "revenue": 172307
        },
        "2004-12": {
            "month": "2004-12",
            "price": "23.76",
            "revenue": 130387
        },
        "2005-01": {
            "month": "2005-01",
            "price": "21.30",
            "revenue": 139807
        },
        "2005-02": {
            "month": "2005-02",
            "price": "21.37",
            "revenue": 97595
        },
        "2005-03": {
            "month": "2005-03",
            "price": "20.32",
            "revenue": 105149
        },
        "2005-04": {
            "month": "2005-04",
            "price": "19.82",
            "revenue": 135829
        },
        "2005-05": {
            "month": "2005-05",
            "price": "21.20",
            "revenue": 96233
        },
        "2005-06": {
            "month": "2005-06",
            "price": "20.49",
            "revenue": 107926
        },
        "2005-07": {
            "month": "2005-07",
            "price": "19.95",
            "revenue": 84970
        },
        "2005-08": {
            "month": "2005-08",
            "price": "19.49",
            "revenue": 136434
        },
        "2005-09": {
            "month": "2005-09",
            "price": "15.34",
            "revenue": 118988
        },
        "2005-10": {
            "month": "2005-10",
            "price": "14.52",
            "revenue": 141488
        },
        "2005-11": {
            "month": "2005-11",
            "price": "14.09",
            "revenue": 98610
        },
        "2005-12": {
            "month": "2005-12",
            "price": "14.27",
            "revenue": 98488
        },
        "2006-01": {
            "month": "2006-01",
            "price": "17.28",
            "revenue": 140149
        },
        "2006-02": {
            "month": "2006-02",
            "price": "16.55",
            "revenue": 129143
        },
        "2006-03": {
            "month": "2006-03",
            "price": "15.80",
            "revenue": 170833
        },
        "2006-04": {
            "month": "2006-04",
            "price": "19.11",
            "revenue": 160905
        },
        "2006-05": {
            "month": "2006-05",
            "price": "27.34",
            "revenue": 150541
        },
        "2006-06": {
            "month": "2006-06",
            "price": "25.77",
            "revenue": 135314
        },
        "2006-07": {
            "month": "2006-07",
            "price": "26.65",
            "revenue": 137829
        },
        "2006-08": {
            "month": "2006-08",
            "price": "33.27",
            "revenue": 171746
        },
        "2006-09": {
            "month": "2006-09",
            "price": "37.15",
            "revenue": 156664
        },
        "2006-10": {
            "month": "2006-10",
            "price": "35.24",
            "revenue": 106234
        },
        "2006-11": {
            "month": "2006-11",
            "price": "31.74",
            "revenue": 118917
        },
        "2006-12": {
            "month": "2006-12",
            "price": "35.09",
            "revenue": 107171
        },
        "2007-01": {
            "month": "2007-01",
            "price": "40.16",
            "revenue": 130013
        },
        "2007-02": {
            "month": "2007-02",
            "price": "35.94",
            "revenue": 108917
        },
        "2007-03": {
            "month": "2007-03",
            "price": "37.80",
            "revenue": 134525
        },
        "2007-04": {
            "month": "2007-04",
            "price": "35.94",
            "revenue": 145227
        },
        "2007-05": {
            "month": "2007-05",
            "price": "30.58",
            "revenue": 147516
        },
        "2007-06": {
            "month": "2007-06",
            "price": "32.86",
            "revenue": 154873
        },
        "2007-07": {
            "month": "2007-07",
            "price": "33.74",
            "revenue": 172241
        },
        "2007-08": {
            "month": "2007-08",
            "price": "29.48",
            "revenue": 195089
        },
        "2007-09": {
            "month": "2007-09",
            "price": "27.87",
            "revenue": 201808
        },
        "2007-10": {
            "month": "2007-10",
            "price": "24.25",
            "revenue": 185259
        },
        "2007-11": {
            "month": "2007-11",
            "price": "21.82",
            "revenue": 189241
        },
        "2007-12": {
            "month": "2007-12",
            "price": "19.72",
            "revenue": 152847
        },
        "2008-01": {
            "month": "2008-01",
            "price": "16.14",
            "revenue": 182218
        },
        "2008-02": {
            "month": "2008-02",
            "price": "15.27",
            "revenue": 173407
        },
        "2008-03": {
            "month": "2008-03",
            "price": "17.29",
            "revenue": 218123
        },
        "2008-04": {
            "month": "2008-04",
            "price": "19.06",
            "revenue": 235990
        },
        "2008-05": {
            "month": "2008-05",
            "price": "21.80",
            "revenue": 239817
        },
        "2008-06": {
            "month": "2008-06",
            "price": "23.72",
            "revenue": 201146
        },
        "2008-07": {
            "month": "2008-07",
            "price": "19.11",
            "revenue": 204059
        },
        "2008-08": {
            "month": "2008-08",
            "price": "19.25",
            "revenue": 205892
        },
        "2008-09": {
            "month": "2008-09",
            "price": "18.33",
            "revenue": 209566
        },
        "2008-10": {
            "month": "2008-10",
            "price": "14.21",
            "revenue": 196834
        },
        "2008-11": {
            "month": "2008-11",
            "price": "12.91",
            "revenue": 125575
        },
        "2008-12": {
            "month": "2008-12",
            "price": "11.47",
            "revenue": 124511
        },
        "2009-01": {
            "month": "2009-01",
            "price": "10.70",
            "revenue": 125287
        },
        "2009-02": {
            "month": "2009-02",
            "price": "11.09",
            "revenue": 168435
        },
        "2009-03": {
            "month": "2009-03",
            "price": "13.38",
            "revenue": 227332
        },
        "2009-04": {
            "month": "2009-04",
            "price": "20.95",
            "revenue": 210640
        },
        "2009-05": {
            "month": "2009-05",
            "price": "29.12",
            "revenue": 213697
        },
        "2009-06": {
            "month": "2009-06",
            "price": "28.86",
            "revenue": 285895
        },
        "2009-07": {
            "month": "2009-07",
            "price": "35.06",
            "revenue": 309225
        },
        "2009-08": {
            "month": "2009-08",
            "price": "48.24",
            "revenue": 295719
        },
        "2009-09": {
            "month": "2009-09",
            "price": "54.75",
            "revenue": 308006
        },
        "2009-10": {
            "month": "2009-10",
            "price": "51.82",
            "revenue": 261537
        },
        "2009-11": {
            "month": "2009-11",
            "price": "49.55",
            "revenue": 271177
        },
        "2009-12": {
            "month": "2009-12",
            "price": "55.19",
            "revenue": 275677
        },
        "2010-01": {
            "month": "2010-01",
            "price": "51.28",
            "revenue": 261268
        },
        "2010-02": {
            "month": "2010-02",
            "price": "46.26",
            "revenue": 213552
        },
        "2010-03": {
            "month": "2010-03",
            "price": "51.49",
            "revenue": 263303
        },
        "2010-04": {
            "month": "2010-04",
            "price": "57.60",
            "revenue": 273333
        },
        "2010-05": {
            "month": "2010-05",
            "price": "57.83",
            "revenue": 277768
        },
        "2010-06": {
            "month": "2010-06",
            "price": "53.37",
            "revenue": 289863
        },
        "2010-07": {
            "month": "2010-07",
            "price": "52.21",
            "revenue": 279299
        },
        "2010-08": {
            "month": "2010-08",
            "price": "50.42",
            "revenue": 290584
        },
        "2010-09": {
            "month": "2010-09",
            "price": "51.18",
            "revenue": 188136
        },
        "2010-10": {
            "month": "2010-10",
            "price": "49.67",
            "revenue": 263240
        },
        "2010-11": {
            "month": "2010-11",
            "price": "48.11",
            "revenue": 284167
        },
        "2010-12": {
            "month": "2010-12",
            "price": "50.58",
            "revenue": 262714
        },
        "2011-01": {
            "month": "2011-01",
            "price": "52.84",
            "revenue": 256765
        },
        "2011-02": {
            "month": "2011-02",
            "price": "52.21",
            "revenue": 216073
        },
        "2011-03": {
            "month": "2011-03",
            "price": "51.25",
            "revenue": 277863
        },
        "2011-04": {
            "month": "2011-04",
            "price": "52.26",
            "revenue": 303592
        },
        "2011-05": {
            "month": "2011-05",
            "price": "50.80",
            "revenue": 278069
        },
        "2011-06": {
            "month": "2011-06",
            "price": "53.76",
            "revenue": 249258
        },
        "2011-07": {
            "month": "2011-07",
            "price": "51.39",
            "revenue": 284228
        },
        "2011-08": {
            "month": "2011-08",
            "price": "36.63",
            "revenue": 296214
        },
        "2011-09": {
            "month": "2011-09",
            "price": "35.20",
            "revenue": 304353
        },
        "2011-10": {
            "month": "2011-10",
            "price": "32.26",
            "revenue": 243561
        },
        "2011-11": {
            "month": "2011-11",
            "price": "31.63",
            "revenue": 268838
        },
        "2011-12": {
            "month": "2011-12",
            "price": "27.67",
            "revenue": 260285
        },
        "2012-01": {
            "month": "2012-01",
            "price": "29.85",
            "revenue": 200278
        },
        "2012-02": {
            "month": "2012-02",
            "price": "36.78",
            "revenue": 250994
        },
        "2012-03": {
            "month": "2012-03",
            "price": "39.50",
            "revenue": 277921
        },
        "2012-04": {
            "month": "2012-04",
            "price": "39.11",
            "revenue": 260701
        },
        "2012-05": {
            "month": "2012-05",
            "price": "36.99",
            "revenue": 265899
        },
        "2012-06": {
            "month": "2012-06",
            "price": "33.21",
            "revenue": 246233
        },
        "2012-07": {
            "month": "2012-07",
            "price": "32.07",
            "revenue": 255159
        },
        "2012-08": {
            "month": "2012-08",
            "price": "33.60",
            "revenue": 263361
        },
        "2012-09": {
            "month": "2012-09",
            "price": "36.99",
            "revenue": 264879
        },
        "2012-10": {
            "month": "2012-10",
            "price": "36.49",
            "revenue": 277958
        },
        "2012-11": {
            "month": "2012-11",
            "price": "36.84",
            "revenue": 253071
        },
        "2012-12": {
            "month": "2012-12",
            "price": "36.93",
            "revenue": 271090
        },
        "2013-01": {
            "month": "2013-01",
            "price": "39.66",
            "revenue": 276690
        },
        "2013-02": {
            "month": "2013-02",
            "price": "41.65",
            "revenue": 176027
        },
        "2013-03": {
            "month": "2013-03",
            "price": "42.79",
            "revenue": 222228
        },
        "2013-04": {
            "month": "2013-04",
            "price": "42.62",
            "revenue": 250414
        },
        "2013-05": {
            "month": "2013-05",
            "price": "43.36",
            "revenue": 252227
        },
        "2013-06": {
            "month": "2013-06",
            "price": "42.53",
            "revenue": 247053
        },
        "2013-07": {
            "month": "2013-07",
            "price": "41.93",
            "revenue": 260167
        },
        "2013-08": {
            "month": "2013-08",
            "price": "42.88",
            "revenue": 270771
        },
        "2013-09": {
            "month": "2013-09",
            "price": "48.88",
            "revenue": 271255
        },
        "2013-10": {
            "month": "2013-10",
            "price": "48.56",
            "revenue": 260215
        },
        "2013-11": {
            "month": "2013-11",
            "price": "46.41",
            "revenue": 263564
        },
        "2013-12": {
            "month": "2013-12",
            "price": "48.99",
            "revenue": 251468
        },
        "2014-01": {
            "month": "2014-01",
            "price": "53.28",
            "revenue": 257893
        },
        "2014-02": {
            "month": "2014-02",
            "price": "57.16",
            "revenue": 208882
        },
        "2014-03": {
            "month": "2014-03",
            "price": "62.20",
            "revenue": 258128
        },
        "2014-04": {
            "month": "2014-04",
            "price": "60.48",
            "revenue": 278558
        },
        "2014-05": {
            "month": "2014-05",
            "price": "56.30",
            "revenue": 280595
        },
        "2014-06": {
            "month": "2014-06",
            "price": "55.58",
            "revenue": 260808
        },
        "2014-07": {
            "month": "2014-07",
            "price": "53.57",
            "revenue": 301906
        },
        "2014-08": {
            "month": "2014-08",
            "price": "55.06",
            "revenue": 291372
        },
        "2014-09": {
            "month": "2014-09",
            "price": "53.07",
            "revenue": 291575
        },
        "2014-10": {
            "month": "2014-10",
            "price": "49.87",
            "revenue": 240212
        },
        "2014-11": {
            "month": "2014-11",
            "price": "47.21",
            "revenue": 240834
        },
        "2014-12": {
            "month": "2014-12",
            "price": "47.21",
            "revenue": 253301
        },
        "2015-01": {
            "month": "2015-01",
            "price": "47.46",
            "revenue": 286386
        },
        "2015-02": {
            "month": "2015-02",
            "price": "49.37",
            "revenue": 187521
        },
        "2015-03": {
            "month": "2015-03",
            "price": "51.87",
            "revenue": 233546
        },
        "2015-04": {
            "month": "2015-04",
            "price": "48.19",
            "revenue": 235136
        },
        "2015-05": {
            "month": "2015-05",
            "price": "45.59",
            "revenue": 260680
        },
        "2015-06": {
            "month": "2015-06",
            "price": "43.97",
            "revenue": 241959
        },
        "2015-07": {
            "month": "2015-07",
            "price": "40.41",
            "revenue": 280713
        },
        "2015-08": {
            "month": "2015-08",
            "price": "36.05",
            "revenue": 283676
        },
        "2015-09": {
            "month": "2015-09",
            "price": "36.93",
            "revenue": 301949
        },
        "2015-10": {
            "month": "2015-10",
            "price": "38.39",
            "revenue": 280050
        },
        "2015-11": {
            "month": "2015-11",
            "price": "35.90",
            "revenue": 319586
        },
        "2015-12": {
            "month": "2015-12",
            "price": "36.07",
            "revenue": 353406
        },
        "2016-01": {
            "month": "2016-01",
            "price": "39.86",
            "revenue": 333848
        },
        "2016-02": {
            "month": "2016-02",
            "price": "40.32",
            "revenue": 219384
        },
        "2016-03": {
            "month": "2016-03",
            "price": "42.67",
            "revenue": 253397
        },
        "2016-04": {
            "month": "2016-04",
            "price": "42.84",
            "revenue": 254910
        },
        "2016-05": {
            "month": "2016-05",
            "price": "42.11",
            "revenue": 275196
        },
        "2016-06": {
            "month": "2016-06",
            "price": "44.35",
            "revenue": 284423
        },
        "2016-07": {
            "month": "2016-07",
            "price": "46.30",
            "revenue": 290734
        },
        "2016-08": {
            "month": "2016-08",
            "price": "49.06",
            "revenue": 340229
        },
        "2016-09": {
            "month": "2016-09",
            "price": "51.53",
            "revenue": 310507
        },
        "2016-10": {
            "month": "2016-10",
            "price": "52.89",
            "revenue": 337042
        },
        "2016-11": {
            "month": "2016-11",
            "price": "57.12",
            "revenue": 315182
        },
        "2016-12": {
            "month": "2016-12",
            "price": "61.33",
            "revenue": 312192
        },
        "2017-01": {
            "month": "2017-01",
            "price": "58.53",
            "revenue": 262636
        },
        "2017-02": {
            "month": "2017-02",
            "price": "58.48",
            "revenue": 235405
        },
        "2017-03": {
            "month": "2017-03",
            "price": "57.02",
            "revenue": 262313
        },
        "2017-04": {
            "month": "2017-04",
            "price": "55.08",
            "revenue": 293627
        },
        "2017-05": {
            "month": "2017-05",
            "price": "56.33",
            "revenue": 279771
        },
        "2017-06": {
            "month": "2017-06",
            "price": "57.97",
            "revenue": 258577
        },
        "2017-07": {
            "month": "2017-07",
            "price": "54.91",
            "revenue": 287311
        },
        "2017-08": {
            "month": "2017-08",
            "price": "52.98",
            "revenue": 324079
        },
        "2017-09": {
            "month": "2017-09",
            "price": "54.95",
            "revenue": 335989
        },
        "2017-10": {
            "month": "2017-10",
            "price": "55.98",
            "revenue": 333149
        },
        "2017-11": {
            "month": "2017-11",
            "price": "56.65",
            "revenue": 346267
        },
        "2017-12": {
            "month": "2017-12",
            "price": "62.23",
            "revenue": 334218
        },
        "2018-01": {
            "month": "2018-01",
            "price": "70.36",
            "revenue": 344483
        },
        "2018-02": {
            "month": "2018-02",
            "price": "68.51",
            "revenue": 237576
        },
        "2018-03": {
            "month": "2018-03",
            "price": "68.41",
            "revenue": 246754
        },
        "2018-04": {
            "month": "2018-04",
            "price": "63.18",
            "revenue": 294099
        },
        "2018-05": {
            "month": "2018-05",
            "price": "62.70",
            "revenue": 333891
        },
        "2018-06": {
            "month": "2018-06",
            "price": "66.99",
            "revenue": 337359
        },
        "2018-07": {
            "month": "2018-07",
            "price": "63.47",
            "revenue": 364369
        },
        "2018-08": {
            "month": "2018-08",
            "price": "52.87",
            "revenue": 401228
        },
        "2018-09": {
            "month": "2018-09",
            "price": "45.51",
            "revenue": 317108
        },
        "2018-10": {
            "month": "2018-10",
            "price": "38.13",
            "revenue": 305916
        },
        "2018-11": {
            "month": "2018-11",
            "price": "36.22",
            "revenue": 302172
        },
        "2018-12": {
            "month": "2018-12",
            "price": "37.43",
            "revenue": 282687
        },
        "2019-01": {
            "month": "2019-01",
            "price": "36.10",
            "revenue": 279026
        },
        "2019-02": {
            "month": "2019-02",
            "price": "38.07",
            "revenue": 198011
        },
        "2019-03": {
            "month": "2019-03",
            "price": "37.48",
            "revenue": 238657
        },
        "2019-04": {
            "month": "2019-04",
            "price": "38.04",
            "revenue": 276300
        },
        "2019-05": {
            "month": "2019-05",
            "price": "36.31",
            "revenue": 331091
        },
        "2019-06": {
            "month": "2019-06",
            "price": "34.83",
            "revenue": 317289
        },
        "2019-07": {
            "month": "2019-07",
            "price": "35.80",
            "revenue": 331621
        },
        "2019-08": {
            "month": "2019-08",
            "price": "34.14",
            "revenue": 375266
        },
        "2019-09": {
            "month": "2019-09",
            "price": "34.49",
            "revenue": 392243
        },
        "2019-10": {
            "month": "2019-10",
            "price": "34.77",
            "revenue": 307711
        },
        "2019-11": {
            "month": "2019-11",
            "price": "34.36",
            "revenue": 344702
        },
        "2019-12": {
            "month": "2019-12",
            "price": "35.79",
            "revenue": 349920
        },
        "2020-01": {
            "month": "2020-01",
            "price": "34.92",
            "revenue": 281894
        },
        "2020-02": {
            "month": "2020-02",
            "price": "33.71",
            "revenue": 216621
        },
        "2020-03": {
            "month": "2020-03",
            "price": "29.99",
            "revenue": 226792
        },
        "2020-04": {
            "month": "2020-04",
            "price": "30.89",
            "revenue": 287471
        },
        "2020-05": {
            "month": "2020-05",
            "price": "34.04",
            "revenue": 337738
        },
        "2020-06": {
            "month": "2020-06",
            "price": "35.28",
            "revenue": 337455
        },
        "2020-07": {
            "month": "2020-07",
            "price": "35.69",
            "revenue": 308920
        },
        "2020-08": {
            "month": "2020-08",
            "price": "35.58",
            "revenue": 335194
        },
        "2020-09": {
            "month": "2020-09",
            "price": "35.17",
            "revenue": 369047
        },
        "2020-10": {
            "month": "2020-10",
            "price": "34.95",
            "revenue": 326865
        },
        "2020-11": {
            "month": "2020-11",
            "price": "39.76",
            "revenue": 356889
        },
        "2020-12": {
            "month": "2020-12",
            "price": "43.22",
            "revenue": 388642
        },
        "2021-01": {
            "month": "2021-01",
            "price": "43.68",
            "revenue": 382899
        },
        "2021-02": {
            "month": "2021-02",
            "price": "43.52",
            "revenue": 308440
        },
        "2021-03": {
            "month": "2021-03",
            "price": "45.78",
            "revenue": 288467
        },
        "2021-04": {
            "month": "2021-04",
            "price": "55.59",
            "revenue": 333969
        },
        "2021-05": {
            "month": "2021-05",
            "price": "45.56",
            "revenue": 351705
        },
        "2021-06": {
            "month": "2021-06",
            "price": "48.63",
            "revenue": 381838
        },
        "2021-07": {
            "month": "2021-07",
            "price": "50.08",
            "revenue": 403194
        },
        "2021-08": {
            "month": "2021-08",
            "price": "47.38",
            "revenue": 382831
        },
        "2021-09": {
            "month": "2021-09",
            "price": "48.08",
            "revenue": 346749
        },
        "2021-10": {
            "month": "2021-10",
            "price": "46.46",
            "revenue": 327133
        },
        "2021-11": {
            "month": "2021-11",
            "price": "46.51",
            "revenue": 393686
        },
        "2021-12": {
            "month": "2021-12",
            "price": "47.20",
            "revenue": 439515
        },
        "2022-01": {
            "month": "2022-01",
            "price": "45.90",
            "revenue": 416350
        },
        "2022-02": {
            "month": "2022-02",
            "price": "44.16",
            "revenue": 299422
        },
        "2022-03": {
            "month": "2022-03",
            "price": "42.24",
            "revenue": 323004
        },
        "2022-04": {
            "month": "2022-04",
            "price": "41.23",
            "revenue": 327050
        },
        "2022-05": {
            "month": "2022-05",
            "price": "39.19",
            "revenue": 324229
        },
        "2022-06": {
            "month": "2022-06",
            "price": "39.11",
            "revenue": 284871
        },
        "2022-07": {
            "month": "2022-07",
            "price": "35.65",
            "revenue": 319250
        },
        "2022-08": {
            "month": "2022-08",
            "price": "36.50",
            "revenue": 313333
        },
        "2022-09": {
            "month": "2022-09",
            "price": "37.35",
            "revenue": 308598
        },
        "2022-10": {
            "month": "2022-10",
            "price": "35.76",
            "revenue": 282265
        },
        "2022-11": {
            "month": "2022-11",
            "price": "34.90",
            "revenue": 291782
        },
        "2022-12": {
            "month": "2022-12",
            "price": "35.74",
            "revenue": 303921
        },
        "2023-01": {
            "month": "2023-01",
            "price": "34.92",
            "revenue": 188215
        },
        "2023-02": {
            "month": "2023-02",
            "price": "35.59",
            "revenue": 226870
        },
        "2023-03": {
            "month": "2023-03",
            "price": "37.06",
            "revenue": 240227
        },
        "2023-04": {
            "month": "2023-04",
            "price": "37.10",
            "revenue": 276573
        }
    }
}
