{
    "summary": {
        "stock_name": "蜜望實",
        "stock_id": "8043",
        "category": "電子零組件",
        "main_business": "(1).一般進出口業務<br>(2).電子零件之買買<br>(3).代理國內外廠商有關產品之經銷報價及投標業務",
        "website_url": "http://www.threehhh.com.tw",
        "ceo": "林訓民",
        "pe_ratio": 41,
        "report_year_from": 2002,
        "report_year_to": 2023,
        "age": 21,
        "eps_negative_percentage": 5,
        "eps_growth_avg": {
            "last_all": 0.02,
            "last_2y": 14.88,
            "last_4y": 12.81,
            "last_8y": 4.07,
            "last_12y": 5.48,
            "last_16y": 2.21,
            "last_20y": null,
            "at_2006_last_3y": -10.24,
            "at_2007_last_3y": -4.04,
            "at_2008_last_3y": -10.8,
            "at_2009_last_3y": -8.39,
            "at_2010_last_3y": -4.42,
            "at_2011_last_3y": -0.33,
            "at_2012_last_3y": 3.86,
            "at_2013_last_3y": 8.64,
            "at_2014_last_3y": 5.21,
            "at_2015_last_3y": -4,
            "at_2016_last_3y": 8.35,
            "at_2017_last_3y": -6.85,
            "at_2018_last_3y": 18.55,
            "at_2019_last_3y": 1.39,
            "at_2020_last_3y": -16.28,
            "at_2021_last_3y": 14.04,
            "at_2022_last_3y": -8.99,
            "at_2023_last_3y": -8.99,
            "at_2006_last_all": -10.24,
            "at_2007_last_all": -6.5,
            "at_2008_last_all": -15.2,
            "at_2009_last_all": -10.11,
            "at_2010_last_all": -7.33,
            "at_2011_last_all": -3.75,
            "at_2012_last_all": -7.58,
            "at_2013_last_all": -3.29,
            "at_2014_last_all": -3.15,
            "at_2015_last_all": -3.83,
            "at_2016_last_all": -3.03,
            "at_2017_last_all": -4.24,
            "at_2018_last_all": 2.27,
            "at_2019_last_all": -2.6,
            "at_2020_last_all": -5.97,
            "at_2021_last_all": -0.39,
            "at_2022_last_all": 0.02,
            "at_2023_last_all": 0.02
        },
        "latest_eps": 0.71,
        "latest_price": 28.8,
        "latest_roe": 2.22,
        "latest_gross_margin": 0.65,
        "latest_equity": 2513620,
        "latest_revenue": 1249475,
        "latest_gross_profit": 8104,
        "latest_net_income": -39486,
        "latest_debt_ratio": 36.15,
        "latest_current_ratio": 281,
        "latest_account_receivable_turnover_ratio": 0.59,
        "latest_inventory_turnover_ratio": 1.17,
        "latest_reinvestment_rate": -3.22,
        "latest_research_to_sale_ratio": null
    },
    "eps_dividends": {
        "2001": {
            "cash": 0,
            "stock": 0,
            "eps": 0
        },
        "2002": {
            "cash": 0,
            "stock": 0,
            "eps": 5.02
        },
        "2003": {
            "cash": 2,
            "stock": 2,
            "eps": 4.2
        },
        "2004": {
            "cash": 1.3,
            "stock": 1.3,
            "eps": 2.87
        },
        "2005": {
            "cash": 0.8,
            "stock": 1,
            "eps": 3.18
        },
        "2006": {
            "cash": 1,
            "stock": 1,
            "eps": 3.06
        },
        "2007": {
            "cash": 1.2,
            "stock": 1.1,
            "eps": 3.32
        },
        "2008": {
            "cash": 1.33,
            "stock": 0,
            "eps": 1.37
        },
        "2009": {
            "cash": 0.2,
            "stock": 0,
            "eps": 1.65
        },
        "2010": {
            "cash": 0.7,
            "stock": 0,
            "eps": 1.85
        },
        "2011": {
            "cash": 0.85,
            "stock": 0,
            "eps": 2.31
        },
        "2012": {
            "cash": 1,
            "stock": 0,
            "eps": 1.34
        },
        "2013": {
            "cash": 0.7,
            "stock": 0,
            "eps": 1.87
        },
        "2014": {
            "cash": 0.5,
            "stock": 0,
            "eps": 1.84
        },
        "2015": {
            "cash": 1,
            "stock": 0,
            "eps": 1.62
        },
        "2016": {
            "cash": 0.8,
            "stock": 0,
            "eps": 1.74
        },
        "2017": {
            "cash": 1,
            "stock": 0,
            "eps": 1.37
        },
        "2018": {
            "cash": 0.8,
            "stock": 0,
            "eps": 5.05
        },
        "2019": {
            "cash": 2.6,
            "stock": 0,
            "eps": 0.98
        },
        "2020": {
            "cash": 0.5,
            "stock": 0,
            "eps": 0.36
        },
        "2021": {
            "cash": 0.2,
            "stock": 0,
            "eps": 1.77
        },
        "2022": {
            "cash": 1,
            "stock": 0,
            "eps": 1.91
        },
        "2023": {
            "cash": 1.08,
            "stock": 0,
            "eps": -0.5
        }
    },
    "dividends": {
        "2003-06-09": {
            "cash": 2,
            "stock": 2
        },
        "2004-03-17": {
            "cash": 1.3,
            "stock": 1.3
        },
        "2005-04-26": {
            "cash": 0.8,
            "stock": 1
        },
        "2006-04-26": {
            "cash": 1,
            "stock": 1
        },
        "2007-04-26": {
            "cash": 1.2,
            "stock": 1.1
        },
        "2008-04-25": {
            "cash": 1.33,
            "stock": 0
        },
        "2009-04-23": {
            "cash": 0.2,
            "stock": 0
        },
        "2010-04-22": {
            "cash": 0.7,
            "stock": 0
        },
        "2011-04-22": {
            "cash": 0.85,
            "stock": 0
        },
        "2012-06-27": {
            "cash": 1,
            "stock": 0
        },
        "2013-06-13": {
            "cash": 0.7,
            "stock": 0
        },
        "2014-08-13": {
            "cash": 0.5,
            "stock": 0
        },
        "2015-09-11": {
            "cash": 1,
            "stock": 0
        },
        "2016-09-09": {
            "cash": 0.8,
            "stock": 0
        },
        "2017-09-15": {
            "cash": 1,
            "stock": 0
        },
        "2018-09-14": {
            "cash": 0.8,
            "stock": 0
        },
        "2019-09-11": {
            "cash": 2.6,
            "stock": 0
        },
        "2020-09-09": {
            "cash": 0.5,
            "stock": 0
        },
        "2021-09-09": {
            "cash": 0.2,
            "stock": 0
        },
        "2022-09-02": {
            "cash": 1,
            "stock": 0
        },
        "2023-03-10": {
            "cash": 1.08,
            "stock": 0
        }
    },
    "prices": {
        "200101": "無",
        "200102": "無",
        "200103": "無",
        "200104": "無",
        "200105": "無",
        "200106": "無",
        "200107": "無",
        "200108": "無",
        "200109": "無",
        "200110": "無",
        "200111": "無",
        "200112": "無",
        "200201": "無",
        "200202": "無",
        "200203": "無",
        "200204": "無",
        "200205": "無",
        "200206": "無",
        "200207": "無",
        "200208": "無",
        "200209": "無",
        "200210": "無",
        "200211": "無",
        "200212": "無",
        "200301": "無",
        "200302": "無",
        "200303": "無",
        "200304": "無",
        "200305": "無",
        "200306": "無",
        "200307": "無",
        "200308": "無",
        "200309": "64.82",
        "200310": "58.42",
        "200311": "58.62",
        "200312": "58.50",
        "200401": "52.87",
        "200402": "53.18",
        "200403": "48.30",
        "200404": "48.91",
        "200405": "42.40",
        "200406": "42.94",
        "200407": "48.31",
        "200408": "37.08",
        "200409": "29.06",
        "200410": "25.66",
        "200411": "24.32",
        "200412": "20.49",
        "200501": "18.06",
        "200502": "19.80",
        "200503": "21.68",
        "200504": "19.55",
        "200505": "18.37",
        "200506": "20.29",
        "200507": "22.03",
        "200508": "22.15",
        "200509": "27.05",
        "200510": "28.57",
        "200511": "27.79",
        "200512": "30.53",
        "200601": "34.33",
        "200602": "30.46",
        "200603": "29.29",
        "200604": "31.22",
        "200605": "28.66",
        "200606": "23.02",
        "200607": "23.42",
        "200608": "24.74",
        "200609": "23.61",
        "200610": "24.90",
        "200611": "28.35",
        "200612": "30.03",
        "200701": "30.83",
        "200702": "33.67",
        "200703": "42.88",
        "200704": "42.34",
        "200705": "40.24",
        "200706": "41.37",
        "200707": "41.19",
        "200708": "37.17",
        "200709": "35.62",
        "200710": "35.17",
        "200711": "28.48",
        "200712": "24.50",
        "200801": "22.36",
        "200802": "22.65",
        "200803": "22.10",
        "200804": "24.44",
        "200805": "21.90",
        "200806": "18.32",
        "200807": "14.57",
        "200808": "15.30",
        "200809": "11.33",
        "200810": "9.87",
        "200811": "8.11",
        "200812": "7.27",
        "200901": "7.22",
        "200902": "7.73",
        "200903": "9.33",
        "200904": "10.65",
        "200905": "12.85",
        "200906": "13.36",
        "200907": "15.36",
        "200908": "15.83",
        "200909": "17.60",
        "200910": "19.27",
        "200911": "18.92",
        "200912": "20.48",
        "201001": "21.14",
        "201002": "20.05",
        "201003": "22.13",
        "201004": "24.08",
        "201005": "21.75",
        "201006": "21.03",
        "201007": "21.56",
        "201008": "21.93",
        "201009": "22.24",
        "201010": "22.35",
        "201011": "20.30",
        "201012": "21.02",
        "201101": "20.70",
        "201102": "20.67",
        "201103": "19.81",
        "201104": "19.79",
        "201105": "19.48",
        "201106": "19.08",
        "201107": "18.40",
        "201108": "16.34",
        "201109": "15.43",
        "201110": "16.14",
        "201111": "16.99",
        "201112": "16.14",
        "201201": "16.09",
        "201202": "17.91",
        "201203": "17.93",
        "201204": "16.40",
        "201205": "15.25",
        "201206": "14.66",
        "201207": "14.71",
        "201208": "15.06",
        "201209": "14.83",
        "201210": "14.24",
        "201211": "13.18",
        "201212": "13.71",
        "201301": "14.38",
        "201302": "15.18",
        "201303": "15.36",
        "201304": "16.29",
        "201305": "17.43",
        "201306": "17.68",
        "201307": "17.16",
        "201308": "16.90",
        "201309": "16.53",
        "201310": "16.80",
        "201311": "17.11",
        "201312": "17.52",
        "201401": "18.62",
        "201402": "18.31",
        "201403": "18.43",
        "201404": "17.58",
        "201405": "17.83",
        "201406": "19.67",
        "201407": "19.27",
        "201408": "17.37",
        "201409": "17.02",
        "201410": "18.02",
        "201411": "18.32",
        "201412": "17.81",
        "201501": "18.29",
        "201502": "18.44",
        "201503": "18.65",
        "201504": "18.98",
        "201505": "17.84",
        "201506": "16.35",
        "201507": "15.80",
        "201508": "13.84",
        "201509": "12.79",
        "201510": "13.89",
        "201511": "14.70",
        "201512": "14.78",
        "201601": "14.47",
        "201602": "14.86",
        "201603": "15.17",
        "201604": "14.78",
        "201605": "14.37",
        "201606": "14.69",
        "201607": "15.04",
        "201608": "15.89",
        "201609": "16.56",
        "201610": "16.44",
        "201611": "15.86",
        "201612": "16.18",
        "201701": "16.95",
        "201702": "18.07",
        "201703": "17.95",
        "201704": "18.13",
        "201705": "17.44",
        "201706": "19.58",
        "201707": "21.26",
        "201708": "20.58",
        "201709": "20.32",
        "201710": "19.89",
        "201711": "22.92",
        "201712": "23.71",
        "201801": "27.03",
        "201802": "29.22",
        "201803": "27.67",
        "201804": "30.66",
        "201805": "43.66",
        "201806": "64.09",
        "201807": "76.43",
        "201808": "61.58",
        "201809": "54.38",
        "201810": "40.52",
        "201811": "37.97",
        "201812": "39.96",
        "201901": "36.85",
        "201902": "42.28",
        "201903": "39.54",
        "201904": "41.92",
        "201905": "36.26",
        "201906": "35.32",
        "201907": "37.22",
        "201908": "34.08",
        "201909": "33.29",
        "201910": "33.72",
        "201911": "31.96",
        "201912": "31.38",
        "202001": "33.11",
        "202002": "29.89",
        "202003": "21.46",
        "202004": "22.93",
        "202005": "27.03",
        "202006": "25.26",
        "202007": "25.63",
        "202008": "25.47",
        "202009": "24.06",
        "202010": "23.92",
        "202011": "26.16",
        "202012": "29.10",
        "202101": "29.68",
        "202102": "30.78",
        "202103": "32.04",
        "202104": "32.83",
        "202105": "28.33",
        "202106": "29.85",
        "202107": "32.97",
        "202108": "28.35",
        "202109": "26.32",
        "202110": "24.80",
        "202111": "27.01",
        "202112": "27.19",
        "202201": "27.98",
        "202202": "26.90",
        "202203": "25.87",
        "202204": "24.73",
        "202205": "23.63",
        "202206": "24.73",
        "202207": "24.49",
        "202208": "25.83",
        "202209": "25.43",
        "202210": "23.78",
        "202211": "25.54",
        "202212": "25.44",
        "202301": "26.70",
        "202302": "28.59",
        "202303": "29.16",
        "202304": "28.10",
        "202305": "27.95"
    },
    "quarters": {
        "20011": {
            "year_quarter": 20011,
            "year": 2001,
            "quarter": 1,
            "eps": null,
            "eps_growth_year": null,
            "eps_4q": null,
            "eps_4q_growth_year": null,
            "roe": null,
            "roe_4q": 0,
            "gross_profit": null,
            "gross_margin": null,
            "gross_margin_4q_avg": 0,
            "net_income": null,
            "revenue": null,
            "common_shares": null,
            "book_valuer_per_share": null,
            "book_valuer_per_share_4q_avg": 0,
            "equity": null,
            "current_ratio": null,
            "debt_ratio": null,
            "inventory_turnover_ratio": null,
            "account_receivable_turnover_ratio": null,
            "reinvestment_rate": null,
            "research_to_sale_ratio": null,
            "price_fair": 0,
            "eps_avg_yearly": 0,
            "eps_latest_yearly": 0,
            "eps_growth_yearly": 0
        },
        "20012": {
            "year_quarter": 20012,
            "year": 2001,
            "quarter": 2,
            "eps": null,
            "eps_growth_year": null,
            "eps_4q": null,
            "eps_4q_growth_year": null,
            "roe": null,
            "roe_4q": 0,
            "gross_profit": null,
            "gross_margin": null,
            "gross_margin_4q_avg": 0,
            "net_income": null,
            "revenue": null,
            "common_shares": null,
            "book_valuer_per_share": null,
            "book_valuer_per_share_4q_avg": 0,
            "equity": null,
            "current_ratio": null,
            "debt_ratio": null,
            "inventory_turnover_ratio": null,
            "account_receivable_turnover_ratio": null,
            "reinvestment_rate": null,
            "research_to_sale_ratio": null,
            "price_fair": 0,
            "eps_avg_yearly": 0,
            "eps_latest_yearly": 0,
            "eps_growth_yearly": 0
        },
        "20013": {
            "year_quarter": 20013,
            "year": 2001,
            "quarter": 3,
            "eps": null,
            "eps_growth_year": null,
            "eps_4q": null,
            "eps_4q_growth_year": null,
            "roe": null,
            "roe_4q": 0,
            "gross_profit": null,
            "gross_margin": null,
            "gross_margin_4q_avg": 0,
            "net_income": null,
            "revenue": null,
            "common_shares": null,
            "book_valuer_per_share": null,
            "book_valuer_per_share_4q_avg": 0,
            "equity": null,
            "current_ratio": null,
            "debt_ratio": null,
            "inventory_turnover_ratio": null,
            "account_receivable_turnover_ratio": null,
            "reinvestment_rate": null,
            "research_to_sale_ratio": null,
            "price_fair": 0,
            "eps_avg_yearly": 0,
            "eps_latest_yearly": 0,
            "eps_growth_yearly": 0
        },
        "20014": {
            "year_quarter": 20014,
            "year": 2001,
            "quarter": 4,
            "eps": null,
            "eps_growth_year": null,
            "eps_4q": null,
            "eps_4q_growth_year": null,
            "roe": null,
            "roe_4q": 0,
            "gross_profit": null,
            "gross_margin": null,
            "gross_margin_4q_avg": 0,
            "net_income": null,
            "revenue": null,
            "common_shares": 270906,
            "book_valuer_per_share": 16.54,
            "book_valuer_per_share_4q_avg": 4.14,
            "equity": 448129,
            "current_ratio": 150.71,
            "debt_ratio": 64.73,
            "inventory_turnover_ratio": null,
            "account_receivable_turnover_ratio": null,
            "reinvestment_rate": null,
            "research_to_sale_ratio": null,
            "price_fair": 0,
            "eps_avg_yearly": 0,
            "eps_latest_yearly": 0,
            "eps_growth_yearly": 0
        },
        "20021": {
            "year_quarter": 20021,
            "year": 2002,
            "quarter": 1,
            "eps": 1.21,
            "eps_growth_year": null,
            "eps_4q": null,
            "eps_4q_growth_year": null,
            "roe": 9.29,
            "roe_4q": 9.29,
            "gross_profit": 82683,
            "gross_margin": 10.25,
            "gross_margin_4q_avg": 2.56,
            "net_income": 43673,
            "revenue": 807034,
            "common_shares": 270906,
            "book_valuer_per_share": 18.15,
            "book_valuer_per_share_4q_avg": 8.67,
            "equity": 491809,
            "current_ratio": 151.49,
            "debt_ratio": 64.34,
            "inventory_turnover_ratio": 3.94,
            "account_receivable_turnover_ratio": null,
            "reinvestment_rate": null,
            "research_to_sale_ratio": null,
            "price_fair": 0,
            "eps_avg_yearly": 0,
            "eps_latest_yearly": 0,
            "eps_growth_yearly": 0
        },
        "20022": {
            "year_quarter": 20022,
            "year": 2002,
            "quarter": 2,
            "eps": 0.85,
            "eps_growth_year": null,
            "eps_4q": null,
            "eps_4q_growth_year": null,
            "roe": 7.56,
            "roe_4q": 16.849999999999998,
            "gross_profit": 96526,
            "gross_margin": 12.49,
            "gross_margin_4q_avg": 5.69,
            "net_income": 37360,
            "revenue": 772695,
            "common_shares": 270906,
            "book_valuer_per_share": 18.32,
            "book_valuer_per_share_4q_avg": 13.25,
            "equity": 496308,
            "current_ratio": 139.54,
            "debt_ratio": 68.79,
            "inventory_turnover_ratio": 2.9,
            "account_receivable_turnover_ratio": null,
            "reinvestment_rate": null,
            "research_to_sale_ratio": null,
            "price_fair": 10.2,
            "eps_avg_yearly": 3.4,
            "eps_latest_yearly": 3.4,
            "eps_growth_yearly": -119.01
        },
        "20023": {
            "year_quarter": 20023,
            "year": 2002,
            "quarter": 3,
            "eps": 1.59,
            "eps_growth_year": null,
            "eps_4q": null,
            "eps_4q_growth_year": null,
            "roe": 10.06,
            "roe_4q": 26.91,
            "gross_profit": 92882,
            "gross_margin": 11,
            "gross_margin_4q_avg": 8.44,
            "net_income": 58975,
            "revenue": 844263,
            "common_shares": 381413,
            "book_valuer_per_share": 17.73,
            "book_valuer_per_share_4q_avg": 17.69,
            "equity": 676146,
            "current_ratio": 159.7,
            "debt_ratio": 54.89,
            "inventory_turnover_ratio": 2.97,
            "account_receivable_turnover_ratio": null,
            "reinvestment_rate": null,
            "research_to_sale_ratio": null,
            "price_fair": 170.8,
            "eps_avg_yearly": 4.88,
            "eps_latest_yearly": 6.36,
            "eps_growth_yearly": 114.61
        },
        "20024": {
            "year_quarter": 20024,
            "year": 2002,
            "quarter": 4,
            "eps": 1.37,
            "eps_growth_year": null,
            "eps_4q": 5.17,
            "eps_4q_growth_year": null,
            "roe": 7.2,
            "roe_4q": 34.11,
            "gross_profit": 102557,
            "gross_margin": 11.03,
            "gross_margin_4q_avg": 11.19,
            "net_income": 50524,
            "revenue": 929964,
            "common_shares": 381413,
            "book_valuer_per_share": 19.05,
            "book_valuer_per_share_4q_avg": 18.31,
            "equity": 726674,
            "current_ratio": 154.28,
            "debt_ratio": 58.39,
            "inventory_turnover_ratio": 3.9,
            "account_receivable_turnover_ratio": null,
            "reinvestment_rate": null,
            "research_to_sale_ratio": null,
            "price_fair": 177.8,
            "eps_avg_yearly": 5.08,
            "eps_latest_yearly": 5.48,
            "eps_growth_yearly": 57.96
        },
        "20031": {
            "year_quarter": 20031,
            "year": 2003,
            "quarter": 1,
            "eps": 1.04,
            "eps_growth_year": -14.05,
            "eps_4q": 4.89,
            "eps_4q_growth_year": null,
            "roe": 5.31,
            "roe_4q": 30.13,
            "gross_profit": 85206,
            "gross_margin": 10.37,
            "gross_margin_4q_avg": 11.22,
            "net_income": 39641,
            "revenue": 821736,
            "common_shares": 381413,
            "book_valuer_per_share": 20.09,
            "book_valuer_per_share_4q_avg": 18.8,
            "equity": 766292,
            "current_ratio": 171.52,
            "debt_ratio": 51.1,
            "inventory_turnover_ratio": 3.23,
            "account_receivable_turnover_ratio": null,
            "reinvestment_rate": null,
            "research_to_sale_ratio": null,
            "price_fair": 142.51,
            "eps_avg_yearly": 4.85,
            "eps_latest_yearly": 4.16,
            "eps_growth_yearly": 19.38
        },
        "20032": {
            "year_quarter": 20032,
            "year": 2003,
            "quarter": 2,
            "eps": 0.98,
            "eps_growth_year": 15.29,
            "eps_4q": 4.17,
            "eps_4q_growth_year": null,
            "roe": 6.14,
            "roe_4q": 28.71,
            "gross_profit": 94564,
            "gross_margin": 11.64,
            "gross_margin_4q_avg": 11.01,
            "net_income": 45786,
            "revenue": 812285,
            "common_shares": 381413,
            "book_valuer_per_share": 19,
            "book_valuer_per_share_4q_avg": 18.97,
            "equity": 724536,
            "current_ratio": 166.62,
            "debt_ratio": 52.51,
            "inventory_turnover_ratio": 2.87,
            "account_receivable_turnover_ratio": null,
            "reinvestment_rate": null,
            "research_to_sale_ratio": null,
            "price_fair": 97.43,
            "eps_avg_yearly": 4.66,
            "eps_latest_yearly": 3.92,
            "eps_growth_yearly": 10.89
        },
        "20033": {
            "year_quarter": 20033,
            "year": 2003,
            "quarter": 3,
            "eps": 0.86,
            "eps_growth_year": -45.91,
            "eps_4q": 3.78,
            "eps_4q_growth_year": null,
            "roe": 5.38,
            "roe_4q": 24.029999999999998,
            "gross_profit": 97259,
            "gross_margin": 10.53,
            "gross_margin_4q_avg": 10.89,
            "net_income": 40069,
            "revenue": 923999,
            "common_shares": 465408,
            "book_valuer_per_share": 16.41,
            "book_valuer_per_share_4q_avg": 18.64,
            "equity": 763961,
            "current_ratio": 173.91,
            "debt_ratio": 50.55,
            "inventory_turnover_ratio": 3.71,
            "account_receivable_turnover_ratio": null,
            "reinvestment_rate": null,
            "research_to_sale_ratio": null,
            "price_fair": 44.6,
            "eps_avg_yearly": 4.46,
            "eps_latest_yearly": 3.44,
            "eps_growth_yearly": 0.91
        },
        "20034": {
            "year_quarter": 20034,
            "year": 2003,
            "quarter": 4,
            "eps": 1.32,
            "eps_growth_year": -3.65,
            "eps_4q": 4.01,
            "eps_4q_growth_year": -22.41,
            "roe": 7.75,
            "roe_4q": 24.58,
            "gross_profit": 96869,
            "gross_margin": 11.54,
            "gross_margin_4q_avg": 11.02,
            "net_income": 61612,
            "revenue": 839439,
            "common_shares": 465408,
            "book_valuer_per_share": 17.74,
            "book_valuer_per_share_4q_avg": 18.31,
            "equity": 825857,
            "current_ratio": 171.45,
            "debt_ratio": 52.6,
            "inventory_turnover_ratio": 3.3,
            "account_receivable_turnover_ratio": null,
            "reinvestment_rate": null,
            "research_to_sale_ratio": null,
            "price_fair": 160.2,
            "eps_avg_yearly": 4.58,
            "eps_latest_yearly": 5.28,
            "eps_growth_yearly": 31.35
        },
        "20041": {
            "year_quarter": 20041,
            "year": 2004,
            "quarter": 1,
            "eps": 0.91,
            "eps_growth_year": -12.5,
            "eps_4q": 4.09,
            "eps_4q_growth_year": -16.45,
            "roe": 4.99,
            "roe_4q": 24.26,
            "gross_profit": 95537,
            "gross_margin": 12.38,
            "gross_margin_4q_avg": 11.52,
            "net_income": 42227,
            "revenue": 771545,
            "common_shares": 465408,
            "book_valuer_per_share": 18.61,
            "book_valuer_per_share_4q_avg": 17.94,
            "equity": 866329,
            "current_ratio": 171.11,
            "debt_ratio": 51.25,
            "inventory_turnover_ratio": 2.78,
            "account_receivable_turnover_ratio": null,
            "reinvestment_rate": null,
            "research_to_sale_ratio": null,
            "price_fair": 97.67,
            "eps_avg_yearly": 4.46,
            "eps_latest_yearly": 3.64,
            "eps_growth_yearly": 11.9
        },
        "20042": {
            "year_quarter": 20042,
            "year": 2004,
            "quarter": 2,
            "eps": 0.94,
            "eps_growth_year": -4.08,
            "eps_4q": 4.04,
            "eps_4q_growth_year": -3.15,
            "roe": 5.11,
            "roe_4q": 23.23,
            "gross_profit": 87400,
            "gross_margin": 11.03,
            "gross_margin_4q_avg": 11.37,
            "net_income": 43626,
            "revenue": 792428,
            "common_shares": 465408,
            "book_valuer_per_share": 18.04,
            "book_valuer_per_share_4q_avg": 17.7,
            "equity": 839721,
            "current_ratio": 160.87,
            "debt_ratio": 54.82,
            "inventory_turnover_ratio": 3.02,
            "account_receivable_turnover_ratio": null,
            "reinvestment_rate": null,
            "research_to_sale_ratio": null,
            "price_fair": 96.59,
            "eps_avg_yearly": 4.38,
            "eps_latest_yearly": 3.76,
            "eps_growth_yearly": 12.04
        },
        "20043": {
            "year_quarter": 20043,
            "year": 2004,
            "quarter": 3,
            "eps": 0.93,
            "eps_growth_year": 8.14,
            "eps_4q": 3.69,
            "eps_4q_growth_year": -2.37,
            "roe": 5.75,
            "roe_4q": 23.6,
            "gross_profit": 96170,
            "gross_margin": 10.96,
            "gross_margin_4q_avg": 11.48,
            "net_income": 49719,
            "revenue": 877575,
            "common_shares": 533488,
            "book_valuer_per_share": 16.68,
            "book_valuer_per_share_4q_avg": 17.77,
            "equity": 889816,
            "current_ratio": 204.43,
            "debt_ratio": 56.05,
            "inventory_turnover_ratio": 3.05,
            "account_receivable_turnover_ratio": null,
            "reinvestment_rate": null,
            "research_to_sale_ratio": null,
            "price_fair": 88.1,
            "eps_avg_yearly": 4.32,
            "eps_latest_yearly": 3.72,
            "eps_growth_yearly": 10.41
        },
        "20044": {
            "year_quarter": 20044,
            "year": 2004,
            "quarter": 4,
            "eps": 0.09,
            "eps_growth_year": -93.18,
            "eps_4q": 2.77,
            "eps_4q_growth_year": -30.95,
            "roe": 0.51,
            "roe_4q": 16.36,
            "gross_profit": 36683,
            "gross_margin": 4.52,
            "gross_margin_4q_avg": 9.72,
            "net_income": 4556,
            "revenue": 810901,
            "common_shares": 533488,
            "book_valuer_per_share": 16.64,
            "book_valuer_per_share_4q_avg": 17.49,
            "equity": 887846,
            "current_ratio": 192.8,
            "debt_ratio": 57.71,
            "inventory_turnover_ratio": 2.89,
            "account_receivable_turnover_ratio": null,
            "reinvestment_rate": null,
            "research_to_sale_ratio": null,
            "price_fair": 11.87,
            "eps_avg_yearly": 3.96,
            "eps_latest_yearly": 0.36,
            "eps_growth_yearly": -23.38
        },
        "20051": {
            "year_quarter": 20051,
            "year": 2005,
            "quarter": 1,
            "eps": 0.67,
            "eps_growth_year": -26.37,
            "eps_4q": 2.5,
            "eps_4q_growth_year": -38.86,
            "roe": 3.96,
            "roe_4q": 15.329999999999998,
            "gross_profit": 63137,
            "gross_margin": 8.98,
            "gross_margin_4q_avg": 8.87,
            "net_income": 35857,
            "revenue": 702953,
            "common_shares": 533488,
            "book_valuer_per_share": 17.3,
            "book_valuer_per_share_4q_avg": 17.17,
            "equity": 923041,
            "current_ratio": 207.79,
            "debt_ratio": 52.24,
            "inventory_turnover_ratio": 2.3,
            "account_receivable_turnover_ratio": null,
            "reinvestment_rate": null,
            "research_to_sale_ratio": null,
            "price_fair": 134.75,
            "eps_avg_yearly": 3.85,
            "eps_latest_yearly": 2.68,
            "eps_growth_yearly": 193.38
        },
        "20052": {
            "year_quarter": 20052,
            "year": 2005,
            "quarter": 2,
            "eps": 0.44,
            "eps_growth_year": -53.19,
            "eps_4q": 2.14,
            "eps_4q_growth_year": -46.98,
            "roe": 2.56,
            "roe_4q": 12.78,
            "gross_profit": 53863,
            "gross_margin": 7.12,
            "gross_margin_4q_avg": 7.9,
            "net_income": 23297,
            "revenue": 756797,
            "common_shares": 533488,
            "book_valuer_per_share": 16.81,
            "book_valuer_per_share_4q_avg": 16.86,
            "equity": 897030,
            "current_ratio": 193.3,
            "debt_ratio": 55.14,
            "inventory_turnover_ratio": 2.41,
            "account_receivable_turnover_ratio": null,
            "reinvestment_rate": null,
            "research_to_sale_ratio": null,
            "price_fair": 129.12,
            "eps_avg_yearly": 3.69,
            "eps_latest_yearly": 1.76,
            "eps_growth_yearly": 167.95
        },
        "20053": {
            "year_quarter": 20053,
            "year": 2005,
            "quarter": 3,
            "eps": 1.31,
            "eps_growth_year": 40.86,
            "eps_4q": 2.39,
            "eps_4q_growth_year": -35.25,
            "roe": 8.23,
            "roe_4q": 15.26,
            "gross_profit": 74305,
            "gross_margin": 7.73,
            "gross_margin_4q_avg": 7.09,
            "net_income": 77408,
            "revenue": 961538,
            "common_shares": 592827,
            "book_valuer_per_share": 16.6,
            "book_valuer_per_share_4q_avg": 16.84,
            "equity": 984270,
            "current_ratio": 190.43,
            "debt_ratio": 55.06,
            "inventory_turnover_ratio": 3.42,
            "account_receivable_turnover_ratio": null,
            "reinvestment_rate": null,
            "research_to_sale_ratio": null,
            "price_fair": 133,
            "eps_avg_yearly": 3.8,
            "eps_latest_yearly": 5.24,
            "eps_growth_yearly": 212.44
        },
        "20054": {
            "year_quarter": 20054,
            "year": 2005,
            "quarter": 4,
            "eps": 0.76,
            "eps_growth_year": 744.44,
            "eps_4q": 3.06,
            "eps_4q_growth_year": 10.61,
            "roe": 4.48,
            "roe_4q": 19.23,
            "gross_profit": 82768,
            "gross_margin": 9.02,
            "gross_margin_4q_avg": 8.21,
            "net_income": 45089,
            "revenue": 917103,
            "common_shares": 592827,
            "book_valuer_per_share": 17.33,
            "book_valuer_per_share_4q_avg": 17.01,
            "equity": 1027613,
            "current_ratio": 192.76,
            "debt_ratio": 57.88,
            "inventory_turnover_ratio": 3.29,
            "account_receivable_turnover_ratio": null,
            "reinvestment_rate": 18.5,
            "research_to_sale_ratio": null,
            "price_fair": 131.23,
            "eps_avg_yearly": 3.75,
            "eps_latest_yearly": 3.04,
            "eps_growth_yearly": 187.08
        },
        "20061": {
            "year_quarter": 20061,
            "year": 2006,
            "quarter": 1,
            "eps": 0.64,
            "eps_growth_year": -4.48,
            "eps_4q": 3.08,
            "eps_4q_growth_year": 23.23,
            "roe": 3.62,
            "roe_4q": 18.89,
            "gross_profit": 76518,
            "gross_margin": 8.98,
            "gross_margin_4q_avg": 8.21,
            "net_income": 38244,
            "revenue": 851626,
            "common_shares": 600352,
            "book_valuer_per_share": 18.08,
            "book_valuer_per_share_4q_avg": 17.21,
            "equity": 1085266,
            "current_ratio": 198.28,
            "debt_ratio": 52.23,
            "inventory_turnover_ratio": 2.74,
            "account_receivable_turnover_ratio": null,
            "reinvestment_rate": 17.64,
            "research_to_sale_ratio": null,
            "price_fair": 128.63,
            "eps_avg_yearly": 3.68,
            "eps_latest_yearly": 2.56,
            "eps_growth_yearly": 171.44
        },
        "20062": {
            "year_quarter": 20062,
            "year": 2006,
            "quarter": 2,
            "eps": 0.6,
            "eps_growth_year": 36.36,
            "eps_4q": 3.27,
            "eps_4q_growth_year": 52.65,
            "roe": 3.38,
            "roe_4q": 19.71,
            "gross_profit": 66254,
            "gross_margin": 8.16,
            "gross_margin_4q_avg": 8.47,
            "net_income": 36118,
            "revenue": 812219,
            "common_shares": 600352,
            "book_valuer_per_share": 17.5,
            "book_valuer_per_share_4q_avg": 17.38,
            "equity": 1050601,
            "current_ratio": 192.52,
            "debt_ratio": 53.31,
            "inventory_turnover_ratio": 2.74,
            "account_receivable_turnover_ratio": null,
            "reinvestment_rate": 13.84,
            "research_to_sale_ratio": null,
            "price_fair": 126.44,
            "eps_avg_yearly": 3.61,
            "eps_latest_yearly": 2.4,
            "eps_growth_yearly": 177.32
        },
        "20063": {
            "year_quarter": 20063,
            "year": 2006,
            "quarter": 3,
            "eps": 1.11,
            "eps_growth_year": -15.27,
            "eps_4q": 2.9,
            "eps_4q_growth_year": 21.23,
            "roe": 6.75,
            "roe_4q": 18.23,
            "gross_profit": 89700,
            "gross_margin": 9.08,
            "gross_margin_4q_avg": 8.81,
            "net_income": 74274,
            "revenue": 988070,
            "common_shares": 679378,
            "book_valuer_per_share": 16.93,
            "book_valuer_per_share_4q_avg": 17.46,
            "equity": 1149890,
            "current_ratio": 166.36,
            "debt_ratio": 51.9,
            "inventory_turnover_ratio": 3.63,
            "account_receivable_turnover_ratio": null,
            "reinvestment_rate": -0.5,
            "research_to_sale_ratio": null,
            "price_fair": 122.24,
            "eps_avg_yearly": 3.49,
            "eps_latest_yearly": 4.44,
            "eps_growth_yearly": 176.8
        },
        "20064": {
            "year_quarter": 20064,
            "year": 2006,
            "quarter": 4,
            "eps": 0.71,
            "eps_growth_year": -6.58,
            "eps_4q": 2.94,
            "eps_4q_growth_year": -4.11,
            "roe": 4.04,
            "roe_4q": 17.79,
            "gross_profit": 88223,
            "gross_margin": 8.11,
            "gross_margin_4q_avg": 8.58,
            "net_income": 47407,
            "revenue": 1087294,
            "common_shares": 680049,
            "book_valuer_per_share": 17.62,
            "book_valuer_per_share_4q_avg": 17.53,
            "equity": 1197961,
            "current_ratio": 176.81,
            "debt_ratio": 54.62,
            "inventory_turnover_ratio": 3.84,
            "account_receivable_turnover_ratio": null,
            "reinvestment_rate": -0.82,
            "research_to_sale_ratio": null,
            "price_fair": 116.46,
            "eps_avg_yearly": 3.33,
            "eps_latest_yearly": 2.84,
            "eps_growth_yearly": 171.25
        },
        "20071": {
            "year_quarter": 20071,
            "year": 2007,
            "quarter": 1,
            "eps": 1.15,
            "eps_growth_year": 79.69,
            "eps_4q": 3.47,
            "eps_4q_growth_year": 12.7,
            "roe": 6.22,
            "roe_4q": 20.389999999999997,
            "gross_profit": 95442,
            "gross_margin": 8.03,
            "gross_margin_4q_avg": 8.35,
            "net_income": 78187,
            "revenue": 1189061,
            "common_shares": 691123,
            "book_valuer_per_share": 19.04,
            "book_valuer_per_share_4q_avg": 17.77,
            "equity": 1315756,
            "current_ratio": 167.2,
            "debt_ratio": 51.76,
            "inventory_turnover_ratio": 3.61,
            "account_receivable_turnover_ratio": null,
            "reinvestment_rate": -1.04,
            "research_to_sale_ratio": null,
            "price_fair": 117.43,
            "eps_avg_yearly": 3.36,
            "eps_latest_yearly": 4.6,
            "eps_growth_yearly": 192.77
        },
        "20072": {
            "year_quarter": 20072,
            "year": 2007,
            "quarter": 2,
            "eps": 0.83,
            "eps_growth_year": 38.33,
            "eps_4q": 3.73,
            "eps_4q_growth_year": 14.1,
            "roe": 4.35,
            "roe_4q": 21.36,
            "gross_profit": 88596,
            "gross_margin": 8.84,
            "gross_margin_4q_avg": 8.52,
            "net_income": 57174,
            "revenue": 1001678,
            "common_shares": 703796,
            "book_valuer_per_share": 18.67,
            "book_valuer_per_share_4q_avg": 18.07,
            "equity": 1314086,
            "current_ratio": 176.03,
            "debt_ratio": 48.57,
            "inventory_turnover_ratio": 2.76,
            "account_receivable_turnover_ratio": null,
            "reinvestment_rate": -1.14,
            "research_to_sale_ratio": null,
            "price_fair": 116.11,
            "eps_avg_yearly": 3.32,
            "eps_latest_yearly": 3.32,
            "eps_growth_yearly": 187.26
        },
        "20073": {
            "year_quarter": 20073,
            "year": 2007,
            "quarter": 3,
            "eps": 0.77,
            "eps_growth_year": -30.63,
            "eps_4q": 3.12,
            "eps_4q_growth_year": 7.76,
            "roe": 4.35,
            "roe_4q": 18.959999999999997,
            "gross_profit": 96048,
            "gross_margin": 7.92,
            "gross_margin_4q_avg": 8.23,
            "net_income": 59892,
            "revenue": 1213158,
            "common_shares": 812053,
            "book_valuer_per_share": 17.76,
            "book_valuer_per_share_4q_avg": 18.27,
            "equity": 1442606,
            "current_ratio": 184.51,
            "debt_ratio": 46.78,
            "inventory_turnover_ratio": 3.15,
            "account_receivable_turnover_ratio": null,
            "reinvestment_rate": -0.94,
            "research_to_sale_ratio": null,
            "price_fair": 115.33,
            "eps_avg_yearly": 3.3,
            "eps_latest_yearly": 3.08,
            "eps_growth_yearly": 188.51
        },
        "20074": {
            "year_quarter": 20074,
            "year": 2007,
            "quarter": 4,
            "eps": 0.57,
            "eps_growth_year": -19.72,
            "eps_4q": 3.06,
            "eps_4q_growth_year": 4.09,
            "roe": 3.07,
            "roe_4q": 17.99,
            "gross_profit": 83970,
            "gross_margin": 8.8,
            "gross_margin_4q_avg": 8.4,
            "net_income": 44768,
            "revenue": 954441,
            "common_shares": 813513,
            "book_valuer_per_share": 18.17,
            "book_valuer_per_share_4q_avg": 18.41,
            "equity": 1477904,
            "current_ratio": 211.64,
            "debt_ratio": 46.59,
            "inventory_turnover_ratio": 1.89,
            "account_receivable_turnover_ratio": null,
            "reinvestment_rate": -0.17,
            "research_to_sale_ratio": null,
            "price_fair": 108.76,
            "eps_avg_yearly": 3.11,
            "eps_latest_yearly": 2.28,
            "eps_growth_yearly": 168.64
        },
        "20081": {
            "year_quarter": 20081,
            "year": 2008,
            "quarter": 1,
            "eps": -0.14,
            "eps_growth_year": -112.17,
            "eps_4q": 1.8,
            "eps_4q_growth_year": -48.18,
            "roe": -0.79,
            "roe_4q": 10.979999999999999,
            "gross_profit": 65217,
            "gross_margin": 6.58,
            "gross_margin_4q_avg": 8.04,
            "net_income": -11686,
            "revenue": 991346,
            "common_shares": 813513,
            "book_valuer_per_share": 17.99,
            "book_valuer_per_share_4q_avg": 18.15,
            "equity": 1463730,
            "current_ratio": 264.96,
            "debt_ratio": 37.66,
            "inventory_turnover_ratio": 1.93,
            "account_receivable_turnover_ratio": null,
            "reinvestment_rate": -0.12,
            "research_to_sale_ratio": null,
            "price_fair": 107.52,
            "eps_avg_yearly": 3.07,
            "eps_latest_yearly": 2.28,
            "eps_growth_yearly": 188.17
        },
        "20082": {
            "year_quarter": 20082,
            "year": 2008,
            "quarter": 2,
            "eps": 0.35,
            "eps_growth_year": -57.83,
            "eps_4q": 1.49,
            "eps_4q_growth_year": -60.04,
            "roe": 1.91,
            "roe_4q": 8.54,
            "gross_profit": 90856,
            "gross_margin": 9.22,
            "gross_margin_4q_avg": 8.13,
            "net_income": 28521,
            "revenue": 985593,
            "common_shares": 917513,
            "book_valuer_per_share": 16.62,
            "book_valuer_per_share_4q_avg": 17.64,
            "equity": 1525297,
            "current_ratio": 226.17,
            "debt_ratio": 43.79,
            "inventory_turnover_ratio": 2.28,
            "account_receivable_turnover_ratio": null,
            "reinvestment_rate": -0.3,
            "research_to_sale_ratio": null,
            "price_fair": 105.8,
            "eps_avg_yearly": 3.02,
            "eps_latest_yearly": 2.28,
            "eps_growth_yearly": 200.67
        },
        "20083": {
            "year_quarter": 20083,
            "year": 2008,
            "quarter": 3,
            "eps": 0.91,
            "eps_growth_year": 18.18,
            "eps_4q": 1.64,
            "eps_4q_growth_year": -47.52,
            "roe": 4.89,
            "roe_4q": 9.08,
            "gross_profit": 112641,
            "gross_margin": 8.83,
            "gross_margin_4q_avg": 8.36,
            "net_income": 77071,
            "revenue": 1276131,
            "common_shares": 918473,
            "book_valuer_per_share": 17.7,
            "book_valuer_per_share_4q_avg": 17.62,
            "equity": 1625937,
            "current_ratio": 212.08,
            "debt_ratio": 43.75,
            "inventory_turnover_ratio": 3.19,
            "account_receivable_turnover_ratio": null,
            "reinvestment_rate": -0.14,
            "research_to_sale_ratio": null,
            "price_fair": 105.6,
            "eps_avg_yearly": 3.02,
            "eps_latest_yearly": 3.64,
            "eps_growth_yearly": 246.69
        },
        "20084": {
            "year_quarter": 20084,
            "year": 2008,
            "quarter": 4,
            "eps": 0.25,
            "eps_growth_year": -56.14,
            "eps_4q": 1.33,
            "eps_4q_growth_year": -56.54,
            "roe": 1.36,
            "roe_4q": 7.37,
            "gross_profit": 46579,
            "gross_margin": 6.17,
            "gross_margin_4q_avg": 7.7,
            "net_income": 21772,
            "revenue": 754558,
            "common_shares": 918473,
            "book_valuer_per_share": 17.19,
            "book_valuer_per_share_4q_avg": 17.38,
            "equity": 1578446,
            "current_ratio": 321.47,
            "debt_ratio": 30.36,
            "inventory_turnover_ratio": 2.4,
            "account_receivable_turnover_ratio": 1.06,
            "reinvestment_rate": -1.32,
            "research_to_sale_ratio": null,
            "price_fair": 107.2,
            "eps_avg_yearly": 3.06,
            "eps_latest_yearly": 1,
            "eps_growth_yearly": 251.77
        },
        "20091": {
            "year_quarter": 20091,
            "year": 2009,
            "quarter": 1,
            "eps": 0.37,
            "eps_growth_year": null,
            "eps_4q": 1.75,
            "eps_4q_growth_year": -2.97,
            "roe": 2.11,
            "roe_4q": 10.27,
            "gross_profit": 46268,
            "gross_margin": 6.63,
            "gross_margin_4q_avg": 7.71,
            "net_income": 34265,
            "revenue": 697368,
            "common_shares": 918473,
            "book_valuer_per_share": 18.18,
            "book_valuer_per_share_4q_avg": 17.42,
            "equity": 1669647,
            "current_ratio": 341.85,
            "debt_ratio": 28.24,
            "inventory_turnover_ratio": 3.4,
            "account_receivable_turnover_ratio": 0.58,
            "reinvestment_rate": -0.39,
            "research_to_sale_ratio": null,
            "price_fair": 104.2,
            "eps_avg_yearly": 2.98,
            "eps_latest_yearly": 1.48,
            "eps_growth_yearly": 81.36
        },
        "20092": {
            "year_quarter": 20092,
            "year": 2009,
            "quarter": 2,
            "eps": 0.36,
            "eps_growth_year": 2.86,
            "eps_4q": 1.8,
            "eps_4q_growth_year": 20.53,
            "roe": 1.95,
            "roe_4q": 10.309999999999999,
            "gross_profit": 77900,
            "gross_margin": 8.59,
            "gross_margin_4q_avg": 7.56,
            "net_income": 33344,
            "revenue": 906376,
            "common_shares": 918473,
            "book_valuer_per_share": 18.99,
            "book_valuer_per_share_4q_avg": 18.02,
            "equity": 1744257,
            "current_ratio": 249.18,
            "debt_ratio": 36.86,
            "inventory_turnover_ratio": 5.28,
            "account_receivable_turnover_ratio": 0.8,
            "reinvestment_rate": -0.15,
            "research_to_sale_ratio": null,
            "price_fair": 103.4,
            "eps_avg_yearly": 2.95,
            "eps_latest_yearly": 1.44,
            "eps_growth_yearly": 90.39
        },
        "20093": {
            "year_quarter": 20093,
            "year": 2009,
            "quarter": 3,
            "eps": 0.48,
            "eps_growth_year": -47.25,
            "eps_4q": 1.44,
            "eps_4q_growth_year": -11.82,
            "roe": 2.52,
            "roe_4q": 7.94,
            "gross_profit": 116703,
            "gross_margin": 9,
            "gross_margin_4q_avg": 7.6,
            "net_income": 44514,
            "revenue": 1296552,
            "common_shares": 918473,
            "book_valuer_per_share": 19.46,
            "book_valuer_per_share_4q_avg": 18.46,
            "equity": 1787725,
            "current_ratio": 226.14,
            "debt_ratio": 40.81,
            "inventory_turnover_ratio": 6.82,
            "account_receivable_turnover_ratio": 0.88,
            "reinvestment_rate": -0.01,
            "research_to_sale_ratio": null,
            "price_fair": 95.1,
            "eps_avg_yearly": 2.72,
            "eps_latest_yearly": 1.92,
            "eps_growth_yearly": 43.42
        },
        "20094": {
            "year_quarter": 20094,
            "year": 2009,
            "quarter": 4,
            "eps": 0.44,
            "eps_growth_year": 76,
            "eps_4q": 1.66,
            "eps_4q_growth_year": 25.27,
            "roe": 2.24,
            "roe_4q": 8.82,
            "gross_profit": 103278,
            "gross_margin": 9.68,
            "gross_margin_4q_avg": 8.48,
            "net_income": 40707,
            "revenue": 1067285,
            "common_shares": 918473,
            "book_valuer_per_share": 20.06,
            "book_valuer_per_share_4q_avg": 19.17,
            "equity": 1842263,
            "current_ratio": 236.65,
            "debt_ratio": 39.1,
            "inventory_turnover_ratio": 4.99,
            "account_receivable_turnover_ratio": 0.79,
            "reinvestment_rate": 90.98,
            "research_to_sale_ratio": null,
            "price_fair": 91.9,
            "eps_avg_yearly": 2.63,
            "eps_latest_yearly": 1.76,
            "eps_growth_yearly": 53.04
        },
        "20101": {
            "year_quarter": 20101,
            "year": 2010,
            "quarter": 1,
            "eps": 0.66,
            "eps_growth_year": 78.38,
            "eps_4q": 1.95,
            "eps_4q_growth_year": 11.87,
            "roe": 3.21,
            "roe_4q": 9.92,
            "gross_profit": 135425,
            "gross_margin": 11.27,
            "gross_margin_4q_avg": 9.64,
            "net_income": 60760,
            "revenue": 1201604,
            "common_shares": 918473,
            "book_valuer_per_share": 21.15,
            "book_valuer_per_share_4q_avg": 19.92,
            "equity": 1942320,
            "current_ratio": 241.01,
            "debt_ratio": 38.38,
            "inventory_turnover_ratio": 5.15,
            "account_receivable_turnover_ratio": 0.45,
            "reinvestment_rate": 100.14,
            "research_to_sale_ratio": null,
            "price_fair": 92.1,
            "eps_avg_yearly": 2.63,
            "eps_latest_yearly": 2.64,
            "eps_growth_yearly": 71.84
        },
        "20102": {
            "year_quarter": 20102,
            "year": 2010,
            "quarter": 2,
            "eps": 0.7,
            "eps_growth_year": 93.29,
            "eps_4q": 2.29,
            "eps_4q_growth_year": 27.16,
            "roe": 3.31,
            "roe_4q": 11.28,
            "gross_profit": 126823,
            "gross_margin": 10.92,
            "gross_margin_4q_avg": 10.22,
            "net_income": 63911,
            "revenue": 1161763,
            "common_shares": 918473,
            "book_valuer_per_share": 20.91,
            "book_valuer_per_share_4q_avg": 20.4,
            "equity": 1920653,
            "current_ratio": 212.13,
            "debt_ratio": 43.54,
            "inventory_turnover_ratio": 4.15,
            "account_receivable_turnover_ratio": 0.43,
            "reinvestment_rate": 95.5,
            "research_to_sale_ratio": null,
            "price_fair": 93.1,
            "eps_avg_yearly": 2.66,
            "eps_latest_yearly": 2.8,
            "eps_growth_yearly": 75.35
        },
        "20103": {
            "year_quarter": 20103,
            "year": 2010,
            "quarter": 3,
            "eps": 0.51,
            "eps_growth_year": 5.94,
            "eps_4q": 2.31,
            "eps_4q_growth_year": 59.93,
            "roe": 2.43,
            "roe_4q": 11.19,
            "gross_profit": 134291,
            "gross_margin": 9.62,
            "gross_margin_4q_avg": 10.37,
            "net_income": 46704,
            "revenue": 1396409,
            "common_shares": 918473,
            "book_valuer_per_share": 21,
            "book_valuer_per_share_4q_avg": 20.78,
            "equity": 1928355,
            "current_ratio": 217.71,
            "debt_ratio": 42.84,
            "inventory_turnover_ratio": 4.11,
            "account_receivable_turnover_ratio": 0.49,
            "reinvestment_rate": 95.4,
            "research_to_sale_ratio": null,
            "price_fair": 87.1,
            "eps_avg_yearly": 2.49,
            "eps_latest_yearly": 2.04,
            "eps_growth_yearly": 43.31
        },
        "20104": {
            "year_quarter": 20104,
            "year": 2010,
            "quarter": 4,
            "eps": -0.02,
            "eps_growth_year": -104.06,
            "eps_4q": 1.85,
            "eps_4q_growth_year": 11.06,
            "roe": -0.08,
            "roe_4q": 8.870000000000001,
            "gross_profit": 100537,
            "gross_margin": 7.69,
            "gross_margin_4q_avg": 9.88,
            "net_income": -1639,
            "revenue": 1307484,
            "common_shares": 918473,
            "book_valuer_per_share": 21.05,
            "book_valuer_per_share_4q_avg": 21.03,
            "equity": 1933186,
            "current_ratio": 253.44,
            "debt_ratio": 36.63,
            "inventory_turnover_ratio": 3.8,
            "account_receivable_turnover_ratio": 0.45,
            "reinvestment_rate": 102.36,
            "research_to_sale_ratio": null,
            "price_fair": 86.15,
            "eps_avg_yearly": 2.46,
            "eps_latest_yearly": 2.04,
            "eps_growth_yearly": 57.73
        },
        "20111": {
            "year_quarter": 20111,
            "year": 2011,
            "quarter": 1,
            "eps": 0.63,
            "eps_growth_year": -4.55,
            "eps_4q": 1.81,
            "eps_4q_growth_year": -7.07,
            "roe": 2.95,
            "roe_4q": 8.610000000000001,
            "gross_profit": 109625,
            "gross_margin": 7.98,
            "gross_margin_4q_avg": 9.05,
            "net_income": 57670,
            "revenue": 1374267,
            "common_shares": 918473,
            "book_valuer_per_share": 21.48,
            "book_valuer_per_share_4q_avg": 21.11,
            "equity": 1972811,
            "current_ratio": 279.03,
            "debt_ratio": 33.59,
            "inventory_turnover_ratio": 4.73,
            "account_receivable_turnover_ratio": 0.48,
            "reinvestment_rate": 103.36,
            "research_to_sale_ratio": null,
            "price_fair": 79.92,
            "eps_avg_yearly": 2.28,
            "eps_latest_yearly": 2.04,
            "eps_growth_yearly": 41.89
        },
        "20112": {
            "year_quarter": 20112,
            "year": 2011,
            "quarter": 2,
            "eps": 0.36,
            "eps_growth_year": -48.79,
            "eps_4q": 1.47,
            "eps_4q_growth_year": -35.46,
            "roe": 1.69,
            "roe_4q": 6.99,
            "gross_profit": 124759,
            "gross_margin": 9.92,
            "gross_margin_4q_avg": 8.8,
            "net_income": 32731,
            "revenue": 1258279,
            "common_shares": 918473,
            "book_valuer_per_share": 20.8,
            "book_valuer_per_share_4q_avg": 21.08,
            "equity": 1909982,
            "current_ratio": 252.84,
            "debt_ratio": 37.04,
            "inventory_turnover_ratio": 4.24,
            "account_receivable_turnover_ratio": 0.46,
            "reinvestment_rate": 105.85,
            "research_to_sale_ratio": null,
            "price_fair": 74.43,
            "eps_avg_yearly": 2.13,
            "eps_latest_yearly": 1.44,
            "eps_growth_yearly": 36.88
        },
        "20113": {
            "year_quarter": 20113,
            "year": 2011,
            "quarter": 3,
            "eps": 1.18,
            "eps_growth_year": 132.61,
            "eps_4q": 2.15,
            "eps_4q_growth_year": -6.92,
            "roe": 5.58,
            "roe_4q": 10.139999999999999,
            "gross_profit": 132839,
            "gross_margin": 9.28,
            "gross_margin_4q_avg": 8.72,
            "net_income": 108640,
            "revenue": 1431960,
            "common_shares": 918473,
            "book_valuer_per_share": 21.57,
            "book_valuer_per_share_4q_avg": 21.23,
            "equity": 1981309,
            "current_ratio": 259.63,
            "debt_ratio": 36.81,
            "inventory_turnover_ratio": 4.01,
            "account_receivable_turnover_ratio": 0.49,
            "reinvestment_rate": 90.66,
            "research_to_sale_ratio": null,
            "price_fair": 79.22,
            "eps_avg_yearly": 2.26,
            "eps_latest_yearly": 4.72,
            "eps_growth_yearly": 115.21
        },
        "20114": {
            "year_quarter": 20114,
            "year": 2011,
            "quarter": 4,
            "eps": 0.14,
            "eps_growth_year": null,
            "eps_4q": 2.31,
            "eps_4q_growth_year": 24.92,
            "roe": 0.65,
            "roe_4q": 10.870000000000001,
            "gross_profit": 68691,
            "gross_margin": 6.2,
            "gross_margin_4q_avg": 8.35,
            "net_income": 12990,
            "revenue": 1108135,
            "common_shares": 918473,
            "book_valuer_per_share": 21.7,
            "book_valuer_per_share_4q_avg": 21.39,
            "equity": 1993105,
            "current_ratio": 302.89,
            "debt_ratio": 31.77,
            "inventory_turnover_ratio": 2.97,
            "account_receivable_turnover_ratio": 0.38,
            "reinvestment_rate": 92.97,
            "research_to_sale_ratio": null,
            "price_fair": 74.2,
            "eps_avg_yearly": 2.12,
            "eps_latest_yearly": 0.56,
            "eps_growth_yearly": 94.49
        },
        "20121": {
            "year_quarter": 20121,
            "year": 2012,
            "quarter": 1,
            "eps": 0.11,
            "eps_growth_year": -82.54,
            "eps_4q": 1.79,
            "eps_4q_growth_year": -1.18,
            "roe": 0.51,
            "roe_4q": 8.43,
            "gross_profit": 76502,
            "gross_margin": 7.71,
            "gross_margin_4q_avg": 8.28,
            "net_income": 10322,
            "revenue": 992518,
            "common_shares": 918473,
            "book_valuer_per_share": 22.17,
            "book_valuer_per_share_4q_avg": 21.56,
            "equity": 2036394,
            "current_ratio": 337.45,
            "debt_ratio": 28.43,
            "inventory_turnover_ratio": 2.86,
            "account_receivable_turnover_ratio": 0.39,
            "reinvestment_rate": 94.9,
            "research_to_sale_ratio": null,
            "price_fair": 69.68,
            "eps_avg_yearly": 1.99,
            "eps_latest_yearly": 0.44,
            "eps_growth_yearly": 80.63
        },
        "20122": {
            "year_quarter": 20122,
            "year": 2012,
            "quarter": 2,
            "eps": 0.47,
            "eps_growth_year": 33.22,
            "eps_4q": 1.91,
            "eps_4q_growth_year": 29.59,
            "roe": 2.17,
            "roe_4q": 8.91,
            "gross_profit": 104977,
            "gross_margin": 9.41,
            "gross_margin_4q_avg": 8.15,
            "net_income": 43603,
            "revenue": 1115158,
            "common_shares": 918473,
            "book_valuer_per_share": 21.56,
            "book_valuer_per_share_4q_avg": 21.75,
            "equity": 1979806,
            "current_ratio": 268.64,
            "debt_ratio": 35.41,
            "inventory_turnover_ratio": 3.23,
            "account_receivable_turnover_ratio": 0.47,
            "reinvestment_rate": 92.57,
            "research_to_sale_ratio": null,
            "price_fair": 69.4,
            "eps_avg_yearly": 1.98,
            "eps_latest_yearly": 1.88,
            "eps_growth_yearly": 168.38
        },
        "20123": {
            "year_quarter": 20123,
            "year": 2012,
            "quarter": 3,
            "eps": 0.24,
            "eps_growth_year": -80.07,
            "eps_4q": 0.96,
            "eps_4q_growth_year": -55.13,
            "roe": 1.1,
            "roe_4q": 4.430000000000001,
            "gross_profit": 98298,
            "gross_margin": 7.68,
            "gross_margin_4q_avg": 7.75,
            "net_income": 21650,
            "revenue": 1280455,
            "common_shares": 918473,
            "book_valuer_per_share": 21.46,
            "book_valuer_per_share_4q_avg": 21.72,
            "equity": 1970867,
            "current_ratio": 286.94,
            "debt_ratio": 32.83,
            "inventory_turnover_ratio": 3.55,
            "account_receivable_turnover_ratio": 0.49,
            "reinvestment_rate": 103.46,
            "research_to_sale_ratio": null,
            "price_fair": 62.7,
            "eps_avg_yearly": 1.79,
            "eps_latest_yearly": 0.96,
            "eps_growth_yearly": 108.68
        },
        "20124": {
            "year_quarter": 20124,
            "year": 2012,
            "quarter": 4,
            "eps": 0.52,
            "eps_growth_year": 264.32,
            "eps_4q": 1.34,
            "eps_4q_growth_year": -42.04,
            "roe": 2.37,
            "roe_4q": 6.15,
            "gross_profit": 122441,
            "gross_margin": 8.54,
            "gross_margin_4q_avg": 8.34,
            "net_income": 47325,
            "revenue": 1434560,
            "common_shares": 918473,
            "book_valuer_per_share": 22.02,
            "book_valuer_per_share_4q_avg": 21.8,
            "equity": 2022382,
            "current_ratio": 258.97,
            "debt_ratio": 36.37,
            "inventory_turnover_ratio": 4.15,
            "account_receivable_turnover_ratio": 0.48,
            "reinvestment_rate": 101.61,
            "research_to_sale_ratio": null,
            "price_fair": 65.4,
            "eps_avg_yearly": 1.87,
            "eps_latest_yearly": 2.08,
            "eps_growth_yearly": 162.74
        },
        "20131": {
            "year_quarter": 20131,
            "year": 2013,
            "quarter": 1,
            "eps": 0.71,
            "eps_growth_year": 545.45,
            "eps_4q": 1.93,
            "eps_4q_growth_year": 7.75,
            "roe": 3.11,
            "roe_4q": 8.75,
            "gross_profit": 98430,
            "gross_margin": 8.19,
            "gross_margin_4q_avg": 8.46,
            "net_income": 64870,
            "revenue": 1201853,
            "common_shares": 918473,
            "book_valuer_per_share": 23.35,
            "book_valuer_per_share_4q_avg": 22.1,
            "equity": 2144481,
            "current_ratio": 300.25,
            "debt_ratio": 32.24,
            "inventory_turnover_ratio": 3.54,
            "account_receivable_turnover_ratio": 0.47,
            "reinvestment_rate": 30.9,
            "research_to_sale_ratio": null,
            "price_fair": 68.8,
            "eps_avg_yearly": 1.97,
            "eps_latest_yearly": 2.84,
            "eps_growth_yearly": 159.46
        },
        "20132": {
            "year_quarter": 20132,
            "year": 2013,
            "quarter": 2,
            "eps": 0.22,
            "eps_growth_year": -53.66,
            "eps_4q": 1.67,
            "eps_4q_growth_year": -12.37,
            "roe": 0.93,
            "roe_4q": 7.51,
            "gross_profit": 75218,
            "gross_margin": 7.1,
            "gross_margin_4q_avg": 7.88,
            "net_income": 19997,
            "revenue": 1059949,
            "common_shares": 918473,
            "book_valuer_per_share": 23.39,
            "book_valuer_per_share_4q_avg": 22.56,
            "equity": 2147861,
            "current_ratio": 297.77,
            "debt_ratio": 32.13,
            "inventory_turnover_ratio": 2.77,
            "account_receivable_turnover_ratio": 0.59,
            "reinvestment_rate": 38.67,
            "research_to_sale_ratio": null,
            "price_fair": 67.4,
            "eps_avg_yearly": 1.93,
            "eps_latest_yearly": 0.88,
            "eps_growth_yearly": 140.51
        },
        "20133": {
            "year_quarter": 20133,
            "year": 2013,
            "quarter": 3,
            "eps": 0.7,
            "eps_growth_year": 196.97,
            "eps_4q": 2.14,
            "eps_4q_growth_year": 121.57,
            "roe": 2.98,
            "roe_4q": 9.39,
            "gross_profit": 105366,
            "gross_margin": 8.11,
            "gross_margin_4q_avg": 7.99,
            "net_income": 64040,
            "revenue": 1299644,
            "common_shares": 918473,
            "book_valuer_per_share": 23.37,
            "book_valuer_per_share_4q_avg": 23.03,
            "equity": 2146190,
            "current_ratio": 305.37,
            "debt_ratio": 31.44,
            "inventory_turnover_ratio": 2.98,
            "account_receivable_turnover_ratio": 0.76,
            "reinvestment_rate": 31.19,
            "research_to_sale_ratio": null,
            "price_fair": 69.6,
            "eps_avg_yearly": 1.99,
            "eps_latest_yearly": 2.8,
            "eps_growth_yearly": 193.33
        },
        "20134": {
            "year_quarter": 20134,
            "year": 2013,
            "quarter": 4,
            "eps": 0.24,
            "eps_growth_year": -52.67,
            "eps_4q": 1.87,
            "eps_4q_growth_year": 39.39,
            "roe": 1.04,
            "roe_4q": 8.059999999999999,
            "gross_profit": 64887,
            "gross_margin": 6.41,
            "gross_margin_4q_avg": 7.45,
            "net_income": 22398,
            "revenue": 1012176,
            "common_shares": 918473,
            "book_valuer_per_share": 23.72,
            "book_valuer_per_share_4q_avg": 23.46,
            "equity": 2178366,
            "current_ratio": 369.71,
            "debt_ratio": 26.31,
            "inventory_turnover_ratio": 2.78,
            "account_receivable_turnover_ratio": 0.58,
            "reinvestment_rate": -62.81,
            "research_to_sale_ratio": null,
            "price_fair": 67.6,
            "eps_avg_yearly": 1.93,
            "eps_latest_yearly": 0.96,
            "eps_growth_yearly": 176.93
        },
        "20141": {
            "year_quarter": 20141,
            "year": 2014,
            "quarter": 1,
            "eps": 0.67,
            "eps_growth_year": -5.63,
            "eps_4q": 1.83,
            "eps_4q_growth_year": -5.35,
            "roe": 2.79,
            "roe_4q": 7.74,
            "gross_profit": 106385,
            "gross_margin": 11.88,
            "gross_margin_4q_avg": 8.38,
            "net_income": 61521,
            "revenue": 895251,
            "common_shares": 918473,
            "book_valuer_per_share": 24.31,
            "book_valuer_per_share_4q_avg": 23.7,
            "equity": 2233093,
            "current_ratio": 394.75,
            "debt_ratio": 24.9,
            "inventory_turnover_ratio": 2.72,
            "account_receivable_turnover_ratio": 0.57,
            "reinvestment_rate": -77.69,
            "research_to_sale_ratio": null,
            "price_fair": 67.7,
            "eps_avg_yearly": 1.93,
            "eps_latest_yearly": 2.68,
            "eps_growth_yearly": 213.84
        },
        "20142": {
            "year_quarter": 20142,
            "year": 2014,
            "quarter": 2,
            "eps": 0.02,
            "eps_growth_year": -90.91,
            "eps_4q": 1.63,
            "eps_4q_growth_year": -2.92,
            "roe": 0.06,
            "roe_4q": 6.87,
            "gross_profit": 85420,
            "gross_margin": 9.45,
            "gross_margin_4q_avg": 8.96,
            "net_income": 1395,
            "revenue": 904283,
            "common_shares": 918473,
            "book_valuer_per_share": 23.49,
            "book_valuer_per_share_4q_avg": 23.72,
            "equity": 2157511,
            "current_ratio": 330.04,
            "debt_ratio": 29.07,
            "inventory_turnover_ratio": 2.63,
            "account_receivable_turnover_ratio": 0.65,
            "reinvestment_rate": -85.6,
            "research_to_sale_ratio": null,
            "price_fair": 60.9,
            "eps_avg_yearly": 1.74,
            "eps_latest_yearly": 0.08,
            "eps_growth_yearly": 184.39
        },
        "20143": {
            "year_quarter": 20143,
            "year": 2014,
            "quarter": 3,
            "eps": 0.44,
            "eps_growth_year": -37.14,
            "eps_4q": 1.54,
            "eps_4q_growth_year": -27.97,
            "roe": 1.77,
            "roe_4q": 5.66,
            "gross_profit": 103176,
            "gross_margin": 7.63,
            "gross_margin_4q_avg": 8.84,
            "net_income": 37665,
            "revenue": 1352924,
            "common_shares": 799072,
            "book_valuer_per_share": 26.19,
            "book_valuer_per_share_4q_avg": 24.43,
            "equity": 2093060,
            "current_ratio": 236.32,
            "debt_ratio": 40.5,
            "inventory_turnover_ratio": 3.71,
            "account_receivable_turnover_ratio": 0.86,
            "reinvestment_rate": -88.58,
            "research_to_sale_ratio": null,
            "price_fair": 60.2,
            "eps_avg_yearly": 1.72,
            "eps_latest_yearly": 1.76,
            "eps_growth_yearly": 792.14
        },
        "20144": {
            "year_quarter": 20144,
            "year": 2014,
            "quarter": 4,
            "eps": 0.71,
            "eps_growth_year": 190,
            "eps_4q": 1.97,
            "eps_4q_growth_year": 5.41,
            "roe": 2.64,
            "roe_4q": 7.26,
            "gross_profit": 105486,
            "gross_margin": 7.08,
            "gross_margin_4q_avg": 9.01,
            "net_income": 56510,
            "revenue": 1489524,
            "common_shares": 799072,
            "book_valuer_per_share": 27.43,
            "book_valuer_per_share_4q_avg": 25.36,
            "equity": 2192167,
            "current_ratio": 223.68,
            "debt_ratio": 42.9,
            "inventory_turnover_ratio": 4.33,
            "account_receivable_turnover_ratio": 0.73,
            "reinvestment_rate": -80.77,
            "research_to_sale_ratio": null,
            "price_fair": 62.81,
            "eps_avg_yearly": 1.79,
            "eps_latest_yearly": 2.84,
            "eps_growth_yearly": 755.7
        },
        "20151": {
            "year_quarter": 20151,
            "year": 2015,
            "quarter": 1,
            "eps": 0.24,
            "eps_growth_year": -64.18,
            "eps_4q": 1.43,
            "eps_4q_growth_year": -21.73,
            "roe": 0.85,
            "roe_4q": 5.319999999999999,
            "gross_profit": 74679,
            "gross_margin": 7.02,
            "gross_margin_4q_avg": 7.8,
            "net_income": 18801,
            "revenue": 1064286,
            "common_shares": 799072,
            "book_valuer_per_share": 27.98,
            "book_valuer_per_share_4q_avg": 26.27,
            "equity": 2236202,
            "current_ratio": 248.67,
            "debt_ratio": 38.78,
            "inventory_turnover_ratio": 2.52,
            "account_receivable_turnover_ratio": 0.52,
            "reinvestment_rate": -76.09,
            "research_to_sale_ratio": null,
            "price_fair": 60.99,
            "eps_avg_yearly": 1.74,
            "eps_latest_yearly": 0.96,
            "eps_growth_yearly": 691.92
        },
        "20152": {
            "year_quarter": 20152,
            "year": 2015,
            "quarter": 2,
            "eps": 0.05,
            "eps_growth_year": 150,
            "eps_4q": 1.47,
            "eps_4q_growth_year": -9.42,
            "roe": 0.22,
            "roe_4q": 5.48,
            "gross_profit": 75896,
            "gross_margin": 6.82,
            "gross_margin_4q_avg": 7.14,
            "net_income": 4728,
            "revenue": 1112199,
            "common_shares": 799072,
            "book_valuer_per_share": 26.85,
            "book_valuer_per_share_4q_avg": 27.11,
            "equity": 2145685,
            "current_ratio": 295.3,
            "debt_ratio": 32.98,
            "inventory_turnover_ratio": 2.68,
            "account_receivable_turnover_ratio": 0.64,
            "reinvestment_rate": -79.87,
            "research_to_sale_ratio": null,
            "price_fair": 58.28,
            "eps_avg_yearly": 1.67,
            "eps_latest_yearly": 0.2,
            "eps_growth_yearly": 682.84
        },
        "20153": {
            "year_quarter": 20153,
            "year": 2015,
            "quarter": 3,
            "eps": 1.06,
            "eps_growth_year": 140.91,
            "eps_4q": 2.06,
            "eps_4q_growth_year": 33.55,
            "roe": 3.83,
            "roe_4q": 7.539999999999999,
            "gross_profit": 95414,
            "gross_margin": 6.36,
            "gross_margin_4q_avg": 6.82,
            "net_income": 84204,
            "revenue": 1500783,
            "common_shares": 799072,
            "book_valuer_per_share": 28.14,
            "book_valuer_per_share_4q_avg": 27.6,
            "equity": 2248838,
            "current_ratio": 244.43,
            "debt_ratio": 40.4,
            "inventory_turnover_ratio": 4.24,
            "account_receivable_turnover_ratio": 0.77,
            "reinvestment_rate": -84.56,
            "research_to_sale_ratio": null,
            "price_fair": 57.23,
            "eps_avg_yearly": 1.64,
            "eps_latest_yearly": 4.24,
            "eps_growth_yearly": 1130.9
        },
        "20154": {
            "year_quarter": 20154,
            "year": 2015,
            "quarter": 4,
            "eps": 0.27,
            "eps_growth_year": -62.48,
            "eps_4q": 1.61,
            "eps_4q_growth_year": -17.92,
            "roe": 0.94,
            "roe_4q": 5.839999999999999,
            "gross_profit": 80690,
            "gross_margin": 5.64,
            "gross_margin_4q_avg": 6.46,
            "net_income": 21203,
            "revenue": 1431207,
            "common_shares": 799072,
            "book_valuer_per_share": 28.3,
            "book_valuer_per_share_4q_avg": 27.82,
            "equity": 2261763,
            "current_ratio": 229.2,
            "debt_ratio": 42.75,
            "inventory_turnover_ratio": 3.49,
            "account_receivable_turnover_ratio": 0.64,
            "reinvestment_rate": -80.86,
            "research_to_sale_ratio": null,
            "price_fair": 58.36,
            "eps_avg_yearly": 1.67,
            "eps_latest_yearly": 1.08,
            "eps_growth_yearly": 1134.3
        },
        "20161": {
            "year_quarter": 20161,
            "year": 2016,
            "quarter": 1,
            "eps": 0.38,
            "eps_growth_year": 58.33,
            "eps_4q": 1.76,
            "eps_4q_growth_year": 23.07,
            "roe": 1.36,
            "roe_4q": 6.35,
            "gross_profit": 101254,
            "gross_margin": 10.92,
            "gross_margin_4q_avg": 7.44,
            "net_income": 30623,
            "revenue": 926815,
            "common_shares": 799072,
            "book_valuer_per_share": 28.12,
            "book_valuer_per_share_4q_avg": 27.85,
            "equity": 2247151,
            "current_ratio": 344.77,
            "debt_ratio": 28.97,
            "inventory_turnover_ratio": 2.34,
            "account_receivable_turnover_ratio": 0.52,
            "reinvestment_rate": -82.41,
            "research_to_sale_ratio": null,
            "price_fair": 60.73,
            "eps_avg_yearly": 1.74,
            "eps_latest_yearly": 1.52,
            "eps_growth_yearly": 1149.84
        },
        "20162": {
            "year_quarter": 20162,
            "year": 2016,
            "quarter": 2,
            "eps": 0.54,
            "eps_growth_year": 980,
            "eps_4q": 2.24,
            "eps_4q_growth_year": 52.12,
            "roe": 1.94,
            "roe_4q": 8.07,
            "gross_profit": 105007,
            "gross_margin": 10.06,
            "gross_margin_4q_avg": 8.25,
            "net_income": 43017,
            "revenue": 1044002,
            "common_shares": 799072,
            "book_valuer_per_share": 27.46,
            "book_valuer_per_share_4q_avg": 28.01,
            "equity": 2194440,
            "current_ratio": 295.33,
            "debt_ratio": 32.77,
            "inventory_turnover_ratio": 3.3,
            "account_receivable_turnover_ratio": 0.77,
            "reinvestment_rate": -72.2,
            "research_to_sale_ratio": null,
            "price_fair": 61.34,
            "eps_avg_yearly": 1.75,
            "eps_latest_yearly": 2.16,
            "eps_growth_yearly": 1078.55
        },
        "20163": {
            "year_quarter": 20163,
            "year": 2016,
            "quarter": 3,
            "eps": 0.12,
            "eps_growth_year": -88.68,
            "eps_4q": 1.3,
            "eps_4q_growth_year": -36.67,
            "roe": 0.42,
            "roe_4q": 4.66,
            "gross_profit": 98036,
            "gross_margin": 6.67,
            "gross_margin_4q_avg": 8.32,
            "net_income": 9177,
            "revenue": 1469241,
            "common_shares": 799072,
            "book_valuer_per_share": 27.58,
            "book_valuer_per_share_4q_avg": 27.87,
            "equity": 2204220,
            "current_ratio": 226.84,
            "debt_ratio": 41.86,
            "inventory_turnover_ratio": 4.06,
            "account_receivable_turnover_ratio": 0.89,
            "reinvestment_rate": -72.12,
            "research_to_sale_ratio": null,
            "price_fair": 60.29,
            "eps_avg_yearly": 1.72,
            "eps_latest_yearly": 0.48,
            "eps_growth_yearly": 1071.34
        },
        "20164": {
            "year_quarter": 20164,
            "year": 2016,
            "quarter": 4,
            "eps": 0.7,
            "eps_growth_year": 163.98,
            "eps_4q": 1.74,
            "eps_4q_growth_year": 7.64,
            "roe": 2.49,
            "roe_4q": 6.21,
            "gross_profit": 92958,
            "gross_margin": 6.27,
            "gross_margin_4q_avg": 8.48,
            "net_income": 55972,
            "revenue": 1483298,
            "common_shares": 799072,
            "book_valuer_per_share": 28.75,
            "book_valuer_per_share_4q_avg": 27.98,
            "equity": 2297034,
            "current_ratio": 234.49,
            "debt_ratio": 41.26,
            "inventory_turnover_ratio": 3.75,
            "account_receivable_turnover_ratio": 0.69,
            "reinvestment_rate": -76,
            "research_to_sale_ratio": null,
            "price_fair": 61.86,
            "eps_avg_yearly": 1.77,
            "eps_latest_yearly": 2.8,
            "eps_growth_yearly": 1163
        },
        "20171": {
            "year_quarter": 20171,
            "year": 2017,
            "quarter": 1,
            "eps": -0.46,
            "eps_growth_year": -221.05,
            "eps_4q": 0.89,
            "eps_4q_growth_year": -49.24,
            "roe": -1.62,
            "roe_4q": 3.23,
            "gross_profit": 71461,
            "gross_margin": 7.45,
            "gross_margin_4q_avg": 7.61,
            "net_income": -36716,
            "revenue": 959651,
            "common_shares": 799072,
            "book_valuer_per_share": 27.88,
            "book_valuer_per_share_4q_avg": 27.92,
            "equity": 2227545,
            "current_ratio": 275.96,
            "debt_ratio": 35.33,
            "inventory_turnover_ratio": 2.44,
            "account_receivable_turnover_ratio": 0.47,
            "reinvestment_rate": -0.26,
            "research_to_sale_ratio": null,
            "price_fair": 59.36,
            "eps_avg_yearly": 1.7,
            "eps_latest_yearly": 2.8,
            "eps_growth_yearly": 1230.79
        },
        "20172": {
            "year_quarter": 20172,
            "year": 2017,
            "quarter": 2,
            "eps": 0.19,
            "eps_growth_year": -64.81,
            "eps_4q": 0.54,
            "eps_4q_growth_year": -75.76,
            "roe": 0.67,
            "roe_4q": 1.96,
            "gross_profit": 65411,
            "gross_margin": 6.36,
            "gross_margin_4q_avg": 6.69,
            "net_income": 14964,
            "revenue": 1028306,
            "common_shares": 799072,
            "book_valuer_per_share": 27.76,
            "book_valuer_per_share_4q_avg": 27.99,
            "equity": 2218443,
            "current_ratio": 283.31,
            "debt_ratio": 34.24,
            "inventory_turnover_ratio": 2.69,
            "account_receivable_turnover_ratio": 0.65,
            "reinvestment_rate": 1.86,
            "research_to_sale_ratio": null,
            "price_fair": 61.4,
            "eps_avg_yearly": 1.75,
            "eps_latest_yearly": 2.8,
            "eps_growth_yearly": 1338.43
        },
        "20173": {
            "year_quarter": 20173,
            "year": 2017,
            "quarter": 3,
            "eps": 1.05,
            "eps_growth_year": 775,
            "eps_4q": 1.47,
            "eps_4q_growth_year": 13.26,
            "roe": 3.76,
            "roe_4q": 5.3,
            "gross_profit": 83877,
            "gross_margin": 5.23,
            "gross_margin_4q_avg": 6.33,
            "net_income": 83594,
            "revenue": 1604901,
            "common_shares": 799072,
            "book_valuer_per_share": 27.94,
            "book_valuer_per_share_4q_avg": 28.08,
            "equity": 2232599,
            "current_ratio": 222.36,
            "debt_ratio": 45,
            "inventory_turnover_ratio": 4.36,
            "account_receivable_turnover_ratio": 0.87,
            "reinvestment_rate": -44.89,
            "research_to_sale_ratio": null,
            "price_fair": 64.9,
            "eps_avg_yearly": 1.85,
            "eps_latest_yearly": 4.2,
            "eps_growth_yearly": 1405.41
        },
        "20174": {
            "year_quarter": 20174,
            "year": 2017,
            "quarter": 4,
            "eps": 0.59,
            "eps_growth_year": -15.91,
            "eps_4q": 1.36,
            "eps_4q_growth_year": -21.53,
            "roe": 2.09,
            "roe_4q": 4.8999999999999995,
            "gross_profit": 118044,
            "gross_margin": 8.13,
            "gross_margin_4q_avg": 6.79,
            "net_income": 47067,
            "revenue": 1452128,
            "common_shares": 799072,
            "book_valuer_per_share": 28.51,
            "book_valuer_per_share_4q_avg": 28.02,
            "equity": 2278441,
            "current_ratio": 239.29,
            "debt_ratio": 42.08,
            "inventory_turnover_ratio": 3.4,
            "account_receivable_turnover_ratio": 0.63,
            "reinvestment_rate": -44.11,
            "research_to_sale_ratio": null,
            "price_fair": 68.4,
            "eps_avg_yearly": 1.95,
            "eps_latest_yearly": 2.36,
            "eps_growth_yearly": 1411.67
        },
        "20181": {
            "year_quarter": 20181,
            "year": 2018,
            "quarter": 1,
            "eps": 0.31,
            "eps_growth_year": null,
            "eps_4q": 2.13,
            "eps_4q_growth_year": 138.58,
            "roe": 1.08,
            "roe_4q": 7.6,
            "gross_profit": 127615,
            "gross_margin": 9.99,
            "gross_margin_4q_avg": 7.43,
            "net_income": 24841,
            "revenue": 1277190,
            "common_shares": 799072,
            "book_valuer_per_share": 28.9,
            "book_valuer_per_share_4q_avg": 28.28,
            "equity": 2309307,
            "current_ratio": 267.03,
            "debt_ratio": 38.47,
            "inventory_turnover_ratio": 2.93,
            "account_receivable_turnover_ratio": 0.57,
            "reinvestment_rate": -42.57,
            "research_to_sale_ratio": null,
            "price_fair": 64.8,
            "eps_avg_yearly": 1.85,
            "eps_latest_yearly": 1.24,
            "eps_growth_yearly": 1346.92
        },
        "20182": {
            "year_quarter": 20182,
            "year": 2018,
            "quarter": 2,
            "eps": 2.33,
            "eps_growth_year": 1126.32,
            "eps_4q": 4.27,
            "eps_4q_growth_year": 686.54,
            "roe": 7.84,
            "roe_4q": 14.77,
            "gross_profit": 213237,
            "gross_margin": 17.41,
            "gross_margin_4q_avg": 10.19,
            "net_income": 185831,
            "revenue": 1224937,
            "common_shares": 799072,
            "book_valuer_per_share": 30.42,
            "book_valuer_per_share_4q_avg": 28.94,
            "equity": 2430944,
            "current_ratio": 270.03,
            "debt_ratio": 38.55,
            "inventory_turnover_ratio": 2.44,
            "account_receivable_turnover_ratio": 0.62,
            "reinvestment_rate": -29.58,
            "research_to_sale_ratio": null,
            "price_fair": 87.9,
            "eps_avg_yearly": 2.51,
            "eps_latest_yearly": 9.32,
            "eps_growth_yearly": 1560.81
        },
        "20183": {
            "year_quarter": 20183,
            "year": 2018,
            "quarter": 3,
            "eps": 1.88,
            "eps_growth_year": 79.05,
            "eps_4q": 5.11,
            "eps_4q_growth_year": 246.6,
            "roe": 6.03,
            "roe_4q": 17.04,
            "gross_profit": 259724,
            "gross_margin": 15.13,
            "gross_margin_4q_avg": 12.67,
            "net_income": 150599,
            "revenue": 1716696,
            "common_shares": 799072,
            "book_valuer_per_share": 32.05,
            "book_valuer_per_share_4q_avg": 29.97,
            "equity": 2561346,
            "current_ratio": 227.19,
            "debt_ratio": 45.05,
            "inventory_turnover_ratio": 2.66,
            "account_receivable_turnover_ratio": 0.81,
            "reinvestment_rate": -20.57,
            "research_to_sale_ratio": null,
            "price_fair": 102.3,
            "eps_avg_yearly": 2.92,
            "eps_latest_yearly": 7.52,
            "eps_growth_yearly": 955.3
        },
        "20184": {
            "year_quarter": 20184,
            "year": 2018,
            "quarter": 4,
            "eps": 0.53,
            "eps_growth_year": -10.56,
            "eps_4q": 5.05,
            "eps_4q_growth_year": 270.37,
            "roe": 1.63,
            "roe_4q": 16.58,
            "gross_profit": 128602,
            "gross_margin": 8.46,
            "gross_margin_4q_avg": 12.75,
            "net_income": 42095,
            "revenue": 1519451,
            "common_shares": 799072,
            "book_valuer_per_share": 32.66,
            "book_valuer_per_share_4q_avg": 31.01,
            "equity": 2609836,
            "current_ratio": 241.19,
            "debt_ratio": 42.63,
            "inventory_turnover_ratio": 1.94,
            "account_receivable_turnover_ratio": 0.63,
            "reinvestment_rate": -22.98,
            "research_to_sale_ratio": null,
            "price_fair": 100.5,
            "eps_avg_yearly": 2.87,
            "eps_latest_yearly": 2.12,
            "eps_growth_yearly": 917.25
        },
        "20191": {
            "year_quarter": 20191,
            "year": 2019,
            "quarter": 1,
            "eps": 0.59,
            "eps_growth_year": 90.32,
            "eps_4q": 5.32,
            "eps_4q_growth_year": 149.55,
            "roe": 1.78,
            "roe_4q": 17.28,
            "gross_profit": 81353,
            "gross_margin": 6.85,
            "gross_margin_4q_avg": 11.96,
            "net_income": 46876,
            "revenue": 1188102,
            "common_shares": 799072,
            "book_valuer_per_share": 33.43,
            "book_valuer_per_share_4q_avg": 32.14,
            "equity": 2671672,
            "current_ratio": 330.63,
            "debt_ratio": 32.34,
            "inventory_turnover_ratio": 1.54,
            "account_receivable_turnover_ratio": 0.53,
            "reinvestment_rate": -26.64,
            "research_to_sale_ratio": null,
            "price_fair": 104,
            "eps_avg_yearly": 2.97,
            "eps_latest_yearly": 2.36,
            "eps_growth_yearly": 939.4
        },
        "20192": {
            "year_quarter": 20192,
            "year": 2019,
            "quarter": 2,
            "eps": 0.34,
            "eps_growth_year": -85.41,
            "eps_4q": 3.34,
            "eps_4q_growth_year": -21.83,
            "roe": 1.06,
            "roe_4q": 10.5,
            "gross_profit": 73410,
            "gross_margin": 6.14,
            "gross_margin_4q_avg": 9.15,
            "net_income": 27247,
            "revenue": 1194631,
            "common_shares": 799072,
            "book_valuer_per_share": 31.1,
            "book_valuer_per_share_4q_avg": 32.31,
            "equity": 2484941,
            "current_ratio": 286.39,
            "debt_ratio": 36.81,
            "inventory_turnover_ratio": 1.99,
            "account_receivable_turnover_ratio": 0.67,
            "reinvestment_rate": -24.48,
            "research_to_sale_ratio": null,
            "price_fair": 106.9,
            "eps_avg_yearly": 3.05,
            "eps_latest_yearly": 1.36,
            "eps_growth_yearly": 949.91
        },
        "20193": {
            "year_quarter": 20193,
            "year": 2019,
            "quarter": 3,
            "eps": 0.29,
            "eps_growth_year": -84.57,
            "eps_4q": 1.74,
            "eps_4q_growth_year": -65.96,
            "roe": 0.92,
            "roe_4q": 5.39,
            "gross_profit": 78101,
            "gross_margin": 5.09,
            "gross_margin_4q_avg": 6.64,
            "net_income": 22781,
            "revenue": 1533711,
            "common_shares": 799072,
            "book_valuer_per_share": 31.07,
            "book_valuer_per_share_4q_avg": 32.07,
            "equity": 2482883,
            "current_ratio": 254.25,
            "debt_ratio": 40.68,
            "inventory_turnover_ratio": 2.88,
            "account_receivable_turnover_ratio": 0.8,
            "reinvestment_rate": -18.65,
            "research_to_sale_ratio": null,
            "price_fair": 99.2,
            "eps_avg_yearly": 2.83,
            "eps_latest_yearly": 1.16,
            "eps_growth_yearly": 368.56
        },
        "20194": {
            "year_quarter": 20194,
            "year": 2019,
            "quarter": 4,
            "eps": -0.24,
            "eps_growth_year": -145.48,
            "eps_4q": 0.97,
            "eps_4q_growth_year": -80.72,
            "roe": -0.78,
            "roe_4q": 2.9800000000000004,
            "gross_profit": 39626,
            "gross_margin": 2.73,
            "gross_margin_4q_avg": 5.2,
            "net_income": -19143,
            "revenue": 1452045,
            "common_shares": 799072,
            "book_valuer_per_share": 30.7,
            "book_valuer_per_share_4q_avg": 31.58,
            "equity": 2453360,
            "current_ratio": 270.67,
            "debt_ratio": 38.24,
            "inventory_turnover_ratio": 2.97,
            "account_receivable_turnover_ratio": 0.63,
            "reinvestment_rate": -20.95,
            "research_to_sale_ratio": null,
            "price_fair": 103.92,
            "eps_avg_yearly": 2.97,
            "eps_latest_yearly": 1.16,
            "eps_growth_yearly": 419.85
        },
        "20201": {
            "year_quarter": 20201,
            "year": 2020,
            "quarter": 1,
            "eps": 0.15,
            "eps_growth_year": -74.58,
            "eps_4q": 0.54,
            "eps_4q_growth_year": -89.84,
            "roe": 0.5,
            "roe_4q": 1.7000000000000002,
            "gross_profit": 44238,
            "gross_margin": 3.47,
            "gross_margin_4q_avg": 4.36,
            "net_income": 12355,
            "revenue": 1275673,
            "common_shares": 799072,
            "book_valuer_per_share": 30.75,
            "book_valuer_per_share_4q_avg": 30.91,
            "equity": 2457085,
            "current_ratio": 283.02,
            "debt_ratio": 36.86,
            "inventory_turnover_ratio": 3.05,
            "account_receivable_turnover_ratio": 0.58,
            "reinvestment_rate": -22.49,
            "research_to_sale_ratio": null,
            "price_fair": 108.15,
            "eps_avg_yearly": 3.09,
            "eps_latest_yearly": 1.16,
            "eps_growth_yearly": 441.25
        },
        "20202": {
            "year_quarter": 20202,
            "year": 2020,
            "quarter": 2,
            "eps": -0.06,
            "eps_growth_year": -117.65,
            "eps_4q": 0.14,
            "eps_4q_growth_year": -95.81,
            "roe": -0.2,
            "roe_4q": 0.44,
            "gross_profit": 48285,
            "gross_margin": 4.2,
            "gross_margin_4q_avg": 3.87,
            "net_income": -4810,
            "revenue": 1150395,
            "common_shares": 799072,
            "book_valuer_per_share": 30.08,
            "book_valuer_per_share_4q_avg": 30.65,
            "equity": 2403341,
            "current_ratio": 280.57,
            "debt_ratio": 37.45,
            "inventory_turnover_ratio": 2.68,
            "account_receivable_turnover_ratio": 0.58,
            "reinvestment_rate": -33.21,
            "research_to_sale_ratio": null,
            "price_fair": 111.11,
            "eps_avg_yearly": 3.17,
            "eps_latest_yearly": 1.16,
            "eps_growth_yearly": 466.06
        },
        "20203": {
            "year_quarter": 20203,
            "year": 2020,
            "quarter": 3,
            "eps": 0.12,
            "eps_growth_year": -58.62,
            "eps_4q": -0.02,
            "eps_4q_growth_year": -101.19,
            "roe": 0.41,
            "roe_4q": -0.07000000000000006,
            "gross_profit": 80467,
            "gross_margin": 5.04,
            "gross_margin_4q_avg": 3.86,
            "net_income": 9949,
            "revenue": 1595307,
            "common_shares": 799072,
            "book_valuer_per_share": 30.31,
            "book_valuer_per_share_4q_avg": 30.46,
            "equity": 2421963,
            "current_ratio": 244.61,
            "debt_ratio": 42.25,
            "inventory_turnover_ratio": 3.1,
            "account_receivable_turnover_ratio": 0.77,
            "reinvestment_rate": -37.21,
            "research_to_sale_ratio": null,
            "price_fair": 120.54,
            "eps_avg_yearly": 3.44,
            "eps_latest_yearly": 1.16,
            "eps_growth_yearly": 543.77
        },
        "20204": {
            "year_quarter": 20204,
            "year": 2020,
            "quarter": 4,
            "eps": 0.15,
            "eps_growth_year": null,
            "eps_4q": 0.37,
            "eps_4q_growth_year": -61.63,
            "roe": 0.51,
            "roe_4q": 1.22,
            "gross_profit": 67840,
            "gross_margin": 3.86,
            "gross_margin_4q_avg": 4.14,
            "net_income": 12341,
            "revenue": 1755266,
            "common_shares": 799072,
            "book_valuer_per_share": 30.6,
            "book_valuer_per_share_4q_avg": 30.44,
            "equity": 2445266,
            "current_ratio": 214.8,
            "debt_ratio": 47.55,
            "inventory_turnover_ratio": 3.05,
            "account_receivable_turnover_ratio": 0.73,
            "reinvestment_rate": -37.48,
            "research_to_sale_ratio": null,
            "price_fair": 112.84,
            "eps_avg_yearly": 3.22,
            "eps_latest_yearly": 0.6,
            "eps_growth_yearly": 360.44
        },
        "20211": {
            "year_quarter": 20211,
            "year": 2021,
            "quarter": 1,
            "eps": 0.6,
            "eps_growth_year": 300,
            "eps_4q": 0.82,
            "eps_4q_growth_year": 51.16,
            "roe": 1.94,
            "roe_4q": 2.66,
            "gross_profit": 61873,
            "gross_margin": 5.12,
            "gross_margin_4q_avg": 4.56,
            "net_income": 47883,
            "revenue": 1209103,
            "common_shares": 799072,
            "book_valuer_per_share": 31.14,
            "book_valuer_per_share_4q_avg": 30.53,
            "equity": 2487962,
            "current_ratio": 276.73,
            "debt_ratio": 38.12,
            "inventory_turnover_ratio": 2.07,
            "account_receivable_turnover_ratio": 0.51,
            "reinvestment_rate": -32.5,
            "research_to_sale_ratio": null,
            "price_fair": 110.22,
            "eps_avg_yearly": 3.15,
            "eps_latest_yearly": 2.4,
            "eps_growth_yearly": 436.76
        },
        "20212": {
            "year_quarter": 20212,
            "year": 2021,
            "quarter": 2,
            "eps": 0.29,
            "eps_growth_year": null,
            "eps_4q": 1.17,
            "eps_4q_growth_year": 737.88,
            "roe": 0.92,
            "roe_4q": 3.7800000000000002,
            "gross_profit": 81557,
            "gross_margin": 6.29,
            "gross_margin_4q_avg": 5.08,
            "net_income": 22747,
            "revenue": 1296762,
            "common_shares": 799072,
            "book_valuer_per_share": 31.13,
            "book_valuer_per_share_4q_avg": 30.8,
            "equity": 2466730,
            "current_ratio": 249.56,
            "debt_ratio": 41.64,
            "inventory_turnover_ratio": 2.2,
            "account_receivable_turnover_ratio": 0.66,
            "reinvestment_rate": -40.29,
            "research_to_sale_ratio": null,
            "price_fair": 104.42,
            "eps_avg_yearly": 2.98,
            "eps_latest_yearly": 1.16,
            "eps_growth_yearly": 383.14
        },
        "20213": {
            "year_quarter": 20213,
            "year": 2021,
            "quarter": 3,
            "eps": 0.42,
            "eps_growth_year": 250,
            "eps_4q": 1.47,
            "eps_4q_growth_year": null,
            "roe": 1.34,
            "roe_4q": 4.71,
            "gross_profit": 95149,
            "gross_margin": 5.75,
            "gross_margin_4q_avg": 5.26,
            "net_income": 33130,
            "revenue": 1654939,
            "common_shares": 799072,
            "book_valuer_per_share": 31.53,
            "book_valuer_per_share_4q_avg": 31.1,
            "equity": 2495011,
            "current_ratio": 214.58,
            "debt_ratio": 47.6,
            "inventory_turnover_ratio": 2.33,
            "account_receivable_turnover_ratio": 0.83,
            "reinvestment_rate": -0.81,
            "research_to_sale_ratio": null,
            "price_fair": 97.07,
            "eps_avg_yearly": 2.77,
            "eps_latest_yearly": 1.68,
            "eps_growth_yearly": 247.21
        },
        "20214": {
            "year_quarter": 20214,
            "year": 2021,
            "quarter": 4,
            "eps": 0.46,
            "eps_growth_year": 197.77,
            "eps_4q": 1.77,
            "eps_4q_growth_year": 374.36,
            "roe": 1.45,
            "roe_4q": 5.65,
            "gross_profit": 88252,
            "gross_margin": 4.43,
            "gross_margin_4q_avg": 5.4,
            "net_income": 36391,
            "revenue": 1993930,
            "common_shares": 799072,
            "book_valuer_per_share": 32.06,
            "book_valuer_per_share_4q_avg": 31.47,
            "equity": 2537275,
            "current_ratio": 196.49,
            "debt_ratio": 51.23,
            "inventory_turnover_ratio": 2.28,
            "account_receivable_turnover_ratio": 0.79,
            "reinvestment_rate": -0.84,
            "research_to_sale_ratio": null,
            "price_fair": 95.55,
            "eps_avg_yearly": 2.73,
            "eps_latest_yearly": 1.84,
            "eps_growth_yearly": 264.99
        },
        "20221": {
            "year_quarter": 20221,
            "year": 2022,
            "quarter": 1,
            "eps": 0.7,
            "eps_growth_year": 16.67,
            "eps_4q": 1.86,
            "eps_4q_growth_year": 127.95,
            "roe": 2.18,
            "roe_4q": 5.89,
            "gross_profit": 84906,
            "gross_margin": 4.81,
            "gross_margin_4q_avg": 5.32,
            "net_income": 55280,
            "revenue": 1766549,
            "common_shares": 799072,
            "book_valuer_per_share": 32.14,
            "book_valuer_per_share_4q_avg": 31.72,
            "equity": 2543429,
            "current_ratio": 196.07,
            "debt_ratio": 51.41,
            "inventory_turnover_ratio": 1.95,
            "account_receivable_turnover_ratio": 0.62,
            "reinvestment_rate": -1.26,
            "research_to_sale_ratio": null,
            "price_fair": 100.1,
            "eps_avg_yearly": 2.86,
            "eps_latest_yearly": 2.8,
            "eps_growth_yearly": 298.2
        },
        "20222": {
            "year_quarter": 20222,
            "year": 2022,
            "quarter": 2,
            "eps": 0.54,
            "eps_growth_year": 86.21,
            "eps_4q": 2.11,
            "eps_4q_growth_year": 80.36,
            "roe": 1.66,
            "roe_4q": 6.63,
            "gross_profit": 63747,
            "gross_margin": 5.4,
            "gross_margin_4q_avg": 5.1,
            "net_income": 42558,
            "revenue": 1181563,
            "common_shares": 799072,
            "book_valuer_per_share": 32.62,
            "book_valuer_per_share_4q_avg": 32.09,
            "equity": 2581460,
            "current_ratio": 226.7,
            "debt_ratio": 44.62,
            "inventory_turnover_ratio": 1.17,
            "account_receivable_turnover_ratio": 0.47,
            "reinvestment_rate": -1.72,
            "research_to_sale_ratio": null,
            "price_fair": 79.22,
            "eps_avg_yearly": 2.26,
            "eps_latest_yearly": 2.16,
            "eps_growth_yearly": 73.37
        },
        "20223": {
            "year_quarter": 20223,
            "year": 2022,
            "quarter": 3,
            "eps": 0.74,
            "eps_growth_year": 76.19,
            "eps_4q": 2.44,
            "eps_4q_growth_year": 66.27,
            "roe": 2.25,
            "roe_4q": 7.54,
            "gross_profit": 75469,
            "gross_margin": 5.21,
            "gross_margin_4q_avg": 4.96,
            "net_income": 58812,
            "revenue": 1447286,
            "common_shares": 799072,
            "book_valuer_per_share": 33.58,
            "book_valuer_per_share_4q_avg": 32.6,
            "equity": 2657128,
            "current_ratio": 238.2,
            "debt_ratio": 42.72,
            "inventory_turnover_ratio": 1.25,
            "account_receivable_turnover_ratio": 0.66,
            "reinvestment_rate": -2.08,
            "research_to_sale_ratio": null,
            "price_fair": 65.92,
            "eps_avg_yearly": 1.88,
            "eps_latest_yearly": 2.96,
            "eps_growth_yearly": 92.16
        },
        "20224": {
            "year_quarter": 20224,
            "year": 2022,
            "quarter": 4,
            "eps": -0.07,
            "eps_growth_year": -115.87,
            "eps_4q": 1.91,
            "eps_4q_growth_year": 7.65,
            "roe": -0.22,
            "roe_4q": 5.869999999999999,
            "gross_profit": 28891,
            "gross_margin": 1.99,
            "gross_margin_4q_avg": 4.35,
            "net_income": -5775,
            "revenue": 1451732,
            "common_shares": 799072,
            "book_valuer_per_share": 33.33,
            "book_valuer_per_share_4q_avg": 32.92,
            "equity": 2637424,
            "current_ratio": 244.31,
            "debt_ratio": 41.1,
            "inventory_turnover_ratio": 1.22,
            "account_receivable_turnover_ratio": 0.66,
            "reinvestment_rate": -2.45,
            "research_to_sale_ratio": null,
            "price_fair": 65.16,
            "eps_avg_yearly": 1.86,
            "eps_latest_yearly": 2.96,
            "eps_growth_yearly": 126.65
        },
        "20231": {
            "year_quarter": 20231,
            "year": 2023,
            "quarter": 1,
            "eps": -0.5,
            "eps_growth_year": -171.43,
            "eps_4q": 0.71,
            "eps_4q_growth_year": -61.97,
            "roe": -1.53,
            "roe_4q": 2.16,
            "gross_profit": 8104,
            "gross_margin": 0.65,
            "gross_margin_4q_avg": 3.31,
            "net_income": -39486,
            "revenue": 1249475,
            "common_shares": 799072,
            "book_valuer_per_share": 31.77,
            "book_valuer_per_share_4q_avg": 32.83,
            "equity": 2513620,
            "current_ratio": 281,
            "debt_ratio": 36.15,
            "inventory_turnover_ratio": 1.17,
            "account_receivable_turnover_ratio": 0.59,
            "reinvestment_rate": -3.22,
            "research_to_sale_ratio": null,
            "price_fair": 63.42,
            "eps_avg_yearly": 1.81,
            "eps_latest_yearly": 2.96,
            "eps_growth_yearly": 134.78
        }
    },
    "months": {
        "2003-09": {
            "month": "2003-09",
            "price": "64.82",
            "revenue": 328335
        },
        "2003-10": {
            "month": "2003-10",
            "price": "58.42",
            "revenue": 297201
        },
        "2003-11": {
            "month": "2003-11",
            "price": "58.62",
            "revenue": 263020
        },
        "2003-12": {
            "month": "2003-12",
            "price": "58.50",
            "revenue": 279218
        },
        "2004-01": {
            "month": "2004-01",
            "price": "52.87",
            "revenue": 243970
        },
        "2004-02": {
            "month": "2004-02",
            "price": "53.18",
            "revenue": 229261
        },
        "2004-03": {
            "month": "2004-03",
            "price": "48.30",
            "revenue": 298313
        },
        "2004-04": {
            "month": "2004-04",
            "price": "48.91",
            "revenue": 300299
        },
        "2004-05": {
            "month": "2004-05",
            "price": "42.40",
            "revenue": 252814
        },
        "2004-06": {
            "month": "2004-06",
            "price": "42.94",
            "revenue": 239316
        },
        "2004-07": {
            "month": "2004-07",
            "price": "48.31",
            "revenue": 265605
        },
        "2004-08": {
            "month": "2004-08",
            "price": "37.08",
            "revenue": 277982
        },
        "2004-09": {
            "month": "2004-09",
            "price": "29.06",
            "revenue": 333986
        },
        "2004-10": {
            "month": "2004-10",
            "price": "25.66",
            "revenue": 303421
        },
        "2004-11": {
            "month": "2004-11",
            "price": "24.32",
            "revenue": 320603
        },
        "2004-12": {
            "month": "2004-12",
            "price": "20.49",
            "revenue": 243426
        },
        "2005-01": {
            "month": "2005-01",
            "price": "18.06",
            "revenue": 344747
        },
        "2005-02": {
            "month": "2005-02",
            "price": "19.80",
            "revenue": 180340
        },
        "2005-03": {
            "month": "2005-03",
            "price": "21.68",
            "revenue": 253616
        },
        "2005-04": {
            "month": "2005-04",
            "price": "19.55",
            "revenue": 289600
        },
        "2005-05": {
            "month": "2005-05",
            "price": "18.37",
            "revenue": 219450
        },
        "2005-06": {
            "month": "2005-06",
            "price": "20.29",
            "revenue": 247938
        },
        "2005-07": {
            "month": "2005-07",
            "price": "22.03",
            "revenue": 253602
        },
        "2005-08": {
            "month": "2005-08",
            "price": "22.15",
            "revenue": 336012
        },
        "2005-09": {
            "month": "2005-09",
            "price": "27.05",
            "revenue": 371925
        },
        "2005-10": {
            "month": "2005-10",
            "price": "28.57",
            "revenue": 331537
        },
        "2005-11": {
            "month": "2005-11",
            "price": "27.79",
            "revenue": 288304
        },
        "2005-12": {
            "month": "2005-12",
            "price": "30.53",
            "revenue": 299434
        },
        "2006-01": {
            "month": "2006-01",
            "price": "34.33",
            "revenue": 283239
        },
        "2006-02": {
            "month": "2006-02",
            "price": "30.46",
            "revenue": 276232
        },
        "2006-03": {
            "month": "2006-03",
            "price": "29.29",
            "revenue": 292154
        },
        "2006-04": {
            "month": "2006-04",
            "price": "31.22",
            "revenue": 293061
        },
        "2006-05": {
            "month": "2006-05",
            "price": "28.66",
            "revenue": 265143
        },
        "2006-06": {
            "month": "2006-06",
            "price": "23.02",
            "revenue": 254016
        },
        "2006-07": {
            "month": "2006-07",
            "price": "23.42",
            "revenue": 323815
        },
        "2006-08": {
            "month": "2006-08",
            "price": "24.74",
            "revenue": 307782
        },
        "2006-09": {
            "month": "2006-09",
            "price": "23.61",
            "revenue": 356473
        },
        "2006-10": {
            "month": "2006-10",
            "price": "24.90",
            "revenue": 389636
        },
        "2006-11": {
            "month": "2006-11",
            "price": "28.35",
            "revenue": 380175
        },
        "2006-12": {
            "month": "2006-12",
            "price": "30.03",
            "revenue": 317481
        },
        "2007-01": {
            "month": "2007-01",
            "price": "30.83",
            "revenue": 451263
        },
        "2007-02": {
            "month": "2007-02",
            "price": "33.67",
            "revenue": 319781
        },
        "2007-03": {
            "month": "2007-03",
            "price": "42.88",
            "revenue": 418016
        },
        "2007-04": {
            "month": "2007-04",
            "price": "42.34",
            "revenue": 332987
        },
        "2007-05": {
            "month": "2007-05",
            "price": "40.24",
            "revenue": 340104
        },
        "2007-06": {
            "month": "2007-06",
            "price": "41.37",
            "revenue": 328587
        },
        "2007-07": {
            "month": "2007-07",
            "price": "41.19",
            "revenue": 381527
        },
        "2007-08": {
            "month": "2007-08",
            "price": "37.17",
            "revenue": 403359
        },
        "2007-09": {
            "month": "2007-09",
            "price": "35.62",
            "revenue": 428273
        },
        "2007-10": {
            "month": "2007-10",
            "price": "35.17",
            "revenue": 337047
        },
        "2007-11": {
            "month": "2007-11",
            "price": "28.48",
            "revenue": 336750
        },
        "2007-12": {
            "month": "2007-12",
            "price": "24.50",
            "revenue": 280644
        },
        "2008-01": {
            "month": "2008-01",
            "price": "22.36",
            "revenue": 411007
        },
        "2008-02": {
            "month": "2008-02",
            "price": "22.65",
            "revenue": 240421
        },
        "2008-03": {
            "month": "2008-03",
            "price": "22.10",
            "revenue": 328498
        },
        "2008-04": {
            "month": "2008-04",
            "price": "24.44",
            "revenue": 338116
        },
        "2008-05": {
            "month": "2008-05",
            "price": "21.90",
            "revenue": 316614
        },
        "2008-06": {
            "month": "2008-06",
            "price": "18.32",
            "revenue": 285139
        },
        "2008-07": {
            "month": "2008-07",
            "price": "14.57",
            "revenue": 369655
        },
        "2008-08": {
            "month": "2008-08",
            "price": "15.30",
            "revenue": 399125
        },
        "2008-09": {
            "month": "2008-09",
            "price": "11.33",
            "revenue": 415546
        },
        "2008-10": {
            "month": "2008-10",
            "price": "9.87",
            "revenue": 311109
        },
        "2008-11": {
            "month": "2008-11",
            "price": "8.11",
            "revenue": 206448
        },
        "2008-12": {
            "month": "2008-12",
            "price": "7.27",
            "revenue": 181755
        },
        "2009-01": {
            "month": "2009-01",
            "price": "7.22",
            "revenue": 184489
        },
        "2009-02": {
            "month": "2009-02",
            "price": "7.73",
            "revenue": 204668
        },
        "2009-03": {
            "month": "2009-03",
            "price": "9.33",
            "revenue": 276636
        },
        "2009-04": {
            "month": "2009-04",
            "price": "10.65",
            "revenue": 249264
        },
        "2009-05": {
            "month": "2009-05",
            "price": "12.85",
            "revenue": 270714
        },
        "2009-06": {
            "month": "2009-06",
            "price": "13.36",
            "revenue": 330128
        },
        "2009-07": {
            "month": "2009-07",
            "price": "15.36",
            "revenue": 363415
        },
        "2009-08": {
            "month": "2009-08",
            "price": "15.83",
            "revenue": 385624
        },
        "2009-09": {
            "month": "2009-09",
            "price": "17.60",
            "revenue": 449642
        },
        "2009-10": {
            "month": "2009-10",
            "price": "19.27",
            "revenue": 350269
        },
        "2009-11": {
            "month": "2009-11",
            "price": "18.92",
            "revenue": 335698
        },
        "2009-12": {
            "month": "2009-12",
            "price": "20.48",
            "revenue": 342456
        },
        "2010-01": {
            "month": "2010-01",
            "price": "21.14",
            "revenue": 394392
        },
        "2010-02": {
            "month": "2010-02",
            "price": "20.05",
            "revenue": 306726
        },
        "2010-03": {
            "month": "2010-03",
            "price": "22.13",
            "revenue": 421118
        },
        "2010-04": {
            "month": "2010-04",
            "price": "24.08",
            "revenue": 371603
        },
        "2010-05": {
            "month": "2010-05",
            "price": "21.75",
            "revenue": 364612
        },
        "2010-06": {
            "month": "2010-06",
            "price": "21.03",
            "revenue": 371724
        },
        "2010-07": {
            "month": "2010-07",
            "price": "21.56",
            "revenue": 404943
        },
        "2010-08": {
            "month": "2010-08",
            "price": "21.93",
            "revenue": 412506
        },
        "2010-09": {
            "month": "2010-09",
            "price": "22.24",
            "revenue": 509492
        },
        "2010-10": {
            "month": "2010-10",
            "price": "22.35",
            "revenue": 410786
        },
        "2010-11": {
            "month": "2010-11",
            "price": "20.30",
            "revenue": 452010
        },
        "2010-12": {
            "month": "2010-12",
            "price": "21.02",
            "revenue": 414855
        },
        "2011-01": {
            "month": "2011-01",
            "price": "20.70",
            "revenue": 497416
        },
        "2011-02": {
            "month": "2011-02",
            "price": "20.67",
            "revenue": 334879
        },
        "2011-03": {
            "month": "2011-03",
            "price": "19.81",
            "revenue": 515020
        },
        "2011-04": {
            "month": "2011-04",
            "price": "19.79",
            "revenue": 433574
        },
        "2011-05": {
            "month": "2011-05",
            "price": "19.48",
            "revenue": 416998
        },
        "2011-06": {
            "month": "2011-06",
            "price": "19.08",
            "revenue": 361373
        },
        "2011-07": {
            "month": "2011-07",
            "price": "18.40",
            "revenue": 427416
        },
        "2011-08": {
            "month": "2011-08",
            "price": "16.34",
            "revenue": 449068
        },
        "2011-09": {
            "month": "2011-09",
            "price": "15.43",
            "revenue": 537290
        },
        "2011-10": {
            "month": "2011-10",
            "price": "16.14",
            "revenue": 398823
        },
        "2011-11": {
            "month": "2011-11",
            "price": "16.99",
            "revenue": 390835
        },
        "2011-12": {
            "month": "2011-12",
            "price": "16.14",
            "revenue": 303655
        },
        "2012-01": {
            "month": "2012-01",
            "price": "16.09",
            "revenue": 306395
        },
        "2012-02": {
            "month": "2012-02",
            "price": "17.91",
            "revenue": 309750
        },
        "2012-03": {
            "month": "2012-03",
            "price": "17.93",
            "revenue": 360964
        },
        "2012-04": {
            "month": "2012-04",
            "price": "16.40",
            "revenue": 370484
        },
        "2012-05": {
            "month": "2012-05",
            "price": "15.25",
            "revenue": 391301
        },
        "2012-06": {
            "month": "2012-06",
            "price": "14.66",
            "revenue": 321404
        },
        "2012-07": {
            "month": "2012-07",
            "price": "14.71",
            "revenue": 438434
        },
        "2012-08": {
            "month": "2012-08",
            "price": "15.06",
            "revenue": 393989
        },
        "2012-09": {
            "month": "2012-09",
            "price": "14.83",
            "revenue": 419764
        },
        "2012-10": {
            "month": "2012-10",
            "price": "14.24",
            "revenue": 431595
        },
        "2012-11": {
            "month": "2012-11",
            "price": "13.18",
            "revenue": 506575
        },
        "2012-12": {
            "month": "2012-12",
            "price": "13.71",
            "revenue": 438367
        },
        "2013-01": {
            "month": "2013-01",
            "price": "14.38",
            "revenue": 458942
        },
        "2013-02": {
            "month": "2013-02",
            "price": "15.18",
            "revenue": 319379
        },
        "2013-03": {
            "month": "2013-03",
            "price": "15.36",
            "revenue": 423532
        },
        "2013-04": {
            "month": "2013-04",
            "price": "16.29",
            "revenue": 420627
        },
        "2013-05": {
            "month": "2013-05",
            "price": "17.43",
            "revenue": 369693
        },
        "2013-06": {
            "month": "2013-06",
            "price": "17.68",
            "revenue": 269629
        },
        "2013-07": {
            "month": "2013-07",
            "price": "17.16",
            "revenue": 423796
        },
        "2013-08": {
            "month": "2013-08",
            "price": "16.90",
            "revenue": 432801
        },
        "2013-09": {
            "month": "2013-09",
            "price": "16.53",
            "revenue": 443047
        },
        "2013-10": {
            "month": "2013-10",
            "price": "16.80",
            "revenue": 370669
        },
        "2013-11": {
            "month": "2013-11",
            "price": "17.11",
            "revenue": 338409
        },
        "2013-12": {
            "month": "2013-12",
            "price": "17.52",
            "revenue": 303098
        },
        "2014-01": {
            "month": "2014-01",
            "price": "18.62",
            "revenue": 332869
        },
        "2014-02": {
            "month": "2014-02",
            "price": "18.31",
            "revenue": 239851
        },
        "2014-03": {
            "month": "2014-03",
            "price": "18.43",
            "revenue": 322531
        },
        "2014-04": {
            "month": "2014-04",
            "price": "17.58",
            "revenue": 329866
        },
        "2014-05": {
            "month": "2014-05",
            "price": "17.83",
            "revenue": 301137
        },
        "2014-06": {
            "month": "2014-06",
            "price": "19.67",
            "revenue": 273280
        },
        "2014-07": {
            "month": "2014-07",
            "price": "19.27",
            "revenue": 371286
        },
        "2014-08": {
            "month": "2014-08",
            "price": "17.37",
            "revenue": 405794
        },
        "2014-09": {
            "month": "2014-09",
            "price": "17.02",
            "revenue": 575844
        },
        "2014-10": {
            "month": "2014-10",
            "price": "18.02",
            "revenue": 516631
        },
        "2014-11": {
            "month": "2014-11",
            "price": "18.32",
            "revenue": 459909
        },
        "2014-12": {
            "month": "2014-12",
            "price": "17.81",
            "revenue": 512984
        },
        "2015-01": {
            "month": "2015-01",
            "price": "18.29",
            "revenue": 430991
        },
        "2015-02": {
            "month": "2015-02",
            "price": "18.44",
            "revenue": 273259
        },
        "2015-03": {
            "month": "2015-03",
            "price": "18.65",
            "revenue": 360036
        },
        "2015-04": {
            "month": "2015-04",
            "price": "18.98",
            "revenue": 382867
        },
        "2015-05": {
            "month": "2015-05",
            "price": "17.84",
            "revenue": 366905
        },
        "2015-06": {
            "month": "2015-06",
            "price": "16.35",
            "revenue": 362427
        },
        "2015-07": {
            "month": "2015-07",
            "price": "15.80",
            "revenue": 353619
        },
        "2015-08": {
            "month": "2015-08",
            "price": "13.84",
            "revenue": 447078
        },
        "2015-09": {
            "month": "2015-09",
            "price": "12.79",
            "revenue": 700086
        },
        "2015-10": {
            "month": "2015-10",
            "price": "13.89",
            "revenue": 553616
        },
        "2015-11": {
            "month": "2015-11",
            "price": "14.70",
            "revenue": 498797
        },
        "2015-12": {
            "month": "2015-12",
            "price": "14.78",
            "revenue": 378794
        },
        "2016-01": {
            "month": "2016-01",
            "price": "14.47",
            "revenue": 376312
        },
        "2016-02": {
            "month": "2016-02",
            "price": "14.86",
            "revenue": 208101
        },
        "2016-03": {
            "month": "2016-03",
            "price": "15.17",
            "revenue": 342402
        },
        "2016-04": {
            "month": "2016-04",
            "price": "14.78",
            "revenue": 339329
        },
        "2016-05": {
            "month": "2016-05",
            "price": "14.37",
            "revenue": 362828
        },
        "2016-06": {
            "month": "2016-06",
            "price": "14.69",
            "revenue": 341845
        },
        "2016-07": {
            "month": "2016-07",
            "price": "15.04",
            "revenue": 393496
        },
        "2016-08": {
            "month": "2016-08",
            "price": "15.89",
            "revenue": 551504
        },
        "2016-09": {
            "month": "2016-09",
            "price": "16.56",
            "revenue": 524240
        },
        "2016-10": {
            "month": "2016-10",
            "price": "16.44",
            "revenue": 541442
        },
        "2016-11": {
            "month": "2016-11",
            "price": "15.86",
            "revenue": 489430
        },
        "2016-12": {
            "month": "2016-12",
            "price": "16.18",
            "revenue": 452426
        },
        "2017-01": {
            "month": "2017-01",
            "price": "16.95",
            "revenue": 407496
        },
        "2017-02": {
            "month": "2017-02",
            "price": "18.07",
            "revenue": 254979
        },
        "2017-03": {
            "month": "2017-03",
            "price": "17.95",
            "revenue": 297176
        },
        "2017-04": {
            "month": "2017-04",
            "price": "18.13",
            "revenue": 325965
        },
        "2017-05": {
            "month": "2017-05",
            "price": "17.44",
            "revenue": 322425
        },
        "2017-06": {
            "month": "2017-06",
            "price": "19.58",
            "revenue": 379916
        },
        "2017-07": {
            "month": "2017-07",
            "price": "21.26",
            "revenue": 455439
        },
        "2017-08": {
            "month": "2017-08",
            "price": "20.58",
            "revenue": 518022
        },
        "2017-09": {
            "month": "2017-09",
            "price": "20.32",
            "revenue": 631440
        },
        "2017-10": {
            "month": "2017-10",
            "price": "19.89",
            "revenue": 531785
        },
        "2017-11": {
            "month": "2017-11",
            "price": "22.92",
            "revenue": 469876
        },
        "2017-12": {
            "month": "2017-12",
            "price": "23.71",
            "revenue": 450467
        },
        "2018-01": {
            "month": "2018-01",
            "price": "27.03",
            "revenue": 517855
        },
        "2018-02": {
            "month": "2018-02",
            "price": "29.22",
            "revenue": 320919
        },
        "2018-03": {
            "month": "2018-03",
            "price": "27.67",
            "revenue": 438416
        },
        "2018-04": {
            "month": "2018-04",
            "price": "30.66",
            "revenue": 382333
        },
        "2018-05": {
            "month": "2018-05",
            "price": "43.66",
            "revenue": 436995
        },
        "2018-06": {
            "month": "2018-06",
            "price": "64.09",
            "revenue": 405609
        },
        "2018-07": {
            "month": "2018-07",
            "price": "76.43",
            "revenue": 574581
        },
        "2018-08": {
            "month": "2018-08",
            "price": "61.58",
            "revenue": 576931
        },
        "2018-09": {
            "month": "2018-09",
            "price": "54.38",
            "revenue": 643242
        },
        "2018-10": {
            "month": "2018-10",
            "price": "40.52",
            "revenue": 533056
        },
        "2018-11": {
            "month": "2018-11",
            "price": "37.97",
            "revenue": 543910
        },
        "2018-12": {
            "month": "2018-12",
            "price": "39.96",
            "revenue": 364427
        },
        "2019-01": {
            "month": "2019-01",
            "price": "36.85",
            "revenue": 561283
        },
        "2019-02": {
            "month": "2019-02",
            "price": "42.28",
            "revenue": 251153
        },
        "2019-03": {
            "month": "2019-03",
            "price": "39.54",
            "revenue": 375666
        },
        "2019-04": {
            "month": "2019-04",
            "price": "41.92",
            "revenue": 400114
        },
        "2019-05": {
            "month": "2019-05",
            "price": "36.26",
            "revenue": 428025
        },
        "2019-06": {
            "month": "2019-06",
            "price": "35.32",
            "revenue": 366492
        },
        "2019-07": {
            "month": "2019-07",
            "price": "37.22",
            "revenue": 459067
        },
        "2019-08": {
            "month": "2019-08",
            "price": "34.08",
            "revenue": 521301
        },
        "2019-09": {
            "month": "2019-09",
            "price": "33.29",
            "revenue": 553346
        },
        "2019-10": {
            "month": "2019-10",
            "price": "33.72",
            "revenue": 548062
        },
        "2019-11": {
            "month": "2019-11",
            "price": "31.96",
            "revenue": 474605
        },
        "2019-12": {
            "month": "2019-12",
            "price": "31.38",
            "revenue": 429375
        },
        "2020-01": {
            "month": "2020-01",
            "price": "33.11",
            "revenue": 421495
        },
        "2020-02": {
            "month": "2020-02",
            "price": "29.89",
            "revenue": 358583
        },
        "2020-03": {
            "month": "2020-03",
            "price": "21.46",
            "revenue": 495595
        },
        "2020-04": {
            "month": "2020-04",
            "price": "22.93",
            "revenue": 331700
        },
        "2020-05": {
            "month": "2020-05",
            "price": "27.03",
            "revenue": 373768
        },
        "2020-06": {
            "month": "2020-06",
            "price": "25.26",
            "revenue": 444927
        },
        "2020-07": {
            "month": "2020-07",
            "price": "25.63",
            "revenue": 507756
        },
        "2020-08": {
            "month": "2020-08",
            "price": "25.47",
            "revenue": 558771
        },
        "2020-09": {
            "month": "2020-09",
            "price": "24.06",
            "revenue": 528864
        },
        "2020-10": {
            "month": "2020-10",
            "price": "23.92",
            "revenue": 594960
        },
        "2020-11": {
            "month": "2020-11",
            "price": "26.16",
            "revenue": 662535
        },
        "2020-12": {
            "month": "2020-12",
            "price": "29.10",
            "revenue": 497687
        },
        "2021-01": {
            "month": "2021-01",
            "price": "29.68",
            "revenue": 498839
        },
        "2021-02": {
            "month": "2021-02",
            "price": "30.78",
            "revenue": 303257
        },
        "2021-03": {
            "month": "2021-03",
            "price": "32.04",
            "revenue": 407007
        },
        "2021-04": {
            "month": "2021-04",
            "price": "32.83",
            "revenue": 457175
        },
        "2021-05": {
            "month": "2021-05",
            "price": "28.33",
            "revenue": 430492
        },
        "2021-06": {
            "month": "2021-06",
            "price": "29.85",
            "revenue": 409095
        },
        "2021-07": {
            "month": "2021-07",
            "price": "32.97",
            "revenue": 469714
        },
        "2021-08": {
            "month": "2021-08",
            "price": "28.35",
            "revenue": 600514
        },
        "2021-09": {
            "month": "2021-09",
            "price": "26.32",
            "revenue": 584711
        },
        "2021-10": {
            "month": "2021-10",
            "price": "24.80",
            "revenue": 667583
        },
        "2021-11": {
            "month": "2021-11",
            "price": "27.01",
            "revenue": 689381
        },
        "2021-12": {
            "month": "2021-12",
            "price": "27.19",
            "revenue": 636966
        },
        "2022-01": {
            "month": "2022-01",
            "price": "27.98",
            "revenue": 683006
        },
        "2022-02": {
            "month": "2022-02",
            "price": "26.90",
            "revenue": 517178
        },
        "2022-03": {
            "month": "2022-03",
            "price": "25.87",
            "revenue": 566365
        },
        "2022-04": {
            "month": "2022-04",
            "price": "24.73",
            "revenue": 336874
        },
        "2022-05": {
            "month": "2022-05",
            "price": "23.63",
            "revenue": 439417
        },
        "2022-06": {
            "month": "2022-06",
            "price": "24.73",
            "revenue": 405272
        },
        "2022-07": {
            "month": "2022-07",
            "price": "24.49",
            "revenue": 476091
        },
        "2022-08": {
            "month": "2022-08",
            "price": "25.83",
            "revenue": 471861
        },
        "2022-09": {
            "month": "2022-09",
            "price": "25.43",
            "revenue": 499333
        },
        "2022-10": {
            "month": "2022-10",
            "price": "23.78",
            "revenue": 480877
        },
        "2022-11": {
            "month": "2022-11",
            "price": "25.54",
            "revenue": 483534
        },
        "2022-12": {
            "month": "2022-12",
            "price": "25.44",
            "revenue": 487322
        },
        "2023-01": {
            "month": "2023-01",
            "price": "26.70",
            "revenue": 460081
        },
        "2023-02": {
            "month": "2023-02",
            "price": "28.59",
            "revenue": 373421
        },
        "2023-03": {
            "month": "2023-03",
            "price": "29.16",
            "revenue": 415973
        },
        "2023-04": {
            "month": "2023-04",
            "price": "28.10",
            "revenue": 387028
        }
    }
}
