{
    "summary": {
        "stock_name": "網家",
        "stock_id": "8044",
        "category": "數位雲端",
        "main_business": "電子商務<br>物流服務<br>金融科技",
        "website_url": "http://www.pchome.com.tw",
        "ceo": "張瑜珊",
        "pe_ratio": -7,
        "report_year_from": 2001,
        "report_year_to": 2023,
        "age": 23,
        "eps_negative_percentage": 24,
        "eps_growth_avg": {
            "last_all": -17.94,
            "last_2y": -77.31,
            "last_4y": -33.08,
            "last_8y": -42.95,
            "last_12y": -24.18,
            "last_16y": -11.27,
            "last_20y": null,
            "at_2006_last_3y": null,
            "at_2007_last_3y": -46.83,
            "at_2008_last_3y": -75.96,
            "at_2009_last_3y": -40.26,
            "at_2010_last_3y": 59.74,
            "at_2011_last_3y": 40.15,
            "at_2012_last_3y": 25.29,
            "at_2013_last_3y": 26.05,
            "at_2014_last_3y": 8.65,
            "at_2015_last_3y": 9.87,
            "at_2016_last_3y": 11.43,
            "at_2017_last_3y": -17.75,
            "at_2018_last_3y": -50.35,
            "at_2019_last_3y": -69.08,
            "at_2020_last_3y": -46.26,
            "at_2021_last_3y": -33.08,
            "at_2022_last_3y": -33.08,
            "at_2023_last_3y": -33.08,
            "at_2024_last_3y": -33.08,
            "at_2006_last_all": -46.83,
            "at_2007_last_all": -46.83,
            "at_2008_last_all": -46.83,
            "at_2009_last_all": -30.26,
            "at_2010_last_all": -4.2,
            "at_2011_last_all": -3.34,
            "at_2012_last_all": -5.62,
            "at_2013_last_all": -2.1,
            "at_2014_last_all": 1.51,
            "at_2015_last_all": 1.94,
            "at_2016_last_all": 0.58,
            "at_2017_last_all": -7.32,
            "at_2018_last_all": -14.45,
            "at_2019_last_all": -14.45,
            "at_2020_last_all": -9.46,
            "at_2021_last_all": -12.47,
            "at_2022_last_all": -17.94,
            "at_2023_last_all": -17.94,
            "at_2024_last_all": -17.94
        },
        "latest_eps": -4.67,
        "latest_price": 33.3,
        "latest_roe": -6.21,
        "latest_gross_margin": 9.96,
        "latest_equity": 8553459,
        "latest_revenue": 12188225,
        "latest_gross_profit": 1213820,
        "latest_net_income": -276931,
        "latest_debt_ratio": 68.85,
        "latest_current_ratio": 111.08,
        "latest_account_receivable_turnover_ratio": 3.64,
        "latest_inventory_turnover_ratio": 7.13,
        "latest_reinvestment_rate": null,
        "latest_research_to_sale_ratio": 1.19
    },
    "eps_dividends": {
        "2001": {
            "cash": 0,
            "stock": 0,
            "eps": 0
        },
        "2002": {
            "cash": 0,
            "stock": 0,
            "eps": 0
        },
        "2003": {
            "cash": 0,
            "stock": 0,
            "eps": 1.4
        },
        "2004": {
            "cash": 0.29,
            "stock": 0.7,
            "eps": 1.56
        },
        "2005": {
            "cash": 0.72,
            "stock": 0.32,
            "eps": 0.75
        },
        "2006": {
            "cash": 0.3,
            "stock": 0.08,
            "eps": -3.61
        },
        "2007": {
            "cash": 0,
            "stock": 0,
            "eps": -2.47
        },
        "2008": {
            "cash": 0,
            "stock": 0,
            "eps": 1.9
        },
        "2009": {
            "cash": 0.53,
            "stock": 0,
            "eps": 2.27
        },
        "2010": {
            "cash": 1.63,
            "stock": 0.41,
            "eps": 6.16
        },
        "2011": {
            "cash": 3.81,
            "stock": 1.63,
            "eps": 6.22
        },
        "2012": {
            "cash": 3.68,
            "stock": 1.58,
            "eps": 5.02
        },
        "2013": {
            "cash": 2.99,
            "stock": 0,
            "eps": 6.15
        },
        "2014": {
            "cash": 3.61,
            "stock": 0.56,
            "eps": 8.02
        },
        "2015": {
            "cash": 4.52,
            "stock": 0.7,
            "eps": 8.49
        },
        "2016": {
            "cash": 5.24,
            "stock": 1.05,
            "eps": 7.38
        },
        "2017": {
            "cash": 4.96,
            "stock": 0.62,
            "eps": 0.43
        },
        "2018": {
            "cash": 0,
            "stock": 0,
            "eps": -8.49
        },
        "2019": {
            "cash": 0,
            "stock": 0,
            "eps": 1.39
        },
        "2020": {
            "cash": 0.7,
            "stock": 0,
            "eps": 2.16
        },
        "2021": {
            "cash": 1.3,
            "stock": 0,
            "eps": 0.98
        },
        "2022": {
            "cash": 0.5,
            "stock": 0,
            "eps": -0.41
        },
        "2023": {
            "cash": 0,
            "stock": 0,
            "eps": -4.92
        }
    },
    "dividends": {
        "2004-04-21": {
            "cash": 0.29,
            "stock": 0.7
        },
        "2005-05-17": {
            "cash": 0.72,
            "stock": 0.32
        },
        "2006-04-26": {
            "cash": 0.3,
            "stock": 0.08
        },
        "2009-04-27": {
            "cash": 0.53,
            "stock": 0
        },
        "2010-04-28": {
            "cash": 1.63,
            "stock": 0.41
        },
        "2011-04-28": {
            "cash": 3.81,
            "stock": 1.63
        },
        "2012-06-19": {
            "cash": 3.68,
            "stock": 1.58
        },
        "2013-06-26": {
            "cash": 2.99,
            "stock": 0
        },
        "2014-09-10": {
            "cash": 3.61,
            "stock": 0.56
        },
        "2015-09-23": {
            "cash": 4.52,
            "stock": 0.7
        },
        "2016-09-13": {
            "cash": 5.24,
            "stock": 1.05
        },
        "2017-08-31": {
            "cash": 4.96,
            "stock": 0.62
        },
        "2020-08-17": {
            "cash": 0.7,
            "stock": 0
        },
        "2021-08-17": {
            "cash": 1.3,
            "stock": 0
        },
        "2022-08-22": {
            "cash": 0.5,
            "stock": 0
        }
    },
    "prices": {
        "200101": "無",
        "200102": "無",
        "200103": "無",
        "200104": "無",
        "200105": "無",
        "200106": "無",
        "200107": "無",
        "200108": "無",
        "200109": "無",
        "200110": "無",
        "200111": "無",
        "200112": "無",
        "200201": "無",
        "200202": "無",
        "200203": "無",
        "200204": "無",
        "200205": "無",
        "200206": "無",
        "200207": "無",
        "200208": "無",
        "200209": "無",
        "200210": "無",
        "200211": "無",
        "200212": "無",
        "200301": "無",
        "200302": "無",
        "200303": "無",
        "200304": "無",
        "200305": "無",
        "200306": "無",
        "200307": "無",
        "200308": "無",
        "200309": "無",
        "200310": "30.57",
        "200311": "30.54",
        "200312": "29.95",
        "200401": "29.36",
        "200402": "30.22",
        "200403": "29.65",
        "200404": "31.72",
        "200405": "36.76",
        "200406": "36.16",
        "200407": "34.25",
        "200408": "32.73",
        "200409": "30.31",
        "200410": "29.98",
        "200411": "30.14",
        "200412": "30.38",
        "200501": "32.05",
        "200502": "40.60",
        "200503": "42.46",
        "200504": "39.79",
        "200505": "34.77",
        "200506": "32.93",
        "200507": "35.22",
        "200508": "40.91",
        "200509": "54.02",
        "200510": "49.77",
        "200511": "50.96",
        "200512": "52.03",
        "200601": "50.77",
        "200602": "48.91",
        "200603": "49.51",
        "200604": "50.31",
        "200605": "39.18",
        "200606": "37.18",
        "200607": "34.69",
        "200608": "36.12",
        "200609": "34.71",
        "200610": "34.48",
        "200611": "35.29",
        "200612": "37.43",
        "200701": "36.18",
        "200702": "31.73",
        "200703": "31.17",
        "200704": "35.36",
        "200705": "33.94",
        "200706": "35.49",
        "200707": "34.44",
        "200708": "33.98",
        "200709": "36.51",
        "200710": "32.80",
        "200711": "31.01",
        "200712": "25.89",
        "200801": "24.78",
        "200802": "24.24",
        "200803": "27.31",
        "200804": "26.31",
        "200805": "30.62",
        "200806": "29.99",
        "200807": "25.88",
        "200808": "25.13",
        "200809": "22.22",
        "200810": "19.25",
        "200811": "18.32",
        "200812": "19.13",
        "200901": "19.12",
        "200902": "19.24",
        "200903": "23.52",
        "200904": "32.76",
        "200905": "45.01",
        "200906": "41.22",
        "200907": "44.66",
        "200908": "46.11",
        "200909": "45.33",
        "200910": "60.62",
        "200911": "80.65",
        "200912": "79.15",
        "201001": "74.22",
        "201002": "65.66",
        "201003": "68.02",
        "201004": "76.38",
        "201005": "84.13",
        "201006": "111.93",
        "201007": "114.55",
        "201008": "123.32",
        "201009": "168.05",
        "201010": "166.64",
        "201011": "159.50",
        "201012": "180.96",
        "201101": "165.92",
        "201102": "168.07",
        "201103": "185.76",
        "201104": "192.82",
        "201105": "184.21",
        "201106": "176.71",
        "201107": "186.86",
        "201108": "211.28",
        "201109": "197.81",
        "201110": "203.38",
        "201111": "191.00",
        "201112": "186.09",
        "201201": "171.73",
        "201202": "174.72",
        "201203": "178.13",
        "201204": "167.50",
        "201205": "170.02",
        "201206": "162.33",
        "201207": "175.61",
        "201208": "173.11",
        "201209": "167.95",
        "201210": "160.64",
        "201211": "132.05",
        "201212": "133.71",
        "201301": "143.59",
        "201302": "149.73",
        "201303": "132.26",
        "201304": "123.25",
        "201305": "137.18",
        "201306": "150.24",
        "201307": "153.50",
        "201308": "175.81",
        "201309": "167.30",
        "201310": "164.11",
        "201311": "188.17",
        "201312": "227.59",
        "201401": "218.89",
        "201402": "206.94",
        "201403": "238.45",
        "201404": "217.38",
        "201405": "229.38",
        "201406": "276.58",
        "201407": "305.66",
        "201408": "298.00",
        "201409": "306.67",
        "201410": "282.91",
        "201411": "322.48",
        "201412": "344.35",
        "201501": "344.80",
        "201502": "370.15",
        "201503": "398.02",
        "201504": "428.40",
        "201505": "461.90",
        "201506": "484.17",
        "201507": "470.16",
        "201508": "391.45",
        "201509": "376.98",
        "201510": "364.86",
        "201511": "332.50",
        "201512": "324.96",
        "201601": "299.29",
        "201602": "334.54",
        "201603": "349.76",
        "201604": "349.37",
        "201605": "363.50",
        "201606": "359.83",
        "201607": "342.70",
        "201608": "350.83",
        "201609": "353.92",
        "201610": "364.80",
        "201611": "299.48",
        "201612": "268.75",
        "201701": "278.78",
        "201702": "234.67",
        "201703": "236.70",
        "201704": "258.89",
        "201705": "240.08",
        "201706": "247.04",
        "201707": "228.05",
        "201708": "191.96",
        "201709": "172.59",
        "201710": "164.29",
        "201711": "135.23",
        "201712": "132.95",
        "201801": "148.86",
        "201802": "151.31",
        "201803": "171.20",
        "201804": "149.94",
        "201805": "139.00",
        "201806": "143.75",
        "201807": "137.61",
        "201808": "136.70",
        "201809": "139.87",
        "201810": "139.52",
        "201811": "142.91",
        "201812": "137.50",
        "201901": "129.19",
        "201902": "140.46",
        "201903": "140.60",
        "201904": "131.75",
        "201905": "126.39",
        "201906": "118.11",
        "201907": "143.11",
        "201908": "135.00",
        "201909": "133.95",
        "201910": "132.29",
        "201911": "121.10",
        "201912": "103.30",
        "202001": "92.91",
        "202002": "107.48",
        "202003": "84.23",
        "202004": "85.86",
        "202005": "105.64",
        "202006": "116.02",
        "202007": "128.57",
        "202008": "114.81",
        "202009": "107.11",
        "202010": "98.34",
        "202011": "92.35",
        "202012": "88.47",
        "202101": "87.70",
        "202102": "83.21",
        "202103": "84.92",
        "202104": "86.10",
        "202105": "98.06",
        "202106": "105.11",
        "202107": "127.39",
        "202108": "115.05",
        "202109": "118.92",
        "202110": "122.18",
        "202111": "142.61",
        "202112": "127.73",
        "202201": "120.78",
        "202202": "116.43",
        "202203": "86.01",
        "202204": "85.79",
        "202205": "72.99",
        "202206": "71.13",
        "202207": "68.27",
        "202208": "60.15",
        "202209": "53.05",
        "202210": "46.68",
        "202211": "50.75",
        "202212": "53.80",
        "202301": "62.99",
        "202302": "67.09",
        "202303": "63.50",
        "202304": "60.79",
        "202305": "53.14",
        "202306": "52.26",
        "202307": "47.09",
        "202308": "42.39",
        "202309": "42.94",
        "202310": "43.63",
        "202311": "44.92",
        "202312": "44.94",
        "202401": "42.10",
        "202402": "41.07",
        "202403": "34.97",
        "202404": "無"
    },
    "quarters": {
        "20011": {
            "year_quarter": 20011,
            "year": 2001,
            "quarter": 1,
            "eps": null,
            "eps_growth_year": null,
            "eps_4q": null,
            "eps_4q_growth_year": null,
            "roe": null,
            "roe_4q": 0,
            "gross_profit": null,
            "gross_margin": null,
            "gross_margin_4q_avg": 0,
            "net_income": null,
            "net_income_4q": null,
            "revenue": null,
            "revenue_4q": null,
            "common_shares": null,
            "book_valuer_per_share": null,
            "book_valuer_per_share_4q_avg": 0,
            "equity": null,
            "current_ratio": null,
            "debt_ratio": null,
            "inventory_turnover_ratio": null,
            "account_receivable_turnover_ratio": null,
            "reinvestment_rate": null,
            "research_to_sale_ratio": null,
            "price_fair": 0,
            "eps_avg_yearly": 0,
            "eps_latest_yearly": 0,
            "eps_growth_yearly": 0
        },
        "20012": {
            "year_quarter": 20012,
            "year": 2001,
            "quarter": 2,
            "eps": null,
            "eps_growth_year": null,
            "eps_4q": null,
            "eps_4q_growth_year": null,
            "roe": null,
            "roe_4q": 0,
            "gross_profit": null,
            "gross_margin": null,
            "gross_margin_4q_avg": 0,
            "net_income": null,
            "net_income_4q": null,
            "revenue": null,
            "revenue_4q": null,
            "common_shares": null,
            "book_valuer_per_share": null,
            "book_valuer_per_share_4q_avg": 0,
            "equity": null,
            "current_ratio": null,
            "debt_ratio": null,
            "inventory_turnover_ratio": null,
            "account_receivable_turnover_ratio": null,
            "reinvestment_rate": null,
            "research_to_sale_ratio": null,
            "price_fair": 0,
            "eps_avg_yearly": 0,
            "eps_latest_yearly": 0,
            "eps_growth_yearly": 0
        },
        "20013": {
            "year_quarter": 20013,
            "year": 2001,
            "quarter": 3,
            "eps": null,
            "eps_growth_year": null,
            "eps_4q": null,
            "eps_4q_growth_year": null,
            "roe": null,
            "roe_4q": 0,
            "gross_profit": null,
            "gross_margin": null,
            "gross_margin_4q_avg": 0,
            "net_income": null,
            "net_income_4q": null,
            "revenue": null,
            "revenue_4q": null,
            "common_shares": null,
            "book_valuer_per_share": null,
            "book_valuer_per_share_4q_avg": 0,
            "equity": null,
            "current_ratio": null,
            "debt_ratio": null,
            "inventory_turnover_ratio": null,
            "account_receivable_turnover_ratio": null,
            "reinvestment_rate": null,
            "research_to_sale_ratio": null,
            "price_fair": 0,
            "eps_avg_yearly": 0,
            "eps_latest_yearly": 0,
            "eps_growth_yearly": 0
        },
        "20014": {
            "year_quarter": 20014,
            "year": 2001,
            "quarter": 4,
            "eps": null,
            "eps_growth_year": null,
            "eps_4q": null,
            "eps_4q_growth_year": null,
            "roe": null,
            "roe_4q": 0,
            "gross_profit": null,
            "gross_margin": null,
            "gross_margin_4q_avg": 0,
            "net_income": null,
            "net_income_4q": null,
            "revenue": null,
            "revenue_4q": null,
            "common_shares": 500000,
            "book_valuer_per_share": 16.21,
            "book_valuer_per_share_4q_avg": 4.05,
            "equity": 810519,
            "current_ratio": 802.02,
            "debt_ratio": 7.71,
            "inventory_turnover_ratio": null,
            "account_receivable_turnover_ratio": null,
            "reinvestment_rate": null,
            "research_to_sale_ratio": null,
            "price_fair": 0,
            "eps_avg_yearly": 0,
            "eps_latest_yearly": 0,
            "eps_growth_yearly": 0
        },
        "20021": {
            "year_quarter": 20021,
            "year": 2002,
            "quarter": 1,
            "eps": null,
            "eps_growth_year": null,
            "eps_4q": null,
            "eps_4q_growth_year": null,
            "roe": null,
            "roe_4q": 0,
            "gross_profit": null,
            "gross_margin": null,
            "gross_margin_4q_avg": 0,
            "net_income": null,
            "net_income_4q": null,
            "revenue": null,
            "revenue_4q": null,
            "common_shares": null,
            "book_valuer_per_share": null,
            "book_valuer_per_share_4q_avg": 4.05,
            "equity": null,
            "current_ratio": null,
            "debt_ratio": null,
            "inventory_turnover_ratio": null,
            "account_receivable_turnover_ratio": null,
            "reinvestment_rate": null,
            "research_to_sale_ratio": null,
            "price_fair": 0,
            "eps_avg_yearly": 0,
            "eps_latest_yearly": 0,
            "eps_growth_yearly": 0
        },
        "20022": {
            "year_quarter": 20022,
            "year": 2002,
            "quarter": 2,
            "eps": null,
            "eps_growth_year": null,
            "eps_4q": null,
            "eps_4q_growth_year": null,
            "roe": null,
            "roe_4q": 0,
            "gross_profit": null,
            "gross_margin": null,
            "gross_margin_4q_avg": 0,
            "net_income": null,
            "net_income_4q": null,
            "revenue": null,
            "revenue_4q": null,
            "common_shares": null,
            "book_valuer_per_share": null,
            "book_valuer_per_share_4q_avg": 4.05,
            "equity": null,
            "current_ratio": null,
            "debt_ratio": null,
            "inventory_turnover_ratio": null,
            "account_receivable_turnover_ratio": null,
            "reinvestment_rate": null,
            "research_to_sale_ratio": null,
            "price_fair": 0,
            "eps_avg_yearly": 0,
            "eps_latest_yearly": 0,
            "eps_growth_yearly": 0
        },
        "20023": {
            "year_quarter": 20023,
            "year": 2002,
            "quarter": 3,
            "eps": null,
            "eps_growth_year": null,
            "eps_4q": null,
            "eps_4q_growth_year": null,
            "roe": null,
            "roe_4q": 0,
            "gross_profit": null,
            "gross_margin": null,
            "gross_margin_4q_avg": 0,
            "net_income": null,
            "net_income_4q": null,
            "revenue": null,
            "revenue_4q": null,
            "common_shares": null,
            "book_valuer_per_share": null,
            "book_valuer_per_share_4q_avg": 4.05,
            "equity": null,
            "current_ratio": null,
            "debt_ratio": null,
            "inventory_turnover_ratio": null,
            "account_receivable_turnover_ratio": null,
            "reinvestment_rate": null,
            "research_to_sale_ratio": null,
            "price_fair": 0,
            "eps_avg_yearly": 0,
            "eps_latest_yearly": 0,
            "eps_growth_yearly": 0
        },
        "20024": {
            "year_quarter": 20024,
            "year": 2002,
            "quarter": 4,
            "eps": null,
            "eps_growth_year": null,
            "eps_4q": null,
            "eps_4q_growth_year": null,
            "roe": null,
            "roe_4q": 0,
            "gross_profit": null,
            "gross_margin": null,
            "gross_margin_4q_avg": 0,
            "net_income": null,
            "net_income_4q": null,
            "revenue": null,
            "revenue_4q": null,
            "common_shares": 500000,
            "book_valuer_per_share": 13.62,
            "book_valuer_per_share_4q_avg": 3.41,
            "equity": 680821,
            "current_ratio": 437.15,
            "debt_ratio": 15.38,
            "inventory_turnover_ratio": null,
            "account_receivable_turnover_ratio": null,
            "reinvestment_rate": null,
            "research_to_sale_ratio": null,
            "price_fair": 0,
            "eps_avg_yearly": 0,
            "eps_latest_yearly": 0,
            "eps_growth_yearly": 0
        },
        "20031": {
            "year_quarter": 20031,
            "year": 2003,
            "quarter": 1,
            "eps": 0.12,
            "eps_growth_year": null,
            "eps_4q": null,
            "eps_4q_growth_year": null,
            "roe": 0.81,
            "roe_4q": 0.81,
            "gross_profit": 68883,
            "gross_margin": 29.7,
            "gross_margin_4q_avg": 7.43,
            "net_income": 5495,
            "net_income_4q": null,
            "revenue": 231947,
            "revenue_4q": null,
            "common_shares": 500000,
            "book_valuer_per_share": 13.68,
            "book_valuer_per_share_4q_avg": 6.83,
            "equity": 683838,
            "current_ratio": 391.48,
            "debt_ratio": 18.26,
            "inventory_turnover_ratio": null,
            "account_receivable_turnover_ratio": null,
            "reinvestment_rate": null,
            "research_to_sale_ratio": null,
            "price_fair": 0,
            "eps_avg_yearly": 0,
            "eps_latest_yearly": 0,
            "eps_growth_yearly": 0
        },
        "20032": {
            "year_quarter": 20032,
            "year": 2003,
            "quarter": 2,
            "eps": 0.34,
            "eps_growth_year": null,
            "eps_4q": null,
            "eps_4q_growth_year": null,
            "roe": 2.34,
            "roe_4q": 3.15,
            "gross_profit": 91868,
            "gross_margin": 24.64,
            "gross_margin_4q_avg": 13.59,
            "net_income": 16167,
            "net_income_4q": null,
            "revenue": 372867,
            "revenue_4q": null,
            "common_shares": 500000,
            "book_valuer_per_share": 13.96,
            "book_valuer_per_share_4q_avg": 10.32,
            "equity": 697888,
            "current_ratio": 332.87,
            "debt_ratio": 22.25,
            "inventory_turnover_ratio": null,
            "account_receivable_turnover_ratio": null,
            "reinvestment_rate": null,
            "research_to_sale_ratio": null,
            "price_fair": 47.6,
            "eps_avg_yearly": 1.36,
            "eps_latest_yearly": 1.36,
            "eps_growth_yearly": 733.33
        },
        "20033": {
            "year_quarter": 20033,
            "year": 2003,
            "quarter": 3,
            "eps": 0.31,
            "eps_growth_year": null,
            "eps_4q": null,
            "eps_4q_growth_year": null,
            "roe": 2.06,
            "roe_4q": 5.210000000000001,
            "gross_profit": 99731,
            "gross_margin": 29.63,
            "gross_margin_4q_avg": 20.99,
            "net_income": 14510,
            "net_income_4q": null,
            "revenue": 336633,
            "revenue_4q": null,
            "common_shares": 500000,
            "book_valuer_per_share": 14.23,
            "book_valuer_per_share_4q_avg": 13.87,
            "equity": 711378,
            "current_ratio": 305.58,
            "debt_ratio": 24.6,
            "inventory_turnover_ratio": null,
            "account_receivable_turnover_ratio": null,
            "reinvestment_rate": null,
            "research_to_sale_ratio": null,
            "price_fair": 45.5,
            "eps_avg_yearly": 1.3,
            "eps_latest_yearly": 1.24,
            "eps_growth_yearly": 349.02
        },
        "20034": {
            "year_quarter": 20034,
            "year": 2003,
            "quarter": 4,
            "eps": 0.63,
            "eps_growth_year": null,
            "eps_4q": 1.4,
            "eps_4q_growth_year": null,
            "roe": 4.08,
            "roe_4q": 9.290000000000001,
            "gross_profit": 101568,
            "gross_margin": 26.09,
            "gross_margin_4q_avg": 27.52,
            "net_income": 29586,
            "net_income_4q": null,
            "revenue": 389367,
            "revenue_4q": null,
            "common_shares": 500000,
            "book_valuer_per_share": 14.81,
            "book_valuer_per_share_4q_avg": 14.17,
            "equity": 740613,
            "current_ratio": 293.03,
            "debt_ratio": 26.46,
            "inventory_turnover_ratio": null,
            "account_receivable_turnover_ratio": null,
            "reinvestment_rate": null,
            "research_to_sale_ratio": null,
            "price_fair": 59.73,
            "eps_avg_yearly": 1.71,
            "eps_latest_yearly": 2.52,
            "eps_growth_yearly": 370.31
        },
        "20041": {
            "year_quarter": 20041,
            "year": 2004,
            "quarter": 1,
            "eps": 0.37,
            "eps_growth_year": 208.33,
            "eps_4q": 1.65,
            "eps_4q_growth_year": null,
            "roe": 2.3,
            "roe_4q": 10.78,
            "gross_profit": 103337,
            "gross_margin": 22.65,
            "gross_margin_4q_avg": 25.75,
            "net_income": 17462,
            "net_income_4q": null,
            "revenue": 456280,
            "revenue_4q": null,
            "common_shares": 500000,
            "book_valuer_per_share": 15.54,
            "book_valuer_per_share_4q_avg": 14.64,
            "equity": 777202,
            "current_ratio": 310.16,
            "debt_ratio": 25.09,
            "inventory_turnover_ratio": null,
            "account_receivable_turnover_ratio": null,
            "reinvestment_rate": null,
            "research_to_sale_ratio": null,
            "price_fair": 57.75,
            "eps_avg_yearly": 1.65,
            "eps_latest_yearly": 1.48,
            "eps_growth_yearly": 236.47
        },
        "20042": {
            "year_quarter": 20042,
            "year": 2004,
            "quarter": 2,
            "eps": 0.3,
            "eps_growth_year": -11.76,
            "eps_4q": 1.59,
            "eps_4q_growth_year": null,
            "roe": 1.84,
            "roe_4q": 10.28,
            "gross_profit": 102387,
            "gross_margin": 20.1,
            "gross_margin_4q_avg": 24.62,
            "net_income": 14272,
            "net_income_4q": null,
            "revenue": 509496,
            "revenue_4q": null,
            "common_shares": 541754,
            "book_valuer_per_share": 14.29,
            "book_valuer_per_share_4q_avg": 14.72,
            "equity": 774298,
            "current_ratio": 246.38,
            "debt_ratio": 32.58,
            "inventory_turnover_ratio": null,
            "account_receivable_turnover_ratio": null,
            "reinvestment_rate": null,
            "research_to_sale_ratio": null,
            "price_fair": 54.6,
            "eps_avg_yearly": 1.56,
            "eps_latest_yearly": 1.2,
            "eps_growth_yearly": 174.04
        },
        "20043": {
            "year_quarter": 20043,
            "year": 2004,
            "quarter": 3,
            "eps": 0.39,
            "eps_growth_year": 25.81,
            "eps_4q": 1.58,
            "eps_4q_growth_year": null,
            "roe": 2.55,
            "roe_4q": 10.77,
            "gross_profit": 132004,
            "gross_margin": 19.13,
            "gross_margin_4q_avg": 21.99,
            "net_income": 20023,
            "net_income_4q": null,
            "revenue": 690161,
            "revenue_4q": null,
            "common_shares": 541754,
            "book_valuer_per_share": 14.66,
            "book_valuer_per_share_4q_avg": 14.83,
            "equity": 794321,
            "current_ratio": 232.38,
            "debt_ratio": 34.89,
            "inventory_turnover_ratio": null,
            "account_receivable_turnover_ratio": null,
            "reinvestment_rate": null,
            "research_to_sale_ratio": null,
            "price_fair": 54.6,
            "eps_avg_yearly": 1.56,
            "eps_latest_yearly": 1.56,
            "eps_growth_yearly": 165.03
        },
        "20044": {
            "year_quarter": 20044,
            "year": 2004,
            "quarter": 4,
            "eps": 0.5,
            "eps_growth_year": -20.63,
            "eps_4q": 1.5,
            "eps_4q_growth_year": 7.21,
            "roe": 3.18,
            "roe_4q": 9.870000000000001,
            "gross_profit": 156035,
            "gross_margin": 19,
            "gross_margin_4q_avg": 20.22,
            "net_income": 25846,
            "net_income_4q": null,
            "revenue": 821041,
            "revenue_4q": null,
            "common_shares": 541754,
            "book_valuer_per_share": 15.32,
            "book_valuer_per_share_4q_avg": 14.95,
            "equity": 830040,
            "current_ratio": 208.22,
            "debt_ratio": 39.63,
            "inventory_turnover_ratio": 1497.76,
            "account_receivable_turnover_ratio": null,
            "reinvestment_rate": null,
            "research_to_sale_ratio": null,
            "price_fair": 56.8,
            "eps_avg_yearly": 1.62,
            "eps_latest_yearly": 2,
            "eps_growth_yearly": 157.57
        },
        "20051": {
            "year_quarter": 20051,
            "year": 2005,
            "quarter": 1,
            "eps": 0.32,
            "eps_growth_year": -13.51,
            "eps_4q": 1.47,
            "eps_4q_growth_year": -10.93,
            "roe": 2,
            "roe_4q": 9.57,
            "gross_profit": 143559,
            "gross_margin": 15.62,
            "gross_margin_4q_avg": 18.46,
            "net_income": 16780,
            "net_income_4q": null,
            "revenue": 919263,
            "revenue_4q": null,
            "common_shares": 541754,
            "book_valuer_per_share": 15.63,
            "book_valuer_per_share_4q_avg": 14.98,
            "equity": 846705,
            "current_ratio": 196.73,
            "debt_ratio": 42.52,
            "inventory_turnover_ratio": 1034.96,
            "account_receivable_turnover_ratio": null,
            "reinvestment_rate": null,
            "research_to_sale_ratio": null,
            "price_fair": 55.3,
            "eps_avg_yearly": 1.58,
            "eps_latest_yearly": 1.28,
            "eps_growth_yearly": 119.88
        },
        "20052": {
            "year_quarter": 20052,
            "year": 2005,
            "quarter": 2,
            "eps": 0.41,
            "eps_growth_year": 36.67,
            "eps_4q": 1.61,
            "eps_4q_growth_year": 1.26,
            "roe": 2.56,
            "roe_4q": 10.29,
            "gross_profit": 157592,
            "gross_margin": 14.96,
            "gross_margin_4q_avg": 17.18,
            "net_income": 21333,
            "net_income_4q": null,
            "revenue": 1053370,
            "revenue_4q": null,
            "common_shares": 541754,
            "book_valuer_per_share": 15.15,
            "book_valuer_per_share_4q_avg": 15.19,
            "equity": 820729,
            "current_ratio": 168.3,
            "debt_ratio": 49.37,
            "inventory_turnover_ratio": 890.88,
            "account_receivable_turnover_ratio": null,
            "reinvestment_rate": null,
            "research_to_sale_ratio": null,
            "price_fair": 55.53,
            "eps_avg_yearly": 1.59,
            "eps_latest_yearly": 1.64,
            "eps_growth_yearly": 119.06
        },
        "20053": {
            "year_quarter": 20053,
            "year": 2005,
            "quarter": 3,
            "eps": 0.36,
            "eps_growth_year": -7.69,
            "eps_4q": 1.53,
            "eps_4q_growth_year": -3.46,
            "roe": 2.35,
            "roe_4q": 10.09,
            "gross_profit": 176389,
            "gross_margin": 14.19,
            "gross_margin_4q_avg": 15.94,
            "net_income": 19687,
            "net_income_4q": null,
            "revenue": 1242690,
            "revenue_4q": null,
            "common_shares": 562741,
            "book_valuer_per_share": 15.16,
            "book_valuer_per_share_4q_avg": 15.32,
            "equity": 852919,
            "current_ratio": 173.87,
            "debt_ratio": 47.08,
            "inventory_turnover_ratio": 362.69,
            "account_receivable_turnover_ratio": null,
            "reinvestment_rate": null,
            "research_to_sale_ratio": null,
            "price_fair": 55.02,
            "eps_avg_yearly": 1.57,
            "eps_latest_yearly": 1.44,
            "eps_growth_yearly": 102.27
        },
        "20054": {
            "year_quarter": 20054,
            "year": 2005,
            "quarter": 4,
            "eps": -0.34,
            "eps_growth_year": -168,
            "eps_4q": 0.71,
            "eps_4q_growth_year": -52.77,
            "roe": -2.22,
            "roe_4q": 4.6899999999999995,
            "gross_profit": 181239,
            "gross_margin": 13.31,
            "gross_margin_4q_avg": 14.52,
            "net_income": -18860,
            "net_income_4q": null,
            "revenue": 1361218,
            "revenue_4q": null,
            "common_shares": 554626,
            "book_valuer_per_share": 15.19,
            "book_valuer_per_share_4q_avg": 15.28,
            "equity": 842395,
            "current_ratio": 153.85,
            "debt_ratio": 54.67,
            "inventory_turnover_ratio": 140.63,
            "account_receivable_turnover_ratio": null,
            "reinvestment_rate": null,
            "research_to_sale_ratio": null,
            "price_fair": 55.02,
            "eps_avg_yearly": 1.57,
            "eps_latest_yearly": 1.44,
            "eps_growth_yearly": 102.27
        },
        "20061": {
            "year_quarter": 20061,
            "year": 2006,
            "quarter": 1,
            "eps": -0.4,
            "eps_growth_year": -225,
            "eps_4q": -0,
            "eps_4q_growth_year": -100.13,
            "roe": -2.68,
            "roe_4q": 0.009999999999999787,
            "gross_profit": 179035,
            "gross_margin": 12.36,
            "gross_margin_4q_avg": 13.71,
            "net_income": -22270,
            "net_income_4q": null,
            "revenue": 1448855,
            "revenue_4q": null,
            "common_shares": 554626,
            "book_valuer_per_share": 14.77,
            "book_valuer_per_share_4q_avg": 15.07,
            "equity": 818963,
            "current_ratio": 149.45,
            "debt_ratio": 54.16,
            "inventory_turnover_ratio": 91.13,
            "account_receivable_turnover_ratio": null,
            "reinvestment_rate": null,
            "research_to_sale_ratio": null,
            "price_fair": 55.02,
            "eps_avg_yearly": 1.57,
            "eps_latest_yearly": 1.44,
            "eps_growth_yearly": 102.27
        },
        "20062": {
            "year_quarter": 20062,
            "year": 2006,
            "quarter": 2,
            "eps": -1.57,
            "eps_growth_year": -482.93,
            "eps_4q": -1.95,
            "eps_4q_growth_year": -220.84,
            "roe": -11.3,
            "roe_4q": -13.85,
            "gross_profit": 167965,
            "gross_margin": 11.71,
            "gross_margin_4q_avg": 12.89,
            "net_income": -86729,
            "net_income_4q": null,
            "revenue": 1434716,
            "revenue_4q": null,
            "common_shares": 554626,
            "book_valuer_per_share": 12.92,
            "book_valuer_per_share_4q_avg": 14.51,
            "equity": 716640,
            "current_ratio": 132.92,
            "debt_ratio": 62.26,
            "inventory_turnover_ratio": 54.95,
            "account_receivable_turnover_ratio": null,
            "reinvestment_rate": null,
            "research_to_sale_ratio": null,
            "price_fair": 55.02,
            "eps_avg_yearly": 1.57,
            "eps_latest_yearly": 1.44,
            "eps_growth_yearly": 102.27
        },
        "20063": {
            "year_quarter": 20063,
            "year": 2006,
            "quarter": 3,
            "eps": -0.76,
            "eps_growth_year": -311.11,
            "eps_4q": -3.04,
            "eps_4q_growth_year": -298.69,
            "roe": -6.07,
            "roe_4q": -22.27,
            "gross_profit": 185800,
            "gross_margin": 11.3,
            "gross_margin_4q_avg": 12.17,
            "net_income": -42272,
            "net_income_4q": null,
            "revenue": 1644223,
            "revenue_4q": null,
            "common_shares": 559819,
            "book_valuer_per_share": 12.07,
            "book_valuer_per_share_4q_avg": 13.74,
            "equity": 675713,
            "current_ratio": 113.5,
            "debt_ratio": 65.5,
            "inventory_turnover_ratio": 60.76,
            "account_receivable_turnover_ratio": null,
            "reinvestment_rate": null,
            "research_to_sale_ratio": null,
            "price_fair": 55.02,
            "eps_avg_yearly": 1.57,
            "eps_latest_yearly": 1.44,
            "eps_growth_yearly": 102.27
        },
        "20064": {
            "year_quarter": 20064,
            "year": 2006,
            "quarter": 4,
            "eps": -0.88,
            "eps_growth_year": null,
            "eps_4q": -3.5,
            "eps_4q_growth_year": -593.31,
            "roe": -7.07,
            "roe_4q": -27.12,
            "gross_profit": 190493,
            "gross_margin": 12.06,
            "gross_margin_4q_avg": 11.86,
            "net_income": -49325,
            "net_income_4q": null,
            "revenue": 1579350,
            "revenue_4q": null,
            "common_shares": 559819,
            "book_valuer_per_share": 11.17,
            "book_valuer_per_share_4q_avg": 12.73,
            "equity": 719168,
            "current_ratio": 138.47,
            "debt_ratio": 61.28,
            "inventory_turnover_ratio": 61.12,
            "account_receivable_turnover_ratio": null,
            "reinvestment_rate": null,
            "research_to_sale_ratio": null,
            "price_fair": 55.02,
            "eps_avg_yearly": 1.57,
            "eps_latest_yearly": 1.44,
            "eps_growth_yearly": 102.27
        },
        "20071": {
            "year_quarter": 20071,
            "year": 2007,
            "quarter": 1,
            "eps": -1.04,
            "eps_growth_year": null,
            "eps_4q": -4.23,
            "eps_4q_growth_year": null,
            "roe": -9.04,
            "roe_4q": -33.480000000000004,
            "gross_profit": 180879,
            "gross_margin": 10.76,
            "gross_margin_4q_avg": 11.46,
            "net_income": -58195,
            "net_income_4q": null,
            "revenue": 1680854,
            "revenue_4q": null,
            "common_shares": 559819,
            "book_valuer_per_share": 10.15,
            "book_valuer_per_share_4q_avg": 11.58,
            "equity": 568117,
            "current_ratio": 109.11,
            "debt_ratio": 64.7,
            "inventory_turnover_ratio": 56.56,
            "account_receivable_turnover_ratio": null,
            "reinvestment_rate": null,
            "research_to_sale_ratio": null,
            "price_fair": 55.02,
            "eps_avg_yearly": 1.57,
            "eps_latest_yearly": 1.44,
            "eps_growth_yearly": 102.27
        },
        "20072": {
            "year_quarter": 20072,
            "year": 2007,
            "quarter": 2,
            "eps": -0.75,
            "eps_growth_year": null,
            "eps_4q": -3.42,
            "eps_4q_growth_year": null,
            "roe": -7.63,
            "roe_4q": -29.81,
            "gross_profit": 185747,
            "gross_margin": 11.06,
            "gross_margin_4q_avg": 11.3,
            "net_income": -41718,
            "net_income_4q": null,
            "revenue": 1679332,
            "revenue_4q": null,
            "common_shares": 559819,
            "book_valuer_per_share": 9.4,
            "book_valuer_per_share_4q_avg": 10.7,
            "equity": 526086,
            "current_ratio": 103.99,
            "debt_ratio": 66.91,
            "inventory_turnover_ratio": 81.49,
            "account_receivable_turnover_ratio": null,
            "reinvestment_rate": null,
            "research_to_sale_ratio": null,
            "price_fair": 55.84,
            "eps_avg_yearly": 1.6,
            "eps_latest_yearly": 1.44,
            "eps_growth_yearly": 32.15
        },
        "20073": {
            "year_quarter": 20073,
            "year": 2007,
            "quarter": 3,
            "eps": -0.55,
            "eps_growth_year": null,
            "eps_4q": -3.21,
            "eps_4q_growth_year": null,
            "roe": -6.02,
            "roe_4q": -29.759999999999998,
            "gross_profit": 203729,
            "gross_margin": 11.82,
            "gross_margin_4q_avg": 11.43,
            "net_income": -30727,
            "net_income_4q": null,
            "revenue": 1724122,
            "revenue_4q": null,
            "common_shares": 559819,
            "book_valuer_per_share": 8.84,
            "book_valuer_per_share_4q_avg": 9.89,
            "equity": 494864,
            "current_ratio": 100.26,
            "debt_ratio": 67.55,
            "inventory_turnover_ratio": 146.3,
            "account_receivable_turnover_ratio": null,
            "reinvestment_rate": null,
            "research_to_sale_ratio": null,
            "price_fair": 57.4,
            "eps_avg_yearly": 1.64,
            "eps_latest_yearly": 1.44,
            "eps_growth_yearly": 40.59
        },
        "20074": {
            "year_quarter": 20074,
            "year": 2007,
            "quarter": 4,
            "eps": -0.13,
            "eps_growth_year": null,
            "eps_4q": -1.78,
            "eps_4q_growth_year": null,
            "roe": -1.34,
            "roe_4q": -24.029999999999998,
            "gross_profit": 209898,
            "gross_margin": 13,
            "gross_margin_4q_avg": 11.66,
            "net_income": -7346,
            "net_income_4q": null,
            "revenue": 1614870,
            "revenue_4q": null,
            "common_shares": 559819,
            "book_valuer_per_share": 8.7,
            "book_valuer_per_share_4q_avg": 9.27,
            "equity": 603630,
            "current_ratio": 129.17,
            "debt_ratio": 64.13,
            "inventory_turnover_ratio": 63.98,
            "account_receivable_turnover_ratio": null,
            "reinvestment_rate": null,
            "research_to_sale_ratio": null,
            "price_fair": 4.54,
            "eps_avg_yearly": 1.51,
            "eps_latest_yearly": 1.44,
            "eps_growth_yearly": -12.6
        },
        "20081": {
            "year_quarter": 20081,
            "year": 2008,
            "quarter": 1,
            "eps": 0.84,
            "eps_growth_year": null,
            "eps_4q": -0.67,
            "eps_4q_growth_year": null,
            "roe": 6.93,
            "roe_4q": -8.059999999999999,
            "gross_profit": 232366,
            "gross_margin": 12.1,
            "gross_margin_4q_avg": 12,
            "net_income": 40892,
            "net_income_4q": null,
            "revenue": 1920795,
            "revenue_4q": null,
            "common_shares": 559819,
            "book_valuer_per_share": 9.54,
            "book_valuer_per_share_4q_avg": 9.12,
            "equity": 577281,
            "current_ratio": 126.83,
            "debt_ratio": 67.99,
            "inventory_turnover_ratio": 61.88,
            "account_receivable_turnover_ratio": null,
            "reinvestment_rate": null,
            "research_to_sale_ratio": null,
            "price_fair": 34.67,
            "eps_avg_yearly": 1.52,
            "eps_latest_yearly": 1.44,
            "eps_growth_yearly": 12.81
        },
        "20082": {
            "year_quarter": 20082,
            "year": 2008,
            "quarter": 2,
            "eps": 0.38,
            "eps_growth_year": null,
            "eps_4q": 0.91,
            "eps_4q_growth_year": null,
            "roe": 2.1,
            "roe_4q": 1.67,
            "gross_profit": 242154,
            "gross_margin": 13.28,
            "gross_margin_4q_avg": 12.55,
            "net_income": 12813,
            "net_income_4q": null,
            "revenue": 1823580,
            "revenue_4q": null,
            "common_shares": 559819,
            "book_valuer_per_share": 9.92,
            "book_valuer_per_share_4q_avg": 9.25,
            "equity": 640153,
            "current_ratio": 127.43,
            "debt_ratio": 67.76,
            "inventory_turnover_ratio": 73.06,
            "account_receivable_turnover_ratio": null,
            "reinvestment_rate": null,
            "research_to_sale_ratio": null,
            "price_fair": 4.72,
            "eps_avg_yearly": 1.57,
            "eps_latest_yearly": 1.52,
            "eps_growth_yearly": -11.08
        },
        "20083": {
            "year_quarter": 20083,
            "year": 2008,
            "quarter": 3,
            "eps": 0.28,
            "eps_growth_year": null,
            "eps_4q": 4.71,
            "eps_4q_growth_year": null,
            "roe": 0.71,
            "roe_4q": 8.4,
            "gross_profit": 273642,
            "gross_margin": 14.23,
            "gross_margin_4q_avg": 13.15,
            "net_income": 4574,
            "net_income_4q": null,
            "revenue": 1923261,
            "revenue_4q": null,
            "common_shares": 559819,
            "book_valuer_per_share": 10.22,
            "book_valuer_per_share_4q_avg": 9.6,
            "equity": 645991,
            "current_ratio": 124.17,
            "debt_ratio": 70.07,
            "inventory_turnover_ratio": 53.6,
            "account_receivable_turnover_ratio": null,
            "reinvestment_rate": null,
            "research_to_sale_ratio": null,
            "price_fair": 4.5,
            "eps_avg_yearly": 1.5,
            "eps_latest_yearly": 1.12,
            "eps_growth_yearly": -48.63
        },
        "20084": {
            "year_quarter": 20084,
            "year": 2008,
            "quarter": 4,
            "eps": 0.4,
            "eps_growth_year": null,
            "eps_4q": 3.16,
            "eps_4q_growth_year": null,
            "roe": 2.06,
            "roe_4q": 11.8,
            "gross_profit": 307651,
            "gross_margin": 16.01,
            "gross_margin_4q_avg": 13.91,
            "net_income": 13447,
            "net_income_4q": null,
            "revenue": 1921074,
            "revenue_4q": null,
            "common_shares": 559819,
            "book_valuer_per_share": 10.62,
            "book_valuer_per_share_4q_avg": 10.08,
            "equity": 659600,
            "current_ratio": 124.34,
            "debt_ratio": 71.16,
            "inventory_turnover_ratio": 43.77,
            "account_receivable_turnover_ratio": 14.64,
            "reinvestment_rate": null,
            "research_to_sale_ratio": null,
            "price_fair": 4.3,
            "eps_avg_yearly": 1.43,
            "eps_latest_yearly": 1.6,
            "eps_growth_yearly": -38.86
        },
        "20091": {
            "year_quarter": 20091,
            "year": 2009,
            "quarter": 1,
            "eps": 0.48,
            "eps_growth_year": -42.86,
            "eps_4q": 2.39,
            "eps_4q_growth_year": null,
            "roe": 2.5,
            "roe_4q": 7.370000000000001,
            "gross_profit": 296760,
            "gross_margin": 15.03,
            "gross_margin_4q_avg": 14.64,
            "net_income": 17281,
            "net_income_4q": null,
            "revenue": 1974078,
            "revenue_4q": null,
            "common_shares": 559819,
            "book_valuer_per_share": 11.14,
            "book_valuer_per_share_4q_avg": 10.48,
            "equity": 725283,
            "current_ratio": 128.7,
            "debt_ratio": 69.11,
            "inventory_turnover_ratio": 48.37,
            "account_receivable_turnover_ratio": 8.46,
            "reinvestment_rate": null,
            "research_to_sale_ratio": null,
            "price_fair": 4.62,
            "eps_avg_yearly": 1.54,
            "eps_latest_yearly": 1.92,
            "eps_growth_yearly": -1.53
        },
        "20092": {
            "year_quarter": 20092,
            "year": 2009,
            "quarter": 2,
            "eps": 0.56,
            "eps_growth_year": 47.37,
            "eps_4q": 2.4,
            "eps_4q_growth_year": 163.13,
            "roe": 3.09,
            "roe_4q": 8.36,
            "gross_profit": 298171,
            "gross_margin": 14.81,
            "gross_margin_4q_avg": 15.02,
            "net_income": 22347,
            "net_income_4q": null,
            "revenue": 2013223,
            "revenue_4q": null,
            "common_shares": 559819,
            "book_valuer_per_share": 11.21,
            "book_valuer_per_share_4q_avg": 10.8,
            "equity": 720292,
            "current_ratio": 135.79,
            "debt_ratio": 63.44,
            "inventory_turnover_ratio": 43.44,
            "account_receivable_turnover_ratio": 9.54,
            "reinvestment_rate": null,
            "research_to_sale_ratio": null,
            "price_fair": 4.92,
            "eps_avg_yearly": 1.64,
            "eps_latest_yearly": 2.24,
            "eps_growth_yearly": -9.17
        },
        "20093": {
            "year_quarter": 20093,
            "year": 2009,
            "quarter": 3,
            "eps": 0.49,
            "eps_growth_year": 75,
            "eps_4q": 2.77,
            "eps_4q_growth_year": -41.14,
            "roe": 2.51,
            "roe_4q": 10.16,
            "gross_profit": 332402,
            "gross_margin": 15.28,
            "gross_margin_4q_avg": 15.28,
            "net_income": 18981,
            "net_income_4q": null,
            "revenue": 2175990,
            "revenue_4q": null,
            "common_shares": 559819,
            "book_valuer_per_share": 11.74,
            "book_valuer_per_share_4q_avg": 11.18,
            "equity": 792520,
            "current_ratio": 138.79,
            "debt_ratio": 61.92,
            "inventory_turnover_ratio": 34.46,
            "account_receivable_turnover_ratio": 10.17,
            "reinvestment_rate": null,
            "research_to_sale_ratio": null,
            "price_fair": 5.18,
            "eps_avg_yearly": 1.73,
            "eps_latest_yearly": 1.96,
            "eps_growth_yearly": -9.37
        },
        "20094": {
            "year_quarter": 20094,
            "year": 2009,
            "quarter": 4,
            "eps": 0.74,
            "eps_growth_year": 85,
            "eps_4q": 2.27,
            "eps_4q_growth_year": -28.4,
            "roe": 4.29,
            "roe_4q": 12.39,
            "gross_profit": 358269,
            "gross_margin": 15.93,
            "gross_margin_4q_avg": 15.26,
            "net_income": 34738,
            "net_income_4q": null,
            "revenue": 2248734,
            "revenue_4q": null,
            "common_shares": 559819,
            "book_valuer_per_share": 12.52,
            "book_valuer_per_share_4q_avg": 11.65,
            "equity": 828490,
            "current_ratio": 116.23,
            "debt_ratio": 62.98,
            "inventory_turnover_ratio": 28.15,
            "account_receivable_turnover_ratio": 20.9,
            "reinvestment_rate": null,
            "research_to_sale_ratio": null,
            "price_fair": 59.22,
            "eps_avg_yearly": 1.9,
            "eps_latest_yearly": 2.96,
            "eps_growth_yearly": 21.12
        },
        "20101": {
            "year_quarter": 20101,
            "year": 2010,
            "quarter": 1,
            "eps": 0.95,
            "eps_growth_year": 97.92,
            "eps_4q": 2.73,
            "eps_4q_growth_year": 14.38,
            "roe": 5.73,
            "roe_4q": 15.62,
            "gross_profit": 392291,
            "gross_margin": 16.09,
            "gross_margin_4q_avg": 15.53,
            "net_income": 48915,
            "net_income_4q": null,
            "revenue": 2437774,
            "revenue_4q": null,
            "common_shares": 559819,
            "book_valuer_per_share": 13.51,
            "book_valuer_per_share_4q_avg": 12.25,
            "equity": 879540,
            "current_ratio": 119.72,
            "debt_ratio": 62.2,
            "inventory_turnover_ratio": 31.21,
            "account_receivable_turnover_ratio": 11.87,
            "reinvestment_rate": null,
            "research_to_sale_ratio": 0.92,
            "price_fair": 74.9,
            "eps_avg_yearly": 2.14,
            "eps_latest_yearly": 3.8,
            "eps_growth_yearly": 32.67
        },
        "20102": {
            "year_quarter": 20102,
            "year": 2010,
            "quarter": 2,
            "eps": 1.41,
            "eps_growth_year": 150.97,
            "eps_4q": 3.5,
            "eps_4q_growth_year": 46.01,
            "roe": 8.89,
            "roe_4q": 21.42,
            "gross_profit": 419755,
            "gross_margin": 17.46,
            "gross_margin_4q_avg": 16.19,
            "net_income": 78527,
            "net_income_4q": null,
            "revenue": 2403599,
            "revenue_4q": null,
            "common_shares": 559819,
            "book_valuer_per_share": 13.38,
            "book_valuer_per_share_4q_avg": 12.79,
            "equity": 887269,
            "current_ratio": 115.23,
            "debt_ratio": 66.77,
            "inventory_turnover_ratio": 26.69,
            "account_receivable_turnover_ratio": 11.16,
            "reinvestment_rate": 508.99,
            "research_to_sale_ratio": 0.99,
            "price_fair": 88.51,
            "eps_avg_yearly": 2.53,
            "eps_latest_yearly": 5.64,
            "eps_growth_yearly": 50.56
        },
        "20103": {
            "year_quarter": 20103,
            "year": 2010,
            "quarter": 3,
            "eps": 1.86,
            "eps_growth_year": 279.46,
            "eps_4q": 4.89,
            "eps_4q_growth_year": 76.53,
            "roe": 11.19,
            "roe_4q": 30.099999999999998,
            "gross_profit": 438864,
            "gross_margin": 15.69,
            "gross_margin_4q_avg": 16.29,
            "net_income": 106880,
            "net_income_4q": null,
            "revenue": 2796224,
            "revenue_4q": null,
            "common_shares": 582602,
            "book_valuer_per_share": 14.82,
            "book_valuer_per_share_4q_avg": 13.56,
            "equity": 1022649,
            "current_ratio": 125.11,
            "debt_ratio": 63.14,
            "inventory_turnover_ratio": 23.29,
            "account_receivable_turnover_ratio": 12.32,
            "reinvestment_rate": 191.58,
            "research_to_sale_ratio": 0.85,
            "price_fair": 105.7,
            "eps_avg_yearly": 3.02,
            "eps_latest_yearly": 7.44,
            "eps_growth_yearly": 58.27
        },
        "20104": {
            "year_quarter": 20104,
            "year": 2010,
            "quarter": 4,
            "eps": 1.94,
            "eps_growth_year": 162.25,
            "eps_4q": 6.09,
            "eps_4q_growth_year": 168.84,
            "roe": 11.03,
            "roe_4q": 36.84,
            "gross_profit": 538970,
            "gross_margin": 17.42,
            "gross_margin_4q_avg": 16.67,
            "net_income": 119979,
            "net_income_4q": null,
            "revenue": 3094055,
            "revenue_4q": null,
            "common_shares": 582602,
            "book_valuer_per_share": 16.79,
            "book_valuer_per_share_4q_avg": 14.63,
            "equity": 1153641,
            "current_ratio": 128.57,
            "debt_ratio": 63.61,
            "inventory_turnover_ratio": 20.63,
            "account_receivable_turnover_ratio": 13.8,
            "reinvestment_rate": 113.86,
            "research_to_sale_ratio": 0.8,
            "price_fair": 120.78,
            "eps_avg_yearly": 3.45,
            "eps_latest_yearly": 7.76,
            "eps_growth_yearly": 54.54
        },
        "20111": {
            "year_quarter": 20111,
            "year": 2011,
            "quarter": 1,
            "eps": 2,
            "eps_growth_year": 110.53,
            "eps_4q": 7.16,
            "eps_4q_growth_year": 162.04,
            "roe": 9.26,
            "roe_4q": 40.37,
            "gross_profit": 554616,
            "gross_margin": 16.44,
            "gross_margin_4q_avg": 16.75,
            "net_income": 121111,
            "net_income_4q": null,
            "revenue": 3373809,
            "revenue_4q": null,
            "common_shares": 587257,
            "book_valuer_per_share": 20.48,
            "book_valuer_per_share_4q_avg": 16.37,
            "equity": 1463254,
            "current_ratio": 143.17,
            "debt_ratio": 57.34,
            "inventory_turnover_ratio": 19.84,
            "account_receivable_turnover_ratio": 14.36,
            "reinvestment_rate": 127.11,
            "research_to_sale_ratio": 0.76,
            "price_fair": 134.05,
            "eps_avg_yearly": 3.83,
            "eps_latest_yearly": 8,
            "eps_growth_yearly": 51.02
        },
        "20112": {
            "year_quarter": 20112,
            "year": 2011,
            "quarter": 2,
            "eps": 1.36,
            "eps_growth_year": -3.58,
            "eps_4q": 6.26,
            "eps_4q_growth_year": 79.08,
            "roe": 6.77,
            "roe_4q": 38.25,
            "gross_profit": 565724,
            "gross_margin": 17.83,
            "gross_margin_4q_avg": 16.85,
            "net_income": 95242,
            "net_income_4q": null,
            "revenue": 3172886,
            "revenue_4q": null,
            "common_shares": 593907,
            "book_valuer_per_share": 18.31,
            "book_valuer_per_share_4q_avg": 17.6,
            "equity": 1350778,
            "current_ratio": 133.73,
            "debt_ratio": 61.79,
            "inventory_turnover_ratio": 16.98,
            "account_receivable_turnover_ratio": 12.51,
            "reinvestment_rate": 116.57,
            "research_to_sale_ratio": 0.84,
            "price_fair": 138.38,
            "eps_avg_yearly": 3.95,
            "eps_latest_yearly": 5.44,
            "eps_growth_yearly": 37.25
        },
        "20113": {
            "year_quarter": 20113,
            "year": 2011,
            "quarter": 3,
            "eps": 1.27,
            "eps_growth_year": -31.66,
            "eps_4q": 5.95,
            "eps_4q_growth_year": 21.63,
            "roe": 6.71,
            "roe_4q": 33.77,
            "gross_profit": 596137,
            "gross_margin": 16.96,
            "gross_margin_4q_avg": 17.16,
            "net_income": 94452,
            "net_income_4q": null,
            "revenue": 3515497,
            "revenue_4q": null,
            "common_shares": 692439,
            "book_valuer_per_share": 17.02,
            "book_valuer_per_share_4q_avg": 18.15,
            "equity": 1464998,
            "current_ratio": 154.58,
            "debt_ratio": 59.18,
            "inventory_turnover_ratio": 19.03,
            "account_receivable_turnover_ratio": 13.27,
            "reinvestment_rate": 107.59,
            "research_to_sale_ratio": 0.82,
            "price_fair": 141.2,
            "eps_avg_yearly": 4.03,
            "eps_latest_yearly": 5.08,
            "eps_growth_yearly": 32.7
        },
        "20114": {
            "year_quarter": 20114,
            "year": 2011,
            "quarter": 4,
            "eps": 1.59,
            "eps_growth_year": -17.89,
            "eps_4q": 5.88,
            "eps_4q_growth_year": -3.39,
            "roe": 7.6,
            "roe_4q": 30.339999999999996,
            "gross_profit": 632120,
            "gross_margin": 17.55,
            "gross_margin_4q_avg": 17.2,
            "net_income": 119593,
            "net_income_4q": null,
            "revenue": 3602349,
            "revenue_4q": null,
            "common_shares": 693679,
            "book_valuer_per_share": 18.98,
            "book_valuer_per_share_4q_avg": 18.7,
            "equity": 1683063,
            "current_ratio": 157.33,
            "debt_ratio": 58.66,
            "inventory_turnover_ratio": 17.77,
            "account_receivable_turnover_ratio": 12.67,
            "reinvestment_rate": 98.8,
            "research_to_sale_ratio": 0.83,
            "price_fair": 146.63,
            "eps_avg_yearly": 4.19,
            "eps_latest_yearly": 6.36,
            "eps_growth_yearly": 37.24
        },
        "20121": {
            "year_quarter": 20121,
            "year": 2012,
            "quarter": 1,
            "eps": 1.55,
            "eps_growth_year": -22.5,
            "eps_4q": 5.7,
            "eps_4q_growth_year": -20.42,
            "roe": 6.48,
            "roe_4q": 27.56,
            "gross_profit": 659258,
            "gross_margin": 17.37,
            "gross_margin_4q_avg": 17.43,
            "net_income": 113259,
            "net_income_4q": null,
            "revenue": 3795600,
            "revenue_4q": null,
            "common_shares": 699953,
            "book_valuer_per_share": 20.51,
            "book_valuer_per_share_4q_avg": 18.71,
            "equity": 1812223,
            "current_ratio": 167.67,
            "debt_ratio": 54.93,
            "inventory_turnover_ratio": 16.69,
            "account_receivable_turnover_ratio": 13.2,
            "reinvestment_rate": 95.82,
            "research_to_sale_ratio": 0.79,
            "price_fair": 151.03,
            "eps_avg_yearly": 4.32,
            "eps_latest_yearly": 6.2,
            "eps_growth_yearly": 34.28
        },
        "20122": {
            "year_quarter": 20122,
            "year": 2012,
            "quarter": 2,
            "eps": 1.02,
            "eps_growth_year": -25.07,
            "eps_4q": 4.75,
            "eps_4q_growth_year": -24.22,
            "roe": 5.38,
            "roe_4q": 26.17,
            "gross_profit": 634438,
            "gross_margin": 17.83,
            "gross_margin_4q_avg": 17.43,
            "net_income": 92871,
            "net_income_4q": null,
            "revenue": 3559036,
            "revenue_4q": null,
            "common_shares": 708504,
            "book_valuer_per_share": 18.02,
            "book_valuer_per_share_4q_avg": 18.63,
            "equity": 1640671,
            "current_ratio": 151.55,
            "debt_ratio": 60.69,
            "inventory_turnover_ratio": 12.93,
            "account_receivable_turnover_ratio": 12.44,
            "reinvestment_rate": 85.71,
            "research_to_sale_ratio": 1.01,
            "price_fair": 156.63,
            "eps_avg_yearly": 4.48,
            "eps_latest_yearly": 4.08,
            "eps_growth_yearly": 39.43
        },
        "20123": {
            "year_quarter": 20123,
            "year": 2012,
            "quarter": 3,
            "eps": 1.01,
            "eps_growth_year": -20.22,
            "eps_4q": 4.68,
            "eps_4q_growth_year": -21.36,
            "roe": 5.48,
            "roe_4q": 24.939999999999998,
            "gross_profit": 673663,
            "gross_margin": 17.68,
            "gross_margin_4q_avg": 17.61,
            "net_income": 92490,
            "net_income_4q": null,
            "revenue": 3811110,
            "revenue_4q": null,
            "common_shares": 821308,
            "book_valuer_per_share": 16.59,
            "book_valuer_per_share_4q_avg": 18.53,
            "equity": 1735241,
            "current_ratio": 160.69,
            "debt_ratio": 56.64,
            "inventory_turnover_ratio": 11.79,
            "account_receivable_turnover_ratio": 12.11,
            "reinvestment_rate": 83.43,
            "research_to_sale_ratio": 0.9,
            "price_fair": 163.01,
            "eps_avg_yearly": 4.66,
            "eps_latest_yearly": 4.04,
            "eps_growth_yearly": 45.76
        },
        "20124": {
            "year_quarter": 20124,
            "year": 2012,
            "quarter": 4,
            "eps": 1.44,
            "eps_growth_year": -9.91,
            "eps_4q": 4.76,
            "eps_4q_growth_year": -19.06,
            "roe": 7.12,
            "roe_4q": 24.46,
            "gross_profit": 706283,
            "gross_margin": 18.61,
            "gross_margin_4q_avg": 17.87,
            "net_income": 128107,
            "net_income_4q": null,
            "revenue": 3795084,
            "revenue_4q": null,
            "common_shares": 822448,
            "book_valuer_per_share": 18.01,
            "book_valuer_per_share_4q_avg": 18.28,
            "equity": 1864279,
            "current_ratio": 162.38,
            "debt_ratio": 56.58,
            "inventory_turnover_ratio": 11.58,
            "account_receivable_turnover_ratio": 10.4,
            "reinvestment_rate": 78.43,
            "research_to_sale_ratio": 0.87,
            "price_fair": 172.11,
            "eps_avg_yearly": 4.92,
            "eps_latest_yearly": 5.76,
            "eps_growth_yearly": 45.69
        },
        "20131": {
            "year_quarter": 20131,
            "year": 2013,
            "quarter": 1,
            "eps": 1.42,
            "eps_growth_year": -8.39,
            "eps_4q": 4.88,
            "eps_4q_growth_year": -14.42,
            "roe": 6.54,
            "roe_4q": 24.52,
            "gross_profit": 645806,
            "gross_margin": 16.5,
            "gross_margin_4q_avg": 17.66,
            "net_income": 126125,
            "net_income_4q": null,
            "revenue": 3914068,
            "revenue_4q": null,
            "common_shares": 822448,
            "book_valuer_per_share": 19.4,
            "book_valuer_per_share_4q_avg": 18.01,
            "equity": 1991038,
            "current_ratio": 172.82,
            "debt_ratio": 53.59,
            "inventory_turnover_ratio": 12.57,
            "account_receivable_turnover_ratio": 11.35,
            "reinvestment_rate": 9.54,
            "research_to_sale_ratio": 0.9,
            "price_fair": 180.34,
            "eps_avg_yearly": 5.15,
            "eps_latest_yearly": 5.68,
            "eps_growth_yearly": 40.34
        },
        "20132": {
            "year_quarter": 20132,
            "year": 2013,
            "quarter": 2,
            "eps": 1.38,
            "eps_growth_year": 35.92,
            "eps_4q": 5.25,
            "eps_4q_growth_year": 10.63,
            "roe": 6.6,
            "roe_4q": 25.740000000000002,
            "gross_profit": 655344,
            "gross_margin": 17.22,
            "gross_margin_4q_avg": 17.5,
            "net_income": 127127,
            "net_income_4q": null,
            "revenue": 3806313,
            "revenue_4q": null,
            "common_shares": 822448,
            "book_valuer_per_share": 17.8,
            "book_valuer_per_share_4q_avg": 17.95,
            "equity": 1858604,
            "current_ratio": 156.07,
            "debt_ratio": 59.94,
            "inventory_turnover_ratio": 11.14,
            "account_receivable_turnover_ratio": 12.82,
            "reinvestment_rate": 7.31,
            "research_to_sale_ratio": 0.92,
            "price_fair": 187.51,
            "eps_avg_yearly": 5.36,
            "eps_latest_yearly": 5.52,
            "eps_growth_yearly": 35.47
        },
        "20133": {
            "year_quarter": 20133,
            "year": 2013,
            "quarter": 3,
            "eps": 1.5,
            "eps_growth_year": 47.96,
            "eps_4q": 5.74,
            "eps_4q_growth_year": 22.78,
            "roe": 7.13,
            "roe_4q": 27.39,
            "gross_profit": 698634,
            "gross_margin": 16.88,
            "gross_margin_4q_avg": 17.3,
            "net_income": 137463,
            "net_income_4q": null,
            "revenue": 4139285,
            "revenue_4q": null,
            "common_shares": 822448,
            "book_valuer_per_share": 19.29,
            "book_valuer_per_share_4q_avg": 18.63,
            "equity": 1994696,
            "current_ratio": 163.04,
            "debt_ratio": 57.34,
            "inventory_turnover_ratio": 10.77,
            "account_receivable_turnover_ratio": 12.96,
            "reinvestment_rate": 5.64,
            "research_to_sale_ratio": 0.96,
            "price_fair": 196.35,
            "eps_avg_yearly": 5.61,
            "eps_latest_yearly": 6,
            "eps_growth_yearly": 40.77
        },
        "20134": {
            "year_quarter": 20134,
            "year": 2013,
            "quarter": 4,
            "eps": 1.85,
            "eps_growth_year": 29.21,
            "eps_4q": 6.16,
            "eps_4q_growth_year": 29.39,
            "roe": 7.57,
            "roe_4q": 27.839999999999996,
            "gross_profit": 780225,
            "gross_margin": 17.54,
            "gross_margin_4q_avg": 17.04,
            "net_income": 156795,
            "net_income_4q": null,
            "revenue": 4449530,
            "revenue_4q": null,
            "common_shares": 822448,
            "book_valuer_per_share": 21.15,
            "book_valuer_per_share_4q_avg": 19.41,
            "equity": 2146032,
            "current_ratio": 158.51,
            "debt_ratio": 59.31,
            "inventory_turnover_ratio": 11.13,
            "account_receivable_turnover_ratio": 12.99,
            "reinvestment_rate": 1.31,
            "research_to_sale_ratio": 0.9,
            "price_fair": 206.06,
            "eps_avg_yearly": 5.89,
            "eps_latest_yearly": 7.4,
            "eps_growth_yearly": 33.85
        },
        "20141": {
            "year_quarter": 20141,
            "year": 2014,
            "quarter": 1,
            "eps": 2.01,
            "eps_growth_year": 41.55,
            "eps_4q": 6.76,
            "eps_4q_growth_year": 38.58,
            "roe": 8.2,
            "roe_4q": 29.5,
            "gross_profit": 825254,
            "gross_margin": 17.21,
            "gross_margin_4q_avg": 17.21,
            "net_income": 186523,
            "net_income_4q": null,
            "revenue": 4794166,
            "revenue_4q": null,
            "common_shares": 822448,
            "book_valuer_per_share": 23.22,
            "book_valuer_per_share_4q_avg": 20.37,
            "equity": 2403758,
            "current_ratio": 168.69,
            "debt_ratio": 55.59,
            "inventory_turnover_ratio": 12.11,
            "account_receivable_turnover_ratio": 14.29,
            "reinvestment_rate": 2.68,
            "research_to_sale_ratio": 0.93,
            "price_fair": 215.34,
            "eps_avg_yearly": 6.15,
            "eps_latest_yearly": 8.04,
            "eps_growth_yearly": 28.92
        },
        "20142": {
            "year_quarter": 20142,
            "year": 2014,
            "quarter": 2,
            "eps": 1.78,
            "eps_growth_year": 28.99,
            "eps_4q": 6.77,
            "eps_4q_growth_year": 29.02,
            "roe": 7.22,
            "roe_4q": 30.119999999999997,
            "gross_profit": 817275,
            "gross_margin": 17.47,
            "gross_margin_4q_avg": 17.28,
            "net_income": 168235,
            "net_income_4q": null,
            "revenue": 4677668,
            "revenue_4q": null,
            "common_shares": 822448,
            "book_valuer_per_share": 21.37,
            "book_valuer_per_share_4q_avg": 21.26,
            "equity": 2255670,
            "current_ratio": 153.23,
            "debt_ratio": 61.03,
            "inventory_turnover_ratio": 11.87,
            "account_receivable_turnover_ratio": 13.46,
            "reinvestment_rate": -18.43,
            "research_to_sale_ratio": 1,
            "price_fair": 149.57,
            "eps_avg_yearly": 6.25,
            "eps_latest_yearly": 7.12,
            "eps_growth_yearly": 13.95
        },
        "20143": {
            "year_quarter": 20143,
            "year": 2014,
            "quarter": 3,
            "eps": 1.98,
            "eps_growth_year": 32,
            "eps_4q": 7.33,
            "eps_4q_growth_year": 27.66,
            "roe": 8.29,
            "roe_4q": 31.279999999999998,
            "gross_profit": 878058,
            "gross_margin": 17.12,
            "gross_margin_4q_avg": 17.34,
            "net_income": 195050,
            "net_income_4q": null,
            "revenue": 5130223,
            "revenue_4q": null,
            "common_shares": 868168,
            "book_valuer_per_share": 22.23,
            "book_valuer_per_share_4q_avg": 21.99,
            "equity": 2451496,
            "current_ratio": 163,
            "debt_ratio": 57.28,
            "inventory_turnover_ratio": 12.09,
            "account_receivable_turnover_ratio": 14.48,
            "reinvestment_rate": -15.2,
            "research_to_sale_ratio": 1.3,
            "price_fair": 117.85,
            "eps_avg_yearly": 6.28,
            "eps_latest_yearly": 7.92,
            "eps_growth_yearly": 8.78
        },
        "20144": {
            "year_quarter": 20144,
            "year": 2014,
            "quarter": 4,
            "eps": 2.25,
            "eps_growth_year": 21.35,
            "eps_4q": 7.82,
            "eps_4q_growth_year": 26.99,
            "roe": 8.31,
            "roe_4q": 32.019999999999996,
            "gross_profit": 941305,
            "gross_margin": 17.82,
            "gross_margin_4q_avg": 17.41,
            "net_income": 212137,
            "net_income_4q": null,
            "revenue": 5283141,
            "revenue_4q": null,
            "common_shares": 868168,
            "book_valuer_per_share": 24.41,
            "book_valuer_per_share_4q_avg": 22.81,
            "equity": 2656782,
            "current_ratio": 160.01,
            "debt_ratio": 58.59,
            "inventory_turnover_ratio": 11.08,
            "account_receivable_turnover_ratio": 16.59,
            "reinvestment_rate": -14.35,
            "research_to_sale_ratio": 1.11,
            "price_fair": 134.13,
            "eps_avg_yearly": 6.35,
            "eps_latest_yearly": 9,
            "eps_growth_yearly": 11.11
        },
        "20151": {
            "year_quarter": 20151,
            "year": 2015,
            "quarter": 1,
            "eps": 2.45,
            "eps_growth_year": 21.89,
            "eps_4q": 8.36,
            "eps_4q_growth_year": 23.72,
            "roe": 8.52,
            "roe_4q": 32.339999999999996,
            "gross_profit": 981924,
            "gross_margin": 17.16,
            "gross_margin_4q_avg": 17.39,
            "net_income": 237720,
            "net_income_4q": null,
            "revenue": 5721295,
            "revenue_4q": null,
            "common_shares": 868168,
            "book_valuer_per_share": 26.81,
            "book_valuer_per_share_4q_avg": 23.71,
            "equity": 2924036,
            "current_ratio": 162.94,
            "debt_ratio": 57.65,
            "inventory_turnover_ratio": 11.8,
            "account_receivable_turnover_ratio": 17.13,
            "reinvestment_rate": -26.92,
            "research_to_sale_ratio": 1.01,
            "price_fair": 145.87,
            "eps_avg_yearly": 6.47,
            "eps_latest_yearly": 9.8,
            "eps_growth_yearly": 12.56
        },
        "20152": {
            "year_quarter": 20152,
            "year": 2015,
            "quarter": 2,
            "eps": 1.82,
            "eps_growth_year": 2.25,
            "eps_4q": 7.95,
            "eps_4q_growth_year": 17.29,
            "roe": 6.19,
            "roe_4q": 31.310000000000002,
            "gross_profit": 948013,
            "gross_margin": 17.31,
            "gross_margin_4q_avg": 17.35,
            "net_income": 173474,
            "net_income_4q": null,
            "revenue": 5477330,
            "revenue_4q": null,
            "common_shares": 868168,
            "book_valuer_per_share": 24.07,
            "book_valuer_per_share_4q_avg": 24.38,
            "equity": 2681056,
            "current_ratio": 151.45,
            "debt_ratio": 61.84,
            "inventory_turnover_ratio": 10.97,
            "account_receivable_turnover_ratio": 14.86,
            "reinvestment_rate": -29.44,
            "research_to_sale_ratio": 1.08,
            "price_fair": 158.81,
            "eps_avg_yearly": 6.58,
            "eps_latest_yearly": 7.28,
            "eps_growth_yearly": 14.13
        },
        "20153": {
            "year_quarter": 20153,
            "year": 2015,
            "quarter": 3,
            "eps": 2,
            "eps_growth_year": 1.01,
            "eps_4q": 6.58,
            "eps_4q_growth_year": -10.28,
            "roe": 6.95,
            "roe_4q": 29.97,
            "gross_profit": 968205,
            "gross_margin": 16.93,
            "gross_margin_4q_avg": 17.31,
            "net_income": 204341,
            "net_income_4q": null,
            "revenue": 5717740,
            "revenue_4q": null,
            "common_shares": 928549,
            "book_valuer_per_share": 26.68,
            "book_valuer_per_share_4q_avg": 25.49,
            "equity": 3201506,
            "current_ratio": 168.61,
            "debt_ratio": 54.92,
            "inventory_turnover_ratio": 11.6,
            "account_receivable_turnover_ratio": 13.8,
            "reinvestment_rate": -31.31,
            "research_to_sale_ratio": 1.14,
            "price_fair": 191.12,
            "eps_avg_yearly": 6.76,
            "eps_latest_yearly": 8,
            "eps_growth_yearly": 18.26
        },
        "20154": {
            "year_quarter": 20154,
            "year": 2015,
            "quarter": 4,
            "eps": 2.22,
            "eps_growth_year": -1.36,
            "eps_4q": 7.79,
            "eps_4q_growth_year": -0.44,
            "roe": 5.31,
            "roe_4q": 26.97,
            "gross_profit": 1035846,
            "gross_margin": 17.37,
            "gross_margin_4q_avg": 17.19,
            "net_income": 237049,
            "net_income_4q": null,
            "revenue": 5964046,
            "revenue_4q": null,
            "common_shares": 998549,
            "book_valuer_per_share": 50.1,
            "book_valuer_per_share_4q_avg": 31.92,
            "equity": 5727253,
            "current_ratio": 222.04,
            "debt_ratio": 42.48,
            "inventory_turnover_ratio": 11.72,
            "account_receivable_turnover_ratio": 15.24,
            "reinvestment_rate": -32.46,
            "research_to_sale_ratio": 1.08,
            "price_fair": 171.01,
            "eps_avg_yearly": 6.92,
            "eps_latest_yearly": 8.88,
            "eps_growth_yearly": 14.71
        },
        "20161": {
            "year_quarter": 20161,
            "year": 2016,
            "quarter": 1,
            "eps": 2.73,
            "eps_growth_year": 11.43,
            "eps_4q": 8.39,
            "eps_4q_growth_year": 0.35,
            "roe": 4.96,
            "roe_4q": 23.41,
            "gross_profit": 1148817,
            "gross_margin": 16.96,
            "gross_margin_4q_avg": 17.14,
            "net_income": 291522,
            "net_income_4q": null,
            "revenue": 6773079,
            "revenue_4q": null,
            "common_shares": 998549,
            "book_valuer_per_share": 52.85,
            "book_valuer_per_share_4q_avg": 38.43,
            "equity": 6021293,
            "current_ratio": 227.81,
            "debt_ratio": 41.48,
            "inventory_turnover_ratio": 13.02,
            "account_receivable_turnover_ratio": 21.22,
            "reinvestment_rate": -31.25,
            "research_to_sale_ratio": 0.94,
            "price_fair": 224.28,
            "eps_avg_yearly": 7.22,
            "eps_latest_yearly": 10.92,
            "eps_growth_yearly": 21.08
        },
        "20162": {
            "year_quarter": 20162,
            "year": 2016,
            "quarter": 2,
            "eps": 1.78,
            "eps_growth_year": -2.2,
            "eps_4q": 7.77,
            "eps_4q_growth_year": -2.16,
            "roe": 3.26,
            "roe_4q": 20.479999999999997,
            "gross_profit": 1041591,
            "gross_margin": 17.37,
            "gross_margin_4q_avg": 17.16,
            "net_income": 190428,
            "net_income_4q": null,
            "revenue": 5997724,
            "revenue_4q": null,
            "common_shares": 998549,
            "book_valuer_per_share": 49.4,
            "book_valuer_per_share_4q_avg": 44.76,
            "equity": 5659444,
            "current_ratio": 207.4,
            "debt_ratio": 45.51,
            "inventory_turnover_ratio": 10.71,
            "account_receivable_turnover_ratio": 18.97,
            "reinvestment_rate": -27.02,
            "research_to_sale_ratio": 1.12,
            "price_fair": 229.06,
            "eps_avg_yearly": 7.41,
            "eps_latest_yearly": 7.12,
            "eps_growth_yearly": 20.93
        },
        "20163": {
            "year_quarter": 20163,
            "year": 2016,
            "quarter": 3,
            "eps": 1.54,
            "eps_growth_year": -23,
            "eps_4q": 7.63,
            "eps_4q_growth_year": 15.97,
            "roe": 3.2,
            "roe_4q": 16.73,
            "gross_profit": 1087657,
            "gross_margin": 17.17,
            "gross_margin_4q_avg": 17.22,
            "net_income": 184302,
            "net_income_4q": null,
            "revenue": 6334033,
            "revenue_4q": null,
            "common_shares": 1103161,
            "book_valuer_per_share": 46.23,
            "book_valuer_per_share_4q_avg": 49.65,
            "equity": 5841431,
            "current_ratio": 226.13,
            "debt_ratio": 41.4,
            "inventory_turnover_ratio": 10.3,
            "account_receivable_turnover_ratio": 18.69,
            "reinvestment_rate": -27.63,
            "research_to_sale_ratio": 1.1,
            "price_fair": 209.6,
            "eps_avg_yearly": 7.54,
            "eps_latest_yearly": 6.16,
            "eps_growth_yearly": 17.81
        },
        "20164": {
            "year_quarter": 20164,
            "year": 2016,
            "quarter": 4,
            "eps": 1.33,
            "eps_growth_year": -40.25,
            "eps_4q": 6.94,
            "eps_4q_growth_year": -10.86,
            "roe": 2.67,
            "roe_4q": 14.09,
            "gross_profit": 1128596,
            "gross_margin": 17,
            "gross_margin_4q_avg": 17.13,
            "net_income": 158106,
            "net_income_4q": null,
            "revenue": 6637724,
            "revenue_4q": null,
            "common_shares": 1103161,
            "book_valuer_per_share": 47.5,
            "book_valuer_per_share_4q_avg": 49,
            "equity": 5992513,
            "current_ratio": 217.38,
            "debt_ratio": 43.1,
            "inventory_turnover_ratio": 9.87,
            "account_receivable_turnover_ratio": 18.78,
            "reinvestment_rate": -26.16,
            "research_to_sale_ratio": 1.06,
            "price_fair": 103.3,
            "eps_avg_yearly": 7.51,
            "eps_latest_yearly": 5.32,
            "eps_growth_yearly": 3.76
        },
        "20171": {
            "year_quarter": 20171,
            "year": 2017,
            "quarter": 1,
            "eps": 1.85,
            "eps_growth_year": -32.23,
            "eps_4q": 6.32,
            "eps_4q_growth_year": -24.66,
            "roe": 3.4,
            "roe_4q": 12.53,
            "gross_profit": 1136420,
            "gross_margin": 16.41,
            "gross_margin_4q_avg": 16.99,
            "net_income": 207927,
            "net_income_4q": null,
            "revenue": 6924308,
            "revenue_4q": null,
            "common_shares": 1103161,
            "book_valuer_per_share": 49.32,
            "book_valuer_per_share_4q_avg": 48.11,
            "equity": 6241546,
            "current_ratio": 226.32,
            "debt_ratio": 41.31,
            "inventory_turnover_ratio": 9.37,
            "account_receivable_turnover_ratio": 22.07,
            "reinvestment_rate": 6.52,
            "research_to_sale_ratio": 0.99,
            "price_fair": 181.88,
            "eps_avg_yearly": 7.62,
            "eps_latest_yearly": 7.4,
            "eps_growth_yearly": 13.88
        },
        "20172": {
            "year_quarter": 20172,
            "year": 2017,
            "quarter": 2,
            "eps": 1.17,
            "eps_growth_year": -34.27,
            "eps_4q": 5.6,
            "eps_4q_growth_year": -27.95,
            "roe": 1.84,
            "roe_4q": 11.11,
            "gross_profit": 1101183,
            "gross_margin": 16.06,
            "gross_margin_4q_avg": 16.66,
            "net_income": 110653,
            "net_income_4q": null,
            "revenue": 6856885,
            "revenue_4q": null,
            "common_shares": 1103161,
            "book_valuer_per_share": 45.7,
            "book_valuer_per_share_4q_avg": 47.19,
            "equity": 5814339,
            "current_ratio": 195.25,
            "debt_ratio": 47.68,
            "inventory_turnover_ratio": 9.03,
            "account_receivable_turnover_ratio": 23.85,
            "reinvestment_rate": 10.31,
            "research_to_sale_ratio": 1.04,
            "price_fair": 116.44,
            "eps_avg_yearly": 7.57,
            "eps_latest_yearly": 4.68,
            "eps_growth_yearly": 5.39
        },
        "20173": {
            "year_quarter": 20173,
            "year": 2017,
            "quarter": 3,
            "eps": -0.12,
            "eps_growth_year": -107.79,
            "eps_4q": 4.03,
            "eps_4q_growth_year": -47.17,
            "roe": -2.33,
            "roe_4q": 5.58,
            "gross_profit": 1105422,
            "gross_margin": 15.15,
            "gross_margin_4q_avg": 16.16,
            "net_income": -134638,
            "net_income_4q": null,
            "revenue": 7298823,
            "revenue_4q": null,
            "common_shares": 1171595,
            "book_valuer_per_share": 42.91,
            "book_valuer_per_share_4q_avg": 46.36,
            "equity": 5720578,
            "current_ratio": 197.44,
            "debt_ratio": 46.97,
            "inventory_turnover_ratio": 8.98,
            "account_receivable_turnover_ratio": 25.28,
            "reinvestment_rate": 14.29,
            "research_to_sale_ratio": 0.96,
            "price_fair": 103.02,
            "eps_avg_yearly": 7.67,
            "eps_latest_yearly": 4.68,
            "eps_growth_yearly": 3.43
        },
        "20174": {
            "year_quarter": 20174,
            "year": 2017,
            "quarter": 4,
            "eps": -2.47,
            "eps_growth_year": -286.05,
            "eps_4q": 0.31,
            "eps_4q_growth_year": -95.51,
            "roe": -10.59,
            "roe_4q": -7.68,
            "gross_profit": 1094984,
            "gross_margin": 13.14,
            "gross_margin_4q_avg": 15.19,
            "net_income": -575687,
            "net_income_4q": null,
            "revenue": 8335161,
            "revenue_4q": null,
            "common_shares": 1171595,
            "book_valuer_per_share": 40.26,
            "book_valuer_per_share_4q_avg": 44.55,
            "equity": 5154411,
            "current_ratio": 167.13,
            "debt_ratio": 55.63,
            "inventory_turnover_ratio": 8.55,
            "account_receivable_turnover_ratio": 23.19,
            "reinvestment_rate": 17.88,
            "research_to_sale_ratio": 0.86,
            "price_fair": 23.07,
            "eps_avg_yearly": 7.69,
            "eps_latest_yearly": 4.68,
            "eps_growth_yearly": -2.99
        },
        "20181": {
            "year_quarter": 20181,
            "year": 2018,
            "quarter": 1,
            "eps": -4.03,
            "eps_growth_year": -317.84,
            "eps_4q": -5.46,
            "eps_4q_growth_year": -186.33,
            "roe": -17.72,
            "roe_4q": -28.8,
            "gross_profit": 1090641,
            "gross_margin": 13.31,
            "gross_margin_4q_avg": 14.42,
            "net_income": -843068,
            "net_income_4q": null,
            "revenue": 8195152,
            "revenue_4q": null,
            "common_shares": 1171595,
            "book_valuer_per_share": 36.61,
            "book_valuer_per_share_4q_avg": 41.37,
            "equity": 4361236,
            "current_ratio": 148.15,
            "debt_ratio": 62.43,
            "inventory_turnover_ratio": 7.68,
            "account_receivable_turnover_ratio": 21.18,
            "reinvestment_rate": 21.24,
            "research_to_sale_ratio": 0.91,
            "price_fair": 22.98,
            "eps_avg_yearly": 7.66,
            "eps_latest_yearly": 4.68,
            "eps_growth_yearly": -5.88
        },
        "20182": {
            "year_quarter": 20182,
            "year": 2018,
            "quarter": 2,
            "eps": -2.75,
            "eps_growth_year": -335.04,
            "eps_4q": -9.38,
            "eps_4q_growth_year": -267.41,
            "roe": -14.43,
            "roe_4q": -45.06999999999999,
            "gross_profit": 1004707,
            "gross_margin": 12.82,
            "gross_margin_4q_avg": 13.61,
            "net_income": -587530,
            "net_income_4q": null,
            "revenue": 7838454,
            "revenue_4q": null,
            "common_shares": 1171595,
            "book_valuer_per_share": 33.87,
            "book_valuer_per_share_4q_avg": 38.41,
            "equity": 3780387,
            "current_ratio": 133.13,
            "debt_ratio": 69.71,
            "inventory_turnover_ratio": 6.86,
            "account_receivable_turnover_ratio": 20.3,
            "reinvestment_rate": 26.79,
            "research_to_sale_ratio": 1.05,
            "price_fair": 23.12,
            "eps_avg_yearly": 7.71,
            "eps_latest_yearly": 4.68,
            "eps_growth_yearly": -2.56
        },
        "20183": {
            "year_quarter": 20183,
            "year": 2018,
            "quarter": 3,
            "eps": -1.62,
            "eps_growth_year": null,
            "eps_4q": -10.87,
            "eps_4q_growth_year": -369.76,
            "roe": -8.56,
            "roe_4q": -51.3,
            "gross_profit": 1030883,
            "gross_margin": 12.55,
            "gross_margin_4q_avg": 12.96,
            "net_income": -300223,
            "net_income_4q": null,
            "revenue": 8215992,
            "revenue_4q": null,
            "common_shares": 1171595,
            "book_valuer_per_share": 27.77,
            "book_valuer_per_share_4q_avg": 34.63,
            "equity": 3233544,
            "current_ratio": 130.05,
            "debt_ratio": 70.77,
            "inventory_turnover_ratio": 6.61,
            "account_receivable_turnover_ratio": 17.16,
            "reinvestment_rate": 35.21,
            "research_to_sale_ratio": 1.27,
            "price_fair": 23.06,
            "eps_avg_yearly": 7.69,
            "eps_latest_yearly": 4.68,
            "eps_growth_yearly": -6.87
        },
        "20184": {
            "year_quarter": 20184,
            "year": 2018,
            "quarter": 4,
            "eps": -0.09,
            "eps_growth_year": null,
            "eps_4q": -8.49,
            "eps_4q_growth_year": -2825.79,
            "roe": -1.08,
            "roe_4q": -41.79,
            "gross_profit": 1172226,
            "gross_margin": 11.33,
            "gross_margin_4q_avg": 12.5,
            "net_income": -36052,
            "net_income_4q": null,
            "revenue": 10344766,
            "revenue_4q": null,
            "common_shares": 1171595,
            "book_valuer_per_share": 25.04,
            "book_valuer_per_share_4q_avg": 30.82,
            "equity": 3423544,
            "current_ratio": 161.17,
            "debt_ratio": 69.33,
            "inventory_turnover_ratio": 7.92,
            "account_receivable_turnover_ratio": 17.94,
            "reinvestment_rate": 42.32,
            "research_to_sale_ratio": 1.04,
            "price_fair": 22.67,
            "eps_avg_yearly": 7.56,
            "eps_latest_yearly": 4.68,
            "eps_growth_yearly": -13.02
        },
        "20191": {
            "year_quarter": 20191,
            "year": 2019,
            "quarter": 1,
            "eps": 0.42,
            "eps_growth_year": null,
            "eps_4q": -4.04,
            "eps_4q_growth_year": null,
            "roe": 1.2,
            "roe_4q": -22.87,
            "gross_profit": 1128763,
            "gross_margin": 12.27,
            "gross_margin_4q_avg": 12.24,
            "net_income": 41348,
            "net_income_4q": null,
            "revenue": 9202209,
            "revenue_4q": null,
            "common_shares": 1171595,
            "book_valuer_per_share": 25.61,
            "book_valuer_per_share_4q_avg": 28.07,
            "equity": 3478849,
            "current_ratio": 148.46,
            "debt_ratio": 76.22,
            "inventory_turnover_ratio": 7.01,
            "account_receivable_turnover_ratio": 15.93,
            "reinvestment_rate": 63.49,
            "research_to_sale_ratio": 1.22,
            "price_fair": 21.92,
            "eps_avg_yearly": 7.31,
            "eps_latest_yearly": 4.68,
            "eps_growth_yearly": -18.41
        },
        "20192": {
            "year_quarter": 20192,
            "year": 2019,
            "quarter": 2,
            "eps": 0.2,
            "eps_growth_year": null,
            "eps_4q": -1.08,
            "eps_4q_growth_year": null,
            "roe": 0.63,
            "roe_4q": -7.8100000000000005,
            "gross_profit": 1078758,
            "gross_margin": 12.22,
            "gross_margin_4q_avg": 12.09,
            "net_income": 22102,
            "net_income_4q": null,
            "revenue": 8827187,
            "revenue_4q": null,
            "common_shares": 1171595,
            "book_valuer_per_share": 25.99,
            "book_valuer_per_share_4q_avg": 26.1,
            "equity": 3507846,
            "current_ratio": 145.07,
            "debt_ratio": 75.88,
            "inventory_turnover_ratio": 6.86,
            "account_receivable_turnover_ratio": 16.16,
            "reinvestment_rate": 111.29,
            "research_to_sale_ratio": 1.31,
            "price_fair": 19.76,
            "eps_avg_yearly": 6.59,
            "eps_latest_yearly": 0.8,
            "eps_growth_yearly": -30.26
        },
        "20193": {
            "year_quarter": 20193,
            "year": 2019,
            "quarter": 3,
            "eps": 0.48,
            "eps_growth_year": null,
            "eps_4q": 1.01,
            "eps_4q_growth_year": null,
            "roe": 1.45,
            "roe_4q": 2.2,
            "gross_profit": 1150501,
            "gross_margin": 12.17,
            "gross_margin_4q_avg": 12,
            "net_income": 51612,
            "net_income_4q": null,
            "revenue": 9454310,
            "revenue_4q": null,
            "common_shares": 1171595,
            "book_valuer_per_share": 25.92,
            "book_valuer_per_share_4q_avg": 25.64,
            "equity": 3618511,
            "current_ratio": 139.27,
            "debt_ratio": 75.86,
            "inventory_turnover_ratio": 6.13,
            "account_receivable_turnover_ratio": 14.96,
            "reinvestment_rate": 212.84,
            "research_to_sale_ratio": 1.28,
            "price_fair": 206.89,
            "eps_avg_yearly": 5.91,
            "eps_latest_yearly": 1.92,
            "eps_growth_yearly": 27.56
        },
        "20194": {
            "year_quarter": 20194,
            "year": 2019,
            "quarter": 4,
            "eps": 0.29,
            "eps_growth_year": null,
            "eps_4q": 1.39,
            "eps_4q_growth_year": null,
            "roe": 0.72,
            "roe_4q": 4,
            "gross_profit": 1231586,
            "gross_margin": 10.8,
            "gross_margin_4q_avg": 11.87,
            "net_income": 26632,
            "net_income_4q": null,
            "revenue": 11399874,
            "revenue_4q": null,
            "common_shares": 1171595,
            "book_valuer_per_share": 25.97,
            "book_valuer_per_share_4q_avg": 25.87,
            "equity": 3767084,
            "current_ratio": 141.02,
            "debt_ratio": 75.31,
            "inventory_turnover_ratio": 6.38,
            "account_receivable_turnover_ratio": 18.95,
            "reinvestment_rate": null,
            "research_to_sale_ratio": 1.19,
            "price_fair": 76.21,
            "eps_avg_yearly": 5.05,
            "eps_latest_yearly": 1.16,
            "eps_growth_yearly": 5.08
        },
        "20201": {
            "year_quarter": 20201,
            "year": 2020,
            "quarter": 1,
            "eps": 0.88,
            "eps_growth_year": 109.52,
            "eps_4q": 1.85,
            "eps_4q_growth_year": null,
            "roe": 2.75,
            "roe_4q": 5.55,
            "gross_profit": 1271584,
            "gross_margin": 11.91,
            "gross_margin_4q_avg": 11.78,
            "net_income": 103000,
            "net_income_4q": null,
            "revenue": 10679518,
            "revenue_4q": null,
            "common_shares": 1171595,
            "book_valuer_per_share": 25.75,
            "book_valuer_per_share_4q_avg": 25.91,
            "equity": 3730005,
            "current_ratio": 139.72,
            "debt_ratio": 75.6,
            "inventory_turnover_ratio": 6.92,
            "account_receivable_turnover_ratio": 20.92,
            "reinvestment_rate": null,
            "research_to_sale_ratio": 1.26,
            "price_fair": 148.09,
            "eps_avg_yearly": 4.23,
            "eps_latest_yearly": 3.52,
            "eps_growth_yearly": 85.29
        },
        "20202": {
            "year_quarter": 20202,
            "year": 2020,
            "quarter": 2,
            "eps": 0.45,
            "eps_growth_year": 125,
            "eps_4q": 2.1,
            "eps_4q_growth_year": null,
            "roe": 1.28,
            "roe_4q": 6.2,
            "gross_profit": 1195799,
            "gross_margin": 11.62,
            "gross_margin_4q_avg": 11.63,
            "net_income": 48564,
            "net_income_4q": null,
            "revenue": 10293623,
            "revenue_4q": null,
            "common_shares": 1171595,
            "book_valuer_per_share": 26.34,
            "book_valuer_per_share_4q_avg": 26,
            "equity": 3858752,
            "current_ratio": 137.42,
            "debt_ratio": 74.98,
            "inventory_turnover_ratio": 8.52,
            "account_receivable_turnover_ratio": 20.59,
            "reinvestment_rate": null,
            "research_to_sale_ratio": 1.31,
            "price_fair": 127.4,
            "eps_avg_yearly": 3.64,
            "eps_latest_yearly": 1.8,
            "eps_growth_yearly": 79.04
        },
        "20203": {
            "year_quarter": 20203,
            "year": 2020,
            "quarter": 3,
            "eps": 0.58,
            "eps_growth_year": 20.83,
            "eps_4q": 2.2,
            "eps_4q_growth_year": 117.89,
            "roe": 1.44,
            "roe_4q": 6.1899999999999995,
            "gross_profit": 1173114,
            "gross_margin": 11.38,
            "gross_margin_4q_avg": 11.43,
            "net_income": 55929,
            "net_income_4q": null,
            "revenue": 10312668,
            "revenue_4q": null,
            "common_shares": 1171595,
            "book_valuer_per_share": 26.87,
            "book_valuer_per_share_4q_avg": 26.23,
            "equity": 3912503,
            "current_ratio": 139.75,
            "debt_ratio": 73.83,
            "inventory_turnover_ratio": 7.51,
            "account_receivable_turnover_ratio": 22.41,
            "reinvestment_rate": null,
            "research_to_sale_ratio": 1.22,
            "price_fair": 112.47,
            "eps_avg_yearly": 3.21,
            "eps_latest_yearly": 2.32,
            "eps_growth_yearly": 97.87
        },
        "20204": {
            "year_quarter": 20204,
            "year": 2020,
            "quarter": 4,
            "eps": 0.25,
            "eps_growth_year": -14.33,
            "eps_4q": 2.14,
            "eps_4q_growth_year": 54.18,
            "roe": 0.33,
            "roe_4q": 5.8,
            "gross_profit": 1353914,
            "gross_margin": 10.76,
            "gross_margin_4q_avg": 11.42,
            "net_income": 13381,
            "net_income_4q": null,
            "revenue": 12584043,
            "revenue_4q": null,
            "common_shares": 1182595,
            "book_valuer_per_share": 28.41,
            "book_valuer_per_share_4q_avg": 26.84,
            "equity": 4084002,
            "current_ratio": 149.56,
            "debt_ratio": 75.19,
            "inventory_turnover_ratio": 7.15,
            "account_receivable_turnover_ratio": 27.12,
            "reinvestment_rate": null,
            "research_to_sale_ratio": 1.07,
            "price_fair": 95.67,
            "eps_avg_yearly": 2.73,
            "eps_latest_yearly": 1,
            "eps_growth_yearly": 78.65
        },
        "20211": {
            "year_quarter": 20211,
            "year": 2021,
            "quarter": 1,
            "eps": 1.17,
            "eps_growth_year": 32.95,
            "eps_4q": 2.44,
            "eps_4q_growth_year": 32.06,
            "roe": 3.51,
            "roe_4q": 6.56,
            "gross_profit": 1305415,
            "gross_margin": 11.36,
            "gross_margin_4q_avg": 11.28,
            "net_income": 142230,
            "net_income_4q": null,
            "revenue": 11490350,
            "revenue_4q": null,
            "common_shares": 1182595,
            "book_valuer_per_share": 28.26,
            "book_valuer_per_share_4q_avg": 27.47,
            "equity": 4031205,
            "current_ratio": 151.23,
            "debt_ratio": 74.3,
            "inventory_turnover_ratio": 6.51,
            "account_receivable_turnover_ratio": 23.33,
            "reinvestment_rate": null,
            "research_to_sale_ratio": 1.14,
            "price_fair": 85.09,
            "eps_avg_yearly": 2.43,
            "eps_latest_yearly": 4.68,
            "eps_growth_yearly": 224.82
        },
        "20212": {
            "year_quarter": 20212,
            "year": 2021,
            "quarter": 2,
            "eps": 0.55,
            "eps_growth_year": 22.22,
            "eps_4q": 2.54,
            "eps_4q_growth_year": 21.26,
            "roe": 1.01,
            "roe_4q": 6.289999999999999,
            "gross_profit": 1378798,
            "gross_margin": 11.75,
            "gross_margin_4q_avg": 11.31,
            "net_income": 41125,
            "net_income_4q": null,
            "revenue": 11732366,
            "revenue_4q": null,
            "common_shares": 1182595,
            "book_valuer_per_share": 28.7,
            "book_valuer_per_share_4q_avg": 28.06,
            "equity": 4073400,
            "current_ratio": 138.25,
            "debt_ratio": 77.03,
            "inventory_turnover_ratio": 8.12,
            "account_receivable_turnover_ratio": 21.24,
            "reinvestment_rate": null,
            "research_to_sale_ratio": 1.15,
            "price_fair": 75.44,
            "eps_avg_yearly": 2.16,
            "eps_latest_yearly": 2.2,
            "eps_growth_yearly": 217.61
        },
        "20213": {
            "year_quarter": 20213,
            "year": 2021,
            "quarter": 3,
            "eps": 0.65,
            "eps_growth_year": 12.07,
            "eps_4q": 2.39,
            "eps_4q_growth_year": 8.87,
            "roe": 1.78,
            "roe_4q": 6.63,
            "gross_profit": 1376941,
            "gross_margin": 12.07,
            "gross_margin_4q_avg": 11.49,
            "net_income": 74572,
            "net_income_4q": null,
            "revenue": 11410098,
            "revenue_4q": null,
            "common_shares": 1182595,
            "book_valuer_per_share": 30.33,
            "book_valuer_per_share_4q_avg": 28.93,
            "equity": 4315454,
            "current_ratio": 144.85,
            "debt_ratio": 74.82,
            "inventory_turnover_ratio": 8.15,
            "account_receivable_turnover_ratio": 19.92,
            "reinvestment_rate": null,
            "research_to_sale_ratio": 1.24,
            "price_fair": 77,
            "eps_avg_yearly": 2.2,
            "eps_latest_yearly": 2.6,
            "eps_growth_yearly": 203.12
        },
        "20214": {
            "year_quarter": 20214,
            "year": 2021,
            "quarter": 4,
            "eps": -1.39,
            "eps_growth_year": -662.35,
            "eps_4q": 0.76,
            "eps_4q_growth_year": -64.29,
            "roe": -3.27,
            "roe_4q": 3.03,
            "gross_profit": 1494586,
            "gross_margin": 10.72,
            "gross_margin_4q_avg": 11.48,
            "net_income": -195682,
            "net_income_4q": null,
            "revenue": 13946553,
            "revenue_4q": null,
            "common_shares": 1274159,
            "book_valuer_per_share": 49.57,
            "book_valuer_per_share_4q_avg": 34.22,
            "equity": 7654310,
            "current_ratio": 128.08,
            "debt_ratio": 68.67,
            "inventory_turnover_ratio": 8.29,
            "account_receivable_turnover_ratio": 8.63,
            "reinvestment_rate": null,
            "research_to_sale_ratio": 1.04,
            "price_fair": 77,
            "eps_avg_yearly": 2.2,
            "eps_latest_yearly": 2.6,
            "eps_growth_yearly": 203.12
        },
        "20221": {
            "year_quarter": 20221,
            "year": 2022,
            "quarter": 1,
            "eps": -0.25,
            "eps_growth_year": -121.37,
            "eps_4q": -0.56,
            "eps_4q_growth_year": -123,
            "roe": -0.4,
            "roe_4q": -0.8799999999999999,
            "gross_profit": 1433193,
            "gross_margin": 12.24,
            "gross_margin_4q_avg": 11.7,
            "net_income": -30617,
            "net_income_4q": null,
            "revenue": 11709437,
            "revenue_4q": null,
            "common_shares": 1285139,
            "book_valuer_per_share": 48.7,
            "book_valuer_per_share_4q_avg": 39.33,
            "equity": 7598666,
            "current_ratio": 130.75,
            "debt_ratio": 66.82,
            "inventory_turnover_ratio": 6.34,
            "account_receivable_turnover_ratio": 4.33,
            "reinvestment_rate": null,
            "research_to_sale_ratio": 1.3,
            "price_fair": 77,
            "eps_avg_yearly": 2.2,
            "eps_latest_yearly": 2.6,
            "eps_growth_yearly": 203.12
        },
        "20222": {
            "year_quarter": 20222,
            "year": 2022,
            "quarter": 2,
            "eps": -0.01,
            "eps_growth_year": -101.82,
            "eps_4q": -1.08,
            "eps_4q_growth_year": -142.59,
            "roe": 1.09,
            "roe_4q": -0.8,
            "gross_profit": 1305082,
            "gross_margin": 11.67,
            "gross_margin_4q_avg": 11.68,
            "net_income": 82047,
            "net_income_4q": null,
            "revenue": 11179856,
            "revenue_4q": null,
            "common_shares": 1285139,
            "book_valuer_per_share": 47.74,
            "book_valuer_per_share_4q_avg": 44.09,
            "equity": 7467471,
            "current_ratio": 125.48,
            "debt_ratio": 68.4,
            "inventory_turnover_ratio": 6.31,
            "account_receivable_turnover_ratio": 4.03,
            "reinvestment_rate": 494.69,
            "research_to_sale_ratio": 1.54,
            "price_fair": 77,
            "eps_avg_yearly": 2.2,
            "eps_latest_yearly": 2.6,
            "eps_growth_yearly": 203.12
        },
        "20223": {
            "year_quarter": 20223,
            "year": 2022,
            "quarter": 3,
            "eps": -0.22,
            "eps_growth_year": -133.85,
            "eps_4q": -1.9,
            "eps_4q_growth_year": -179.42,
            "roe": -0.22,
            "roe_4q": -2.8,
            "gross_profit": 1293254,
            "gross_margin": 12.91,
            "gross_margin_4q_avg": 11.89,
            "net_income": -17566,
            "net_income_4q": null,
            "revenue": 10013651,
            "revenue_4q": null,
            "common_shares": 1285139,
            "book_valuer_per_share": 50.15,
            "book_valuer_per_share_4q_avg": 49.04,
            "equity": 8275798,
            "current_ratio": 117.6,
            "debt_ratio": 66.81,
            "inventory_turnover_ratio": 5.02,
            "account_receivable_turnover_ratio": 3.45,
            "reinvestment_rate": 253.43,
            "research_to_sale_ratio": 1.59,
            "price_fair": 77,
            "eps_avg_yearly": 2.2,
            "eps_latest_yearly": 2.6,
            "eps_growth_yearly": 203.12
        },
        "20224": {
            "year_quarter": 20224,
            "year": 2022,
            "quarter": 4,
            "eps": 0.07,
            "eps_growth_year": null,
            "eps_4q": -0.42,
            "eps_4q_growth_year": -155.15,
            "roe": 0.12,
            "roe_4q": 0.5900000000000001,
            "gross_profit": 1408560,
            "gross_margin": 10.67,
            "gross_margin_4q_avg": 11.87,
            "net_income": 9728,
            "net_income_4q": null,
            "revenue": 13197499,
            "revenue_4q": null,
            "common_shares": 1281629,
            "book_valuer_per_share": 50.87,
            "book_valuer_per_share_4q_avg": 49.37,
            "equity": 8440162,
            "current_ratio": 106.55,
            "debt_ratio": 68.26,
            "inventory_turnover_ratio": 6.21,
            "account_receivable_turnover_ratio": 4.21,
            "reinvestment_rate": 271.46,
            "research_to_sale_ratio": 1.18,
            "price_fair": 77,
            "eps_avg_yearly": 2.2,
            "eps_latest_yearly": 2.6,
            "eps_growth_yearly": 203.12
        },
        "20231": {
            "year_quarter": 20231,
            "year": 2023,
            "quarter": 1,
            "eps": -0.96,
            "eps_growth_year": null,
            "eps_4q": -1.13,
            "eps_4q_growth_year": null,
            "roe": -0.96,
            "roe_4q": 0.030000000000000027,
            "gross_profit": 1199252,
            "gross_margin": 11.81,
            "gross_margin_4q_avg": 11.77,
            "net_income": -80879,
            "net_income_4q": null,
            "revenue": 10155900,
            "revenue_4q": null,
            "common_shares": 1281629,
            "book_valuer_per_share": 50.89,
            "book_valuer_per_share_4q_avg": 49.91,
            "equity": 8388875,
            "current_ratio": 105.04,
            "debt_ratio": 71.32,
            "inventory_turnover_ratio": 4.81,
            "account_receivable_turnover_ratio": 3.22,
            "reinvestment_rate": 444.24,
            "research_to_sale_ratio": 1.45,
            "price_fair": 77,
            "eps_avg_yearly": 2.2,
            "eps_latest_yearly": 2.6,
            "eps_growth_yearly": 203.12
        },
        "20232": {
            "year_quarter": 20232,
            "year": 2023,
            "quarter": 2,
            "eps": -0.69,
            "eps_growth_year": null,
            "eps_4q": -1.8,
            "eps_4q_growth_year": null,
            "roe": -0.69,
            "roe_4q": -1.7499999999999998,
            "gross_profit": 1163936,
            "gross_margin": 12.9,
            "gross_margin_4q_avg": 12.07,
            "net_income": -57143,
            "net_income_4q": null,
            "revenue": 9021569,
            "revenue_4q": null,
            "common_shares": 1281629,
            "book_valuer_per_share": 50.38,
            "book_valuer_per_share_4q_avg": 50.57,
            "equity": 8262981,
            "current_ratio": 101.32,
            "debt_ratio": 70.95,
            "inventory_turnover_ratio": 5.53,
            "account_receivable_turnover_ratio": 2.91,
            "reinvestment_rate": 868.44,
            "research_to_sale_ratio": 1.52,
            "price_fair": 82.44,
            "eps_avg_yearly": 2.36,
            "eps_latest_yearly": 2.6,
            "eps_growth_yearly": 248.97
        },
        "20233": {
            "year_quarter": 20233,
            "year": 2023,
            "quarter": 3,
            "eps": -1.16,
            "eps_growth_year": null,
            "eps_4q": -2.51,
            "eps_4q_growth_year": null,
            "roe": -1.32,
            "roe_4q": -2.8499999999999996,
            "gross_profit": 1185667,
            "gross_margin": 12.22,
            "gross_margin_4q_avg": 11.9,
            "net_income": -112910,
            "net_income_4q": null,
            "revenue": 9705892,
            "revenue_4q": null,
            "common_shares": 1441629,
            "book_valuer_per_share": 48.2,
            "book_valuer_per_share_4q_avg": 50.09,
            "equity": 8827529,
            "current_ratio": 102.83,
            "debt_ratio": 68.04,
            "inventory_turnover_ratio": 7.02,
            "account_receivable_turnover_ratio": 2.97,
            "reinvestment_rate": null,
            "research_to_sale_ratio": 1.41,
            "price_fair": 84.35,
            "eps_avg_yearly": 2.41,
            "eps_latest_yearly": 2.6,
            "eps_growth_yearly": 210.09
        },
        "20234": {
            "year_quarter": 20234,
            "year": 2023,
            "quarter": 4,
            "eps": -2.11,
            "eps_growth_year": -3329.4,
            "eps_4q": -4.67,
            "eps_4q_growth_year": null,
            "roe": -3.19,
            "roe_4q": -6.159999999999999,
            "gross_profit": 1213820,
            "gross_margin": 9.96,
            "gross_margin_4q_avg": 11.72,
            "net_income": -276931,
            "net_income_4q": null,
            "revenue": 12188225,
            "revenue_4q": null,
            "common_shares": 1439529,
            "book_valuer_per_share": 46.02,
            "book_valuer_per_share_4q_avg": 48.87,
            "equity": 8553459,
            "current_ratio": 111.08,
            "debt_ratio": 68.85,
            "inventory_turnover_ratio": 7.13,
            "account_receivable_turnover_ratio": 3.64,
            "reinvestment_rate": null,
            "research_to_sale_ratio": 1.19,
            "price_fair": 90.6,
            "eps_avg_yearly": 2.59,
            "eps_latest_yearly": 2.6,
            "eps_growth_yearly": 262.72
        }
    },
    "months": {
        "2003-10": {
            "month": "2003-10",
            "price": "30.57",
            "revenue": 113677
        },
        "2003-11": {
            "month": "2003-11",
            "price": "30.54",
            "revenue": 113225
        },
        "2003-12": {
            "month": "2003-12",
            "price": "29.95",
            "revenue": 148701
        },
        "2004-01": {
            "month": "2004-01",
            "price": "29.36",
            "revenue": 141932
        },
        "2004-02": {
            "month": "2004-02",
            "price": "30.22",
            "revenue": 149272
        },
        "2004-03": {
            "month": "2004-03",
            "price": "29.65",
            "revenue": 165076
        },
        "2004-04": {
            "month": "2004-04",
            "price": "31.72",
            "revenue": 147934
        },
        "2004-05": {
            "month": "2004-05",
            "price": "36.76",
            "revenue": 157037
        },
        "2004-06": {
            "month": "2004-06",
            "price": "36.16",
            "revenue": 205519
        },
        "2004-07": {
            "month": "2004-07",
            "price": "34.25",
            "revenue": 225384
        },
        "2004-08": {
            "month": "2004-08",
            "price": "32.73",
            "revenue": 236784
        },
        "2004-09": {
            "month": "2004-09",
            "price": "30.31",
            "revenue": 228633
        },
        "2004-10": {
            "month": "2004-10",
            "price": "29.98",
            "revenue": 255208
        },
        "2004-11": {
            "month": "2004-11",
            "price": "30.14",
            "revenue": 264533
        },
        "2004-12": {
            "month": "2004-12",
            "price": "30.38",
            "revenue": 302708
        },
        "2005-01": {
            "month": "2005-01",
            "price": "32.05",
            "revenue": 313798
        },
        "2005-02": {
            "month": "2005-02",
            "price": "40.60",
            "revenue": 227443
        },
        "2005-03": {
            "month": "2005-03",
            "price": "42.46",
            "revenue": 379110
        },
        "2005-04": {
            "month": "2005-04",
            "price": "39.79",
            "revenue": 293630
        },
        "2005-05": {
            "month": "2005-05",
            "price": "34.77",
            "revenue": 327944
        },
        "2005-06": {
            "month": "2005-06",
            "price": "32.93",
            "revenue": 432636
        },
        "2005-07": {
            "month": "2005-07",
            "price": "35.22",
            "revenue": 372481
        },
        "2005-08": {
            "month": "2005-08",
            "price": "40.91",
            "revenue": 405534
        },
        "2005-09": {
            "month": "2005-09",
            "price": "54.02",
            "revenue": 462747
        },
        "2005-10": {
            "month": "2005-10",
            "price": "49.77",
            "revenue": 439801
        },
        "2005-11": {
            "month": "2005-11",
            "price": "50.96",
            "revenue": 427590
        },
        "2005-12": {
            "month": "2005-12",
            "price": "52.03",
            "revenue": 500363
        },
        "2006-01": {
            "month": "2006-01",
            "price": "50.77",
            "revenue": 495242
        },
        "2006-02": {
            "month": "2006-02",
            "price": "48.91",
            "revenue": 403674
        },
        "2006-03": {
            "month": "2006-03",
            "price": "49.51",
            "revenue": 549939
        },
        "2006-04": {
            "month": "2006-04",
            "price": "50.31",
            "revenue": 426092
        },
        "2006-05": {
            "month": "2006-05",
            "price": "39.18",
            "revenue": 454172
        },
        "2006-06": {
            "month": "2006-06",
            "price": "37.18",
            "revenue": 554130
        },
        "2006-07": {
            "month": "2006-07",
            "price": "34.69",
            "revenue": 543011
        },
        "2006-08": {
            "month": "2006-08",
            "price": "36.12",
            "revenue": 540730
        },
        "2006-09": {
            "month": "2006-09",
            "price": "34.71",
            "revenue": 562581
        },
        "2006-10": {
            "month": "2006-10",
            "price": "34.48",
            "revenue": 531478
        },
        "2006-11": {
            "month": "2006-11",
            "price": "35.29",
            "revenue": 477641
        },
        "2006-12": {
            "month": "2006-12",
            "price": "37.43",
            "revenue": 554704
        },
        "2007-01": {
            "month": "2007-01",
            "price": "36.18",
            "revenue": 605697
        },
        "2007-02": {
            "month": "2007-02",
            "price": "31.73",
            "revenue": 459388
        },
        "2007-03": {
            "month": "2007-03",
            "price": "31.17",
            "revenue": 631461
        },
        "2007-04": {
            "month": "2007-04",
            "price": "35.36",
            "revenue": 542682
        },
        "2007-05": {
            "month": "2007-05",
            "price": "33.94",
            "revenue": 503564
        },
        "2007-06": {
            "month": "2007-06",
            "price": "35.49",
            "revenue": 617394
        },
        "2007-07": {
            "month": "2007-07",
            "price": "34.44",
            "revenue": 583983
        },
        "2007-08": {
            "month": "2007-08",
            "price": "33.98",
            "revenue": 620234
        },
        "2007-09": {
            "month": "2007-09",
            "price": "36.51",
            "revenue": 519905
        },
        "2007-10": {
            "month": "2007-10",
            "price": "32.80",
            "revenue": 553441
        },
        "2007-11": {
            "month": "2007-11",
            "price": "31.01",
            "revenue": 562167
        },
        "2007-12": {
            "month": "2007-12",
            "price": "25.89",
            "revenue": 577864
        },
        "2008-01": {
            "month": "2008-01",
            "price": "24.78",
            "revenue": 664244
        },
        "2008-02": {
            "month": "2008-02",
            "price": "24.24",
            "revenue": 590484
        },
        "2008-03": {
            "month": "2008-03",
            "price": "27.31",
            "revenue": 650576
        },
        "2008-04": {
            "month": "2008-04",
            "price": "26.31",
            "revenue": 597635
        },
        "2008-05": {
            "month": "2008-05",
            "price": "30.62",
            "revenue": 597490
        },
        "2008-06": {
            "month": "2008-06",
            "price": "29.99",
            "revenue": 600426
        },
        "2008-07": {
            "month": "2008-07",
            "price": "25.88",
            "revenue": 626190
        },
        "2008-08": {
            "month": "2008-08",
            "price": "25.13",
            "revenue": 623806
        },
        "2008-09": {
            "month": "2008-09",
            "price": "22.22",
            "revenue": 631140
        },
        "2008-10": {
            "month": "2008-10",
            "price": "19.25",
            "revenue": 620550
        },
        "2008-11": {
            "month": "2008-11",
            "price": "18.32",
            "revenue": 549539
        },
        "2008-12": {
            "month": "2008-12",
            "price": "19.13",
            "revenue": 686212
        },
        "2009-01": {
            "month": "2009-01",
            "price": "19.12",
            "revenue": 642824
        },
        "2009-02": {
            "month": "2009-02",
            "price": "19.24",
            "revenue": 644579
        },
        "2009-03": {
            "month": "2009-03",
            "price": "23.52",
            "revenue": 672024
        },
        "2009-04": {
            "month": "2009-04",
            "price": "32.76",
            "revenue": 648449
        },
        "2009-05": {
            "month": "2009-05",
            "price": "45.01",
            "revenue": 633343
        },
        "2009-06": {
            "month": "2009-06",
            "price": "41.22",
            "revenue": 704369
        },
        "2009-07": {
            "month": "2009-07",
            "price": "44.66",
            "revenue": 709349
        },
        "2009-08": {
            "month": "2009-08",
            "price": "46.11",
            "revenue": 726974
        },
        "2009-09": {
            "month": "2009-09",
            "price": "45.33",
            "revenue": 711018
        },
        "2009-10": {
            "month": "2009-10",
            "price": "60.62",
            "revenue": 696951
        },
        "2009-11": {
            "month": "2009-11",
            "price": "80.65",
            "revenue": 693202
        },
        "2009-12": {
            "month": "2009-12",
            "price": "79.15",
            "revenue": 823001
        },
        "2010-01": {
            "month": "2010-01",
            "price": "74.22",
            "revenue": 768570
        },
        "2010-02": {
            "month": "2010-02",
            "price": "65.66",
            "revenue": 816208
        },
        "2010-03": {
            "month": "2010-03",
            "price": "68.02",
            "revenue": 821640
        },
        "2010-04": {
            "month": "2010-04",
            "price": "76.38",
            "revenue": 754787
        },
        "2010-05": {
            "month": "2010-05",
            "price": "84.13",
            "revenue": 771077
        },
        "2010-06": {
            "month": "2010-06",
            "price": "111.93",
            "revenue": 793138
        },
        "2010-07": {
            "month": "2010-07",
            "price": "114.55",
            "revenue": 875706
        },
        "2010-08": {
            "month": "2010-08",
            "price": "123.32",
            "revenue": 919211
        },
        "2010-09": {
            "month": "2010-09",
            "price": "168.05",
            "revenue": 885650
        },
        "2010-10": {
            "month": "2010-10",
            "price": "166.64",
            "revenue": 881960
        },
        "2010-11": {
            "month": "2010-11",
            "price": "159.50",
            "revenue": 909427
        },
        "2010-12": {
            "month": "2010-12",
            "price": "180.96",
            "revenue": 1060429
        },
        "2011-01": {
            "month": "2011-01",
            "price": "165.92",
            "revenue": 1226194
        },
        "2011-02": {
            "month": "2011-02",
            "price": "168.07",
            "revenue": 927129
        },
        "2011-03": {
            "month": "2011-03",
            "price": "185.76",
            "revenue": 1104002
        },
        "2011-04": {
            "month": "2011-04",
            "price": "192.82",
            "revenue": 1007907
        },
        "2011-05": {
            "month": "2011-05",
            "price": "184.21",
            "revenue": 1082242
        },
        "2011-06": {
            "month": "2011-06",
            "price": "176.71",
            "revenue": 1082640
        },
        "2011-07": {
            "month": "2011-07",
            "price": "186.86",
            "revenue": 1130535
        },
        "2011-08": {
            "month": "2011-08",
            "price": "211.28",
            "revenue": 1230998
        },
        "2011-09": {
            "month": "2011-09",
            "price": "197.81",
            "revenue": 1153960
        },
        "2011-10": {
            "month": "2011-10",
            "price": "203.38",
            "revenue": 1130967
        },
        "2011-11": {
            "month": "2011-11",
            "price": "191.00",
            "revenue": 1180530
        },
        "2011-12": {
            "month": "2011-12",
            "price": "186.09",
            "revenue": 1292218
        },
        "2012-01": {
            "month": "2012-01",
            "price": "171.73",
            "revenue": 1369442
        },
        "2012-02": {
            "month": "2012-02",
            "price": "174.72",
            "revenue": 1219562
        },
        "2012-03": {
            "month": "2012-03",
            "price": "178.13",
            "revenue": 1206768
        },
        "2012-04": {
            "month": "2012-04",
            "price": "167.50",
            "revenue": 1159979
        },
        "2012-05": {
            "month": "2012-05",
            "price": "170.02",
            "revenue": 1192366
        },
        "2012-06": {
            "month": "2012-06",
            "price": "162.33",
            "revenue": 1206688
        },
        "2012-07": {
            "month": "2012-07",
            "price": "175.61",
            "revenue": 1299606
        },
        "2012-08": {
            "month": "2012-08",
            "price": "173.11",
            "revenue": 1292864
        },
        "2012-09": {
            "month": "2012-09",
            "price": "167.95",
            "revenue": 1218368
        },
        "2012-10": {
            "month": "2012-10",
            "price": "160.64",
            "revenue": 1192917
        },
        "2012-11": {
            "month": "2012-11",
            "price": "132.05",
            "revenue": 1175881
        },
        "2012-12": {
            "month": "2012-12",
            "price": "133.71",
            "revenue": 1426385
        },
        "2013-01": {
            "month": "2013-01",
            "price": "143.59",
            "revenue": 1407848
        },
        "2013-02": {
            "month": "2013-02",
            "price": "149.73",
            "revenue": 1256084
        },
        "2013-03": {
            "month": "2013-03",
            "price": "132.26",
            "revenue": 1250136
        },
        "2013-04": {
            "month": "2013-04",
            "price": "123.25",
            "revenue": 1229220
        },
        "2013-05": {
            "month": "2013-05",
            "price": "137.18",
            "revenue": 1322516
        },
        "2013-06": {
            "month": "2013-06",
            "price": "150.24",
            "revenue": 1254577
        },
        "2013-07": {
            "month": "2013-07",
            "price": "153.50",
            "revenue": 1362053
        },
        "2013-08": {
            "month": "2013-08",
            "price": "175.81",
            "revenue": 1453047
        },
        "2013-09": {
            "month": "2013-09",
            "price": "167.30",
            "revenue": 1324185
        },
        "2013-10": {
            "month": "2013-10",
            "price": "164.11",
            "revenue": 1397769
        },
        "2013-11": {
            "month": "2013-11",
            "price": "188.17",
            "revenue": 1356171
        },
        "2013-12": {
            "month": "2013-12",
            "price": "227.59",
            "revenue": 1691808
        },
        "2014-01": {
            "month": "2014-01",
            "price": "218.89",
            "revenue": 1781256
        },
        "2014-02": {
            "month": "2014-02",
            "price": "206.94",
            "revenue": 1483403
        },
        "2014-03": {
            "month": "2014-03",
            "price": "238.45",
            "revenue": 1529507
        },
        "2014-04": {
            "month": "2014-04",
            "price": "217.38",
            "revenue": 1490016
        },
        "2014-05": {
            "month": "2014-05",
            "price": "229.38",
            "revenue": 1589389
        },
        "2014-06": {
            "month": "2014-06",
            "price": "276.58",
            "revenue": 1598263
        },
        "2014-07": {
            "month": "2014-07",
            "price": "305.66",
            "revenue": 1733331
        },
        "2014-08": {
            "month": "2014-08",
            "price": "298.00",
            "revenue": 1738549
        },
        "2014-09": {
            "month": "2014-09",
            "price": "306.67",
            "revenue": 1658343
        },
        "2014-10": {
            "month": "2014-10",
            "price": "282.91",
            "revenue": 1663056
        },
        "2014-11": {
            "month": "2014-11",
            "price": "322.48",
            "revenue": 1658792
        },
        "2014-12": {
            "month": "2014-12",
            "price": "344.35",
            "revenue": 1961293
        },
        "2015-01": {
            "month": "2015-01",
            "price": "344.80",
            "revenue": 1860650
        },
        "2015-02": {
            "month": "2015-02",
            "price": "370.15",
            "revenue": 1903503
        },
        "2015-03": {
            "month": "2015-03",
            "price": "398.02",
            "revenue": 1957142
        },
        "2015-04": {
            "month": "2015-04",
            "price": "428.40",
            "revenue": 1764114
        },
        "2015-05": {
            "month": "2015-05",
            "price": "461.90",
            "revenue": 1844852
        },
        "2015-06": {
            "month": "2015-06",
            "price": "484.17",
            "revenue": 1868364
        },
        "2015-07": {
            "month": "2015-07",
            "price": "470.16",
            "revenue": 1883063
        },
        "2015-08": {
            "month": "2015-08",
            "price": "391.45",
            "revenue": 2003613
        },
        "2015-09": {
            "month": "2015-09",
            "price": "376.98",
            "revenue": 1831064
        },
        "2015-10": {
            "month": "2015-10",
            "price": "364.86",
            "revenue": 1848570
        },
        "2015-11": {
            "month": "2015-11",
            "price": "332.50",
            "revenue": 1983305
        },
        "2015-12": {
            "month": "2015-12",
            "price": "324.96",
            "revenue": 2137964
        },
        "2016-01": {
            "month": "2016-01",
            "price": "299.29",
            "revenue": 2356475
        },
        "2016-02": {
            "month": "2016-02",
            "price": "334.54",
            "revenue": 2235424
        },
        "2016-03": {
            "month": "2016-03",
            "price": "349.76",
            "revenue": 2181180
        },
        "2016-04": {
            "month": "2016-04",
            "price": "349.37",
            "revenue": 1944313
        },
        "2016-05": {
            "month": "2016-05",
            "price": "363.50",
            "revenue": 2033092
        },
        "2016-06": {
            "month": "2016-06",
            "price": "359.83",
            "revenue": 2020319
        },
        "2016-07": {
            "month": "2016-07",
            "price": "342.70",
            "revenue": 2081584
        },
        "2016-08": {
            "month": "2016-08",
            "price": "350.83",
            "revenue": 2231943
        },
        "2016-09": {
            "month": "2016-09",
            "price": "353.92",
            "revenue": 2020506
        },
        "2016-10": {
            "month": "2016-10",
            "price": "364.80",
            "revenue": 2076483
        },
        "2016-11": {
            "month": "2016-11",
            "price": "299.48",
            "revenue": 2262117
        },
        "2016-12": {
            "month": "2016-12",
            "price": "268.75",
            "revenue": 2299124
        },
        "2017-01": {
            "month": "2017-01",
            "price": "278.78",
            "revenue": 2441992
        },
        "2017-02": {
            "month": "2017-02",
            "price": "234.67",
            "revenue": 2197150
        },
        "2017-03": {
            "month": "2017-03",
            "price": "236.70",
            "revenue": 2285166
        },
        "2017-04": {
            "month": "2017-04",
            "price": "258.89",
            "revenue": 2133918
        },
        "2017-05": {
            "month": "2017-05",
            "price": "240.08",
            "revenue": 2389852
        },
        "2017-06": {
            "month": "2017-06",
            "price": "247.04",
            "revenue": 2333115
        },
        "2017-07": {
            "month": "2017-07",
            "price": "228.05",
            "revenue": 2371528
        },
        "2017-08": {
            "month": "2017-08",
            "price": "191.96",
            "revenue": 2564952
        },
        "2017-09": {
            "month": "2017-09",
            "price": "172.59",
            "revenue": 2362343
        },
        "2017-10": {
            "month": "2017-10",
            "price": "164.29",
            "revenue": 2297508
        },
        "2017-11": {
            "month": "2017-11",
            "price": "135.23",
            "revenue": 3248016
        },
        "2017-12": {
            "month": "2017-12",
            "price": "132.95",
            "revenue": 2789637
        },
        "2018-01": {
            "month": "2018-01",
            "price": "148.86",
            "revenue": 2716246
        },
        "2018-02": {
            "month": "2018-02",
            "price": "151.31",
            "revenue": 2805586
        },
        "2018-03": {
            "month": "2018-03",
            "price": "171.20",
            "revenue": 2673320
        },
        "2018-04": {
            "month": "2018-04",
            "price": "149.94",
            "revenue": 2384290
        },
        "2018-05": {
            "month": "2018-05",
            "price": "139.00",
            "revenue": 2658159
        },
        "2018-06": {
            "month": "2018-06",
            "price": "143.75",
            "revenue": 2796005
        },
        "2018-07": {
            "month": "2018-07",
            "price": "137.61",
            "revenue": 2678935
        },
        "2018-08": {
            "month": "2018-08",
            "price": "136.70",
            "revenue": 2825841
        },
        "2018-09": {
            "month": "2018-09",
            "price": "139.87",
            "revenue": 2711216
        },
        "2018-10": {
            "month": "2018-10",
            "price": "139.52",
            "revenue": 2843450
        },
        "2018-11": {
            "month": "2018-11",
            "price": "142.91",
            "revenue": 4272969
        },
        "2018-12": {
            "month": "2018-12",
            "price": "137.50",
            "revenue": 3228591
        },
        "2019-01": {
            "month": "2019-01",
            "price": "129.19",
            "revenue": 3430126
        },
        "2019-02": {
            "month": "2019-02",
            "price": "140.46",
            "revenue": 2772890
        },
        "2019-03": {
            "month": "2019-03",
            "price": "140.60",
            "revenue": 2999193
        },
        "2019-04": {
            "month": "2019-04",
            "price": "131.75",
            "revenue": 2814515
        },
        "2019-05": {
            "month": "2019-05",
            "price": "126.39",
            "revenue": 3042948
        },
        "2019-06": {
            "month": "2019-06",
            "price": "118.11",
            "revenue": 2969724
        },
        "2019-07": {
            "month": "2019-07",
            "price": "143.11",
            "revenue": 3064562
        },
        "2019-08": {
            "month": "2019-08",
            "price": "135.00",
            "revenue": 3368252
        },
        "2019-09": {
            "month": "2019-09",
            "price": "133.95",
            "revenue": 3021496
        },
        "2019-10": {
            "month": "2019-10",
            "price": "132.29",
            "revenue": 3039126
        },
        "2019-11": {
            "month": "2019-11",
            "price": "121.10",
            "revenue": 4690857
        },
        "2019-12": {
            "month": "2019-12",
            "price": "103.30",
            "revenue": 3669891
        },
        "2020-01": {
            "month": "2020-01",
            "price": "92.91",
            "revenue": 3619489
        },
        "2020-02": {
            "month": "2020-02",
            "price": "107.48",
            "revenue": 3520931
        },
        "2020-03": {
            "month": "2020-03",
            "price": "84.23",
            "revenue": 3539098
        },
        "2020-04": {
            "month": "2020-04",
            "price": "85.86",
            "revenue": 3139937
        },
        "2020-05": {
            "month": "2020-05",
            "price": "105.64",
            "revenue": 3567310
        },
        "2020-06": {
            "month": "2020-06",
            "price": "116.02",
            "revenue": 3586376
        },
        "2020-07": {
            "month": "2020-07",
            "price": "128.57",
            "revenue": 3447881
        },
        "2020-08": {
            "month": "2020-08",
            "price": "114.81",
            "revenue": 3863026
        },
        "2020-09": {
            "month": "2020-09",
            "price": "107.11",
            "revenue": 3001761
        },
        "2020-10": {
            "month": "2020-10",
            "price": "98.34",
            "revenue": 3150004
        },
        "2020-11": {
            "month": "2020-11",
            "price": "92.35",
            "revenue": 5262738
        },
        "2020-12": {
            "month": "2020-12",
            "price": "88.47",
            "revenue": 4171301
        },
        "2021-01": {
            "month": "2021-01",
            "price": "87.70",
            "revenue": 4155260
        },
        "2021-02": {
            "month": "2021-02",
            "price": "83.21",
            "revenue": 3555490
        },
        "2021-03": {
            "month": "2021-03",
            "price": "84.92",
            "revenue": 3779600
        },
        "2021-04": {
            "month": "2021-04",
            "price": "86.10",
            "revenue": 3410554
        },
        "2021-05": {
            "month": "2021-05",
            "price": "98.06",
            "revenue": 4035233
        },
        "2021-06": {
            "month": "2021-06",
            "price": "105.11",
            "revenue": 4286579
        },
        "2021-07": {
            "month": "2021-07",
            "price": "127.39",
            "revenue": 3974840
        },
        "2021-08": {
            "month": "2021-08",
            "price": "115.05",
            "revenue": 3876511
        },
        "2021-09": {
            "month": "2021-09",
            "price": "118.92",
            "revenue": 3558747
        },
        "2021-10": {
            "month": "2021-10",
            "price": "122.18",
            "revenue": 4128309
        },
        "2021-11": {
            "month": "2021-11",
            "price": "142.61",
            "revenue": 5608122
        },
        "2021-12": {
            "month": "2021-12",
            "price": "127.73",
            "revenue": 4243586
        },
        "2022-01": {
            "month": "2022-01",
            "price": "120.78",
            "revenue": 4271731
        },
        "2022-02": {
            "month": "2022-02",
            "price": "116.43",
            "revenue": 3699725
        },
        "2022-03": {
            "month": "2022-03",
            "price": "86.01",
            "revenue": 3738022
        },
        "2022-04": {
            "month": "2022-04",
            "price": "85.79",
            "revenue": 3411043
        },
        "2022-05": {
            "month": "2022-05",
            "price": "72.99",
            "revenue": 3907970
        },
        "2022-06": {
            "month": "2022-06",
            "price": "71.13",
            "revenue": 3860843
        },
        "2022-07": {
            "month": "2022-07",
            "price": "68.27",
            "revenue": 3306442
        },
        "2022-08": {
            "month": "2022-08",
            "price": "60.15",
            "revenue": 3293435
        },
        "2022-09": {
            "month": "2022-09",
            "price": "53.05",
            "revenue": 3416173
        },
        "2022-10": {
            "month": "2022-10",
            "price": "46.68",
            "revenue": 3698976
        },
        "2022-11": {
            "month": "2022-11",
            "price": "50.75",
            "revenue": 5276959
        },
        "2022-12": {
            "month": "2022-12",
            "price": "53.80",
            "revenue": 4257312
        },
        "2023-01": {
            "month": "2023-01",
            "price": "62.99",
            "revenue": 3555655
        },
        "2023-02": {
            "month": "2023-02",
            "price": "67.09",
            "revenue": 3307000
        },
        "2023-03": {
            "month": "2023-03",
            "price": "63.50",
            "revenue": 3293245
        },
        "2023-04": {
            "month": "2023-04",
            "price": "60.79",
            "revenue": 2762055
        },
        "2023-05": {
            "month": "2023-05",
            "price": "53.14",
            "revenue": 3190101
        },
        "2023-06": {
            "month": "2023-06",
            "price": "52.26",
            "revenue": 3077513
        },
        "2023-07": {
            "month": "2023-07",
            "price": "47.09",
            "revenue": 3001478
        },
        "2023-08": {
            "month": "2023-08",
            "price": "42.39",
            "revenue": 3267138
        },
        "2023-09": {
            "month": "2023-09",
            "price": "42.94",
            "revenue": 3437275
        },
        "2023-10": {
            "month": "2023-10",
            "price": "43.63",
            "revenue": 3572919
        },
        "2023-11": {
            "month": "2023-11",
            "price": "44.92",
            "revenue": 4861914
        },
        "2023-12": {
            "month": "2023-12",
            "price": "44.94",
            "revenue": 3751733
        },
        "2024-01": {
            "month": "2024-01",
            "price": "42.10",
            "revenue": 3511638
        },
        "2024-02": {
            "month": "2024-02",
            "price": "41.07",
            "revenue": 3161589
        }
    }
}
