{
    "summary": {
        "stock_name": "南電",
        "stock_id": "8046",
        "category": "電子零組件",
        "main_business": "CC01080電子零組件製造業<br>CC01090電池製造業<br>ZZ99999除許可業務外,得經營法令非禁止或限制之業務",
        "website_url": "http://www.nanyapcb.com.tw",
        "ceo": "湯安得",
        "pe_ratio": 22,
        "report_year_from": 2002,
        "report_year_to": 2023,
        "age": 22,
        "eps_negative_percentage": 26,
        "eps_growth_avg": {
            "last_all": -0.19,
            "last_2y": 37.79,
            "last_4y": 53.34,
            "last_8y": 11.1,
            "last_12y": 1.88,
            "last_16y": -8.54,
            "last_20y": null,
            "at_2006_last_3y": null,
            "at_2007_last_3y": null,
            "at_2008_last_3y": null,
            "at_2009_last_3y": -3.72,
            "at_2010_last_3y": -29.38,
            "at_2011_last_3y": -11.37,
            "at_2012_last_3y": -30.74,
            "at_2013_last_3y": -18.06,
            "at_2014_last_3y": -25.76,
            "at_2015_last_3y": -73.4,
            "at_2016_last_3y": -73.4,
            "at_2017_last_3y": -73.4,
            "at_2018_last_3y": -73.4,
            "at_2019_last_3y": -100,
            "at_2020_last_3y": 100,
            "at_2021_last_3y": 100,
            "at_2022_last_3y": 94.49,
            "at_2023_last_3y": 53.34,
            "at_2024_last_3y": 53.34,
            "at_2006_last_all": null,
            "at_2007_last_all": 38.22,
            "at_2008_last_all": 17.97,
            "at_2009_last_all": -3.72,
            "at_2010_last_all": -3.51,
            "at_2011_last_all": 5.16,
            "at_2012_last_all": -9.86,
            "at_2013_last_all": -9.86,
            "at_2014_last_all": -9.86,
            "at_2015_last_all": -14.48,
            "at_2016_last_all": -23.98,
            "at_2017_last_all": -23.98,
            "at_2018_last_all": -23.98,
            "at_2019_last_all": -23.98,
            "at_2020_last_all": -11.58,
            "at_2021_last_all": -1.44,
            "at_2022_last_all": 5.63,
            "at_2023_last_all": -0.19,
            "at_2024_last_all": -0.19
        },
        "latest_eps": 9,
        "latest_price": 200.5,
        "latest_roe": 11.45,
        "latest_gross_margin": 10.91,
        "latest_equity": 47907916,
        "latest_revenue": 9310894,
        "latest_gross_profit": 1016145,
        "latest_net_income": 843171,
        "latest_debt_ratio": 31.99,
        "latest_current_ratio": 268.93,
        "latest_account_receivable_turnover_ratio": 1.2,
        "latest_inventory_turnover_ratio": 1.9,
        "latest_reinvestment_rate": 71.17,
        "latest_research_to_sale_ratio": null
    },
    "eps_dividends": {
        "2001": {
            "cash": 0,
            "stock": 0,
            "eps": 0
        },
        "2002": {
            "cash": 0,
            "stock": 0,
            "eps": 0
        },
        "2003": {
            "cash": 0,
            "stock": 0,
            "eps": 0
        },
        "2004": {
            "cash": 0,
            "stock": 0,
            "eps": 0
        },
        "2005": {
            "cash": 0.7,
            "stock": 0.6,
            "eps": 7.79
        },
        "2006": {
            "cash": 6,
            "stock": 0,
            "eps": 18.34
        },
        "2007": {
            "cash": 15.19,
            "stock": 0.26,
            "eps": 14.02
        },
        "2008": {
            "cash": 12.54,
            "stock": 0,
            "eps": 10.86
        },
        "2009": {
            "cash": 7.1,
            "stock": 0.2,
            "eps": 3.39
        },
        "2010": {
            "cash": 5.4,
            "stock": 0,
            "eps": 3.3
        },
        "2011": {
            "cash": 2.38,
            "stock": 0.3,
            "eps": 4.9
        },
        "2012": {
            "cash": 0,
            "stock": 0,
            "eps": -3.19
        },
        "2013": {
            "cash": 0,
            "stock": 0,
            "eps": -1.29
        },
        "2014": {
            "cash": 0,
            "stock": 0,
            "eps": 2.5
        },
        "2015": {
            "cash": 1.3,
            "stock": 0,
            "eps": 1.33
        },
        "2016": {
            "cash": 1,
            "stock": 0,
            "eps": -1.08
        },
        "2017": {
            "cash": 0.8,
            "stock": 0,
            "eps": -3.03
        },
        "2018": {
            "cash": 0.5,
            "stock": 0,
            "eps": -0.91
        },
        "2019": {
            "cash": 0.7,
            "stock": 0,
            "eps": 0.47
        },
        "2020": {
            "cash": 0.7,
            "stock": 0,
            "eps": 5.68
        },
        "2021": {
            "cash": 3.4,
            "stock": 0,
            "eps": 16.38
        },
        "2022": {
            "cash": 10,
            "stock": 0,
            "eps": 30.05
        },
        "2023": {
            "cash": 18,
            "stock": 0,
            "eps": 8.99
        },
        "2024": {
            "cash": 5.5,
            "stock": 0,
            "eps": 0
        }
    },
    "dividends": {
        "2005-03-25": {
            "cash": 0.7,
            "stock": 0.6
        },
        "2006-04-03": {
            "cash": 6,
            "stock": 0
        },
        "2007-03-16": {
            "cash": 15.19,
            "stock": 0.26
        },
        "2008-03-24": {
            "cash": 12.54,
            "stock": 0
        },
        "2009-03-26": {
            "cash": 7.1,
            "stock": 0.2
        },
        "2010-03-25": {
            "cash": 5.4,
            "stock": 0
        },
        "2011-01-01": {
            "cash": 2,
            "stock": 0
        },
        "2011-03-22": {
            "cash": 0.38,
            "stock": 0.3
        },
        "2015-08-14": {
            "cash": 1.3,
            "stock": 0
        },
        "2016-08-03": {
            "cash": 1,
            "stock": 0
        },
        "2017-08-18": {
            "cash": 0.8,
            "stock": 0
        },
        "2018-08-02": {
            "cash": 0.5,
            "stock": 0
        },
        "2019-08-12": {
            "cash": 0.7,
            "stock": 0
        },
        "2020-08-12": {
            "cash": 0.7,
            "stock": 0
        },
        "2021-09-01": {
            "cash": 3.4,
            "stock": 0
        },
        "2022-08-02": {
            "cash": 10,
            "stock": 0
        },
        "2023-07-19": {
            "cash": 18,
            "stock": 0
        },
        "2024-02-29": {
            "cash": 5.5,
            "stock": 0
        }
    },
    "prices": {
        "200101": "無",
        "200102": "無",
        "200103": "無",
        "200104": "無",
        "200105": "無",
        "200106": "無",
        "200107": "無",
        "200108": "無",
        "200109": "無",
        "200110": "無",
        "200111": "無",
        "200112": "無",
        "200201": "無",
        "200202": "無",
        "200203": "無",
        "200204": "無",
        "200205": "無",
        "200206": "無",
        "200207": "無",
        "200208": "無",
        "200209": "無",
        "200210": "無",
        "200211": "無",
        "200212": "無",
        "200301": "無",
        "200302": "無",
        "200303": "無",
        "200304": "無",
        "200305": "無",
        "200306": "無",
        "200307": "無",
        "200308": "無",
        "200309": "35.31",
        "200310": "36.07",
        "200311": "37.43",
        "200312": "37.67",
        "200401": "39.12",
        "200402": "40.54",
        "200403": "38.67",
        "200404": "37.52",
        "200405": "35.00",
        "200406": "35.50",
        "200407": "33.40",
        "200408": "32.00",
        "200409": "30.69",
        "200410": "29.10",
        "200411": "28.64",
        "200412": "28.67",
        "200501": "27.86",
        "200502": "27.11",
        "200503": "34.91",
        "200504": "41.12",
        "200505": "45.61",
        "200506": "50.61",
        "200507": "50.09",
        "200508": "74.86",
        "200509": "82.94",
        "200510": "99.04",
        "200511": "110.50",
        "200512": "186.14",
        "200601": "273.21",
        "200602": "286.38",
        "200603": "299.65",
        "200604": "353.50",
        "200605": "314.07",
        "200606": "261.77",
        "200607": "237.64",
        "200608": "240.46",
        "200609": "249.57",
        "200610": "222.12",
        "200611": "222.25",
        "200612": "224.24",
        "200701": "227.89",
        "200702": "211.25",
        "200703": "221.59",
        "200704": "209.30",
        "200705": "190.86",
        "200706": "192.32",
        "200707": "216.14",
        "200708": "213.52",
        "200709": "205.17",
        "200710": "206.50",
        "200711": "206.45",
        "200712": "221.81",
        "200801": "175.61",
        "200802": "150.43",
        "200803": "143.55",
        "200804": "152.83",
        "200805": "163.02",
        "200806": "157.67",
        "200807": "141.41",
        "200808": "147.74",
        "200809": "123.01",
        "200810": "81.25",
        "200811": "72.85",
        "200812": "67.88",
        "200901": "66.83",
        "200902": "64.51",
        "200903": "83.79",
        "200904": "90.45",
        "200905": "99.99",
        "200906": "89.63",
        "200907": "98.50",
        "200908": "110.18",
        "200909": "117.20",
        "200910": "108.16",
        "200911": "103.82",
        "200912": "119.00",
        "201001": "134.90",
        "201002": "124.43",
        "201003": "125.52",
        "201004": "132.00",
        "201005": "138.05",
        "201006": "134.07",
        "201007": "138.73",
        "201008": "119.93",
        "201009": "110.95",
        "201010": "118.62",
        "201011": "111.30",
        "201012": "111.48",
        "201101": "108.38",
        "201102": "104.79",
        "201103": "96.95",
        "201104": "94.79",
        "201105": "107.94",
        "201106": "113.12",
        "201107": "102.31",
        "201108": "94.25",
        "201109": "93.42",
        "201110": "86.02",
        "201111": "77.93",
        "201112": "63.36",
        "201201": "64.27",
        "201202": "72.75",
        "201203": "69.23",
        "201204": "59.65",
        "201205": "51.32",
        "201206": "46.94",
        "201207": "47.89",
        "201208": "50.28",
        "201209": "48.27",
        "201210": "41.82",
        "201211": "34.30",
        "201212": "35.70",
        "201301": "36.11",
        "201302": "35.23",
        "201303": "33.47",
        "201304": "32.43",
        "201305": "35.62",
        "201306": "41.28",
        "201307": "40.55",
        "201308": "33.52",
        "201309": "36.35",
        "201310": "38.33",
        "201311": "36.12",
        "201312": "35.38",
        "201401": "37.57",
        "201402": "36.22",
        "201403": "37.11",
        "201404": "39.17",
        "201405": "45.91",
        "201406": "51.04",
        "201407": "49.14",
        "201408": "51.68",
        "201409": "48.69",
        "201410": "43.61",
        "201411": "40.53",
        "201412": "40.89",
        "201501": "42.52",
        "201502": "43.88",
        "201503": "48.44",
        "201504": "54.83",
        "201505": "54.55",
        "201506": "43.84",
        "201507": "34.79",
        "201508": "26.99",
        "201509": "31.13",
        "201510": "33.48",
        "201511": "33.80",
        "201512": "34.94",
        "201601": "31.84",
        "201602": "33.05",
        "201603": "34.36",
        "201604": "31.66",
        "201605": "29.64",
        "201606": "29.28",
        "201607": "28.63",
        "201608": "27.11",
        "201609": "25.78",
        "201610": "24.43",
        "201611": "23.65",
        "201612": "24.39",
        "201701": "24.78",
        "201702": "25.47",
        "201703": "25.26",
        "201704": "26.51",
        "201705": "25.58",
        "201706": "25.05",
        "201707": "24.82",
        "201708": "24.05",
        "201709": "24.58",
        "201710": "25.38",
        "201711": "26.70",
        "201712": "26.09",
        "201801": "26.61",
        "201802": "26.38",
        "201803": "32.63",
        "201804": "29.57",
        "201805": "25.71",
        "201806": "26.98",
        "201807": "26.74",
        "201808": "28.60",
        "201809": "31.45",
        "201810": "26.25",
        "201811": "29.80",
        "201812": "35.70",
        "201901": "35.10",
        "201902": "37.67",
        "201903": "40.05",
        "201904": "48.64",
        "201905": "39.92",
        "201906": "36.66",
        "201907": "41.38",
        "201908": "40.35",
        "201909": "45.97",
        "201910": "52.74",
        "201911": "53.08",
        "201912": "48.57",
        "202001": "47.36",
        "202002": "48.50",
        "202003": "49.58",
        "202004": "62.18",
        "202005": "64.04",
        "202006": "65.88",
        "202007": "87.77",
        "202008": "126.40",
        "202009": "127.45",
        "202010": "122.24",
        "202011": "139.00",
        "202012": "175.37",
        "202101": "223.75",
        "202102": "275.88",
        "202103": "304.91",
        "202104": "325.58",
        "202105": "304.50",
        "202106": "361.05",
        "202107": "409.41",
        "202108": "390.68",
        "202109": "441.02",
        "202110": "431.68",
        "202111": "558.36",
        "202112": "576.95",
        "202201": "528.14",
        "202202": "516.40",
        "202203": "504.30",
        "202204": "452.50",
        "202205": "395.74",
        "202206": "326.14",
        "202207": "253.76",
        "202208": "263.24",
        "202209": "221.93",
        "202210": "199.22",
        "202211": "249.18",
        "202212": "263.09",
        "202301": "232.92",
        "202302": "244.42",
        "202303": "266.67",
        "202304": "266.62",
        "202305": "287.34",
        "202306": "283.35",
        "202307": "258.43",
        "202308": "239.48",
        "202309": "259.35",
        "202310": "248.18",
        "202311": "237.25",
        "202312": "248.76",
        "202401": "227.16",
        "202402": "223.81",
        "202403": "206.86",
        "202404": "無"
    },
    "quarters": {
        "20011": {
            "year_quarter": 20011,
            "year": 2001,
            "quarter": 1,
            "eps": null,
            "eps_growth_year": null,
            "eps_4q": null,
            "eps_4q_growth_year": null,
            "roe": null,
            "roe_4q": 0,
            "gross_profit": null,
            "gross_margin": null,
            "gross_margin_4q_avg": 0,
            "net_income": null,
            "net_income_4q": null,
            "revenue": null,
            "revenue_4q": null,
            "common_shares": null,
            "book_valuer_per_share": null,
            "book_valuer_per_share_4q_avg": 0,
            "equity": null,
            "current_ratio": null,
            "debt_ratio": null,
            "inventory_turnover_ratio": null,
            "account_receivable_turnover_ratio": null,
            "reinvestment_rate": null,
            "research_to_sale_ratio": null,
            "price_fair": 0,
            "eps_avg_yearly": 0,
            "eps_latest_yearly": 0,
            "eps_growth_yearly": 0
        },
        "20012": {
            "year_quarter": 20012,
            "year": 2001,
            "quarter": 2,
            "eps": null,
            "eps_growth_year": null,
            "eps_4q": null,
            "eps_4q_growth_year": null,
            "roe": null,
            "roe_4q": 0,
            "gross_profit": null,
            "gross_margin": null,
            "gross_margin_4q_avg": 0,
            "net_income": null,
            "net_income_4q": null,
            "revenue": null,
            "revenue_4q": null,
            "common_shares": null,
            "book_valuer_per_share": null,
            "book_valuer_per_share_4q_avg": 0,
            "equity": null,
            "current_ratio": null,
            "debt_ratio": null,
            "inventory_turnover_ratio": null,
            "account_receivable_turnover_ratio": null,
            "reinvestment_rate": null,
            "research_to_sale_ratio": null,
            "price_fair": 0,
            "eps_avg_yearly": 0,
            "eps_latest_yearly": 0,
            "eps_growth_yearly": 0
        },
        "20013": {
            "year_quarter": 20013,
            "year": 2001,
            "quarter": 3,
            "eps": null,
            "eps_growth_year": null,
            "eps_4q": null,
            "eps_4q_growth_year": null,
            "roe": null,
            "roe_4q": 0,
            "gross_profit": null,
            "gross_margin": null,
            "gross_margin_4q_avg": 0,
            "net_income": null,
            "net_income_4q": null,
            "revenue": null,
            "revenue_4q": null,
            "common_shares": null,
            "book_valuer_per_share": null,
            "book_valuer_per_share_4q_avg": 0,
            "equity": null,
            "current_ratio": null,
            "debt_ratio": null,
            "inventory_turnover_ratio": null,
            "account_receivable_turnover_ratio": null,
            "reinvestment_rate": null,
            "research_to_sale_ratio": null,
            "price_fair": 0,
            "eps_avg_yearly": 0,
            "eps_latest_yearly": 0,
            "eps_growth_yearly": 0
        },
        "20014": {
            "year_quarter": 20014,
            "year": 2001,
            "quarter": 4,
            "eps": null,
            "eps_growth_year": null,
            "eps_4q": null,
            "eps_4q_growth_year": null,
            "roe": null,
            "roe_4q": 0,
            "gross_profit": null,
            "gross_margin": null,
            "gross_margin_4q_avg": 0,
            "net_income": null,
            "net_income_4q": null,
            "revenue": null,
            "revenue_4q": null,
            "common_shares": 4640000,
            "book_valuer_per_share": 18.61,
            "book_valuer_per_share_4q_avg": 4.65,
            "equity": 8633181,
            "current_ratio": 119.44,
            "debt_ratio": 32.95,
            "inventory_turnover_ratio": null,
            "account_receivable_turnover_ratio": null,
            "reinvestment_rate": null,
            "research_to_sale_ratio": null,
            "price_fair": 0,
            "eps_avg_yearly": 0,
            "eps_latest_yearly": 0,
            "eps_growth_yearly": 0
        },
        "20021": {
            "year_quarter": 20021,
            "year": 2002,
            "quarter": 1,
            "eps": null,
            "eps_growth_year": null,
            "eps_4q": null,
            "eps_4q_growth_year": null,
            "roe": null,
            "roe_4q": 0,
            "gross_profit": null,
            "gross_margin": null,
            "gross_margin_4q_avg": 0,
            "net_income": null,
            "net_income_4q": null,
            "revenue": null,
            "revenue_4q": null,
            "common_shares": null,
            "book_valuer_per_share": null,
            "book_valuer_per_share_4q_avg": 4.65,
            "equity": null,
            "current_ratio": null,
            "debt_ratio": null,
            "inventory_turnover_ratio": null,
            "account_receivable_turnover_ratio": null,
            "reinvestment_rate": null,
            "research_to_sale_ratio": null,
            "price_fair": 0,
            "eps_avg_yearly": 0,
            "eps_latest_yearly": 0,
            "eps_growth_yearly": 0
        },
        "20022": {
            "year_quarter": 20022,
            "year": 2002,
            "quarter": 2,
            "eps": null,
            "eps_growth_year": null,
            "eps_4q": null,
            "eps_4q_growth_year": null,
            "roe": null,
            "roe_4q": 0,
            "gross_profit": null,
            "gross_margin": null,
            "gross_margin_4q_avg": 0,
            "net_income": null,
            "net_income_4q": null,
            "revenue": null,
            "revenue_4q": null,
            "common_shares": null,
            "book_valuer_per_share": null,
            "book_valuer_per_share_4q_avg": 4.65,
            "equity": null,
            "current_ratio": null,
            "debt_ratio": null,
            "inventory_turnover_ratio": null,
            "account_receivable_turnover_ratio": null,
            "reinvestment_rate": null,
            "research_to_sale_ratio": null,
            "price_fair": 0,
            "eps_avg_yearly": 0,
            "eps_latest_yearly": 0,
            "eps_growth_yearly": 0
        },
        "20023": {
            "year_quarter": 20023,
            "year": 2002,
            "quarter": 3,
            "eps": null,
            "eps_growth_year": null,
            "eps_4q": null,
            "eps_4q_growth_year": null,
            "roe": null,
            "roe_4q": 0,
            "gross_profit": null,
            "gross_margin": null,
            "gross_margin_4q_avg": 0,
            "net_income": null,
            "net_income_4q": null,
            "revenue": null,
            "revenue_4q": null,
            "common_shares": null,
            "book_valuer_per_share": null,
            "book_valuer_per_share_4q_avg": 4.65,
            "equity": null,
            "current_ratio": null,
            "debt_ratio": null,
            "inventory_turnover_ratio": null,
            "account_receivable_turnover_ratio": null,
            "reinvestment_rate": null,
            "research_to_sale_ratio": null,
            "price_fair": 0,
            "eps_avg_yearly": 0,
            "eps_latest_yearly": 0,
            "eps_growth_yearly": 0
        },
        "20024": {
            "year_quarter": 20024,
            "year": 2002,
            "quarter": 4,
            "eps": null,
            "eps_growth_year": null,
            "eps_4q": null,
            "eps_4q_growth_year": null,
            "roe": null,
            "roe_4q": 0,
            "gross_profit": null,
            "gross_margin": null,
            "gross_margin_4q_avg": 0,
            "net_income": null,
            "net_income_4q": null,
            "revenue": null,
            "revenue_4q": null,
            "common_shares": 4825600,
            "book_valuer_per_share": 17.7,
            "book_valuer_per_share_4q_avg": 4.43,
            "equity": 8543088,
            "current_ratio": 185.35,
            "debt_ratio": 45.91,
            "inventory_turnover_ratio": null,
            "account_receivable_turnover_ratio": null,
            "reinvestment_rate": null,
            "research_to_sale_ratio": null,
            "price_fair": 0,
            "eps_avg_yearly": 0,
            "eps_latest_yearly": 0,
            "eps_growth_yearly": 0
        },
        "20031": {
            "year_quarter": 20031,
            "year": 2003,
            "quarter": 1,
            "eps": null,
            "eps_growth_year": null,
            "eps_4q": null,
            "eps_4q_growth_year": null,
            "roe": null,
            "roe_4q": 0,
            "gross_profit": null,
            "gross_margin": null,
            "gross_margin_4q_avg": 0,
            "net_income": null,
            "net_income_4q": null,
            "revenue": null,
            "revenue_4q": null,
            "common_shares": null,
            "book_valuer_per_share": null,
            "book_valuer_per_share_4q_avg": 4.43,
            "equity": null,
            "current_ratio": null,
            "debt_ratio": null,
            "inventory_turnover_ratio": null,
            "account_receivable_turnover_ratio": null,
            "reinvestment_rate": null,
            "research_to_sale_ratio": null,
            "price_fair": 0,
            "eps_avg_yearly": 0,
            "eps_latest_yearly": 0,
            "eps_growth_yearly": 0
        },
        "20032": {
            "year_quarter": 20032,
            "year": 2003,
            "quarter": 2,
            "eps": null,
            "eps_growth_year": null,
            "eps_4q": null,
            "eps_4q_growth_year": null,
            "roe": null,
            "roe_4q": 0,
            "gross_profit": null,
            "gross_margin": null,
            "gross_margin_4q_avg": 0,
            "net_income": null,
            "net_income_4q": null,
            "revenue": null,
            "revenue_4q": null,
            "common_shares": null,
            "book_valuer_per_share": null,
            "book_valuer_per_share_4q_avg": 4.43,
            "equity": null,
            "current_ratio": null,
            "debt_ratio": null,
            "inventory_turnover_ratio": null,
            "account_receivable_turnover_ratio": null,
            "reinvestment_rate": null,
            "research_to_sale_ratio": null,
            "price_fair": 0,
            "eps_avg_yearly": 0,
            "eps_latest_yearly": 0,
            "eps_growth_yearly": 0
        },
        "20033": {
            "year_quarter": 20033,
            "year": 2003,
            "quarter": 3,
            "eps": null,
            "eps_growth_year": null,
            "eps_4q": null,
            "eps_4q_growth_year": null,
            "roe": null,
            "roe_4q": 0,
            "gross_profit": null,
            "gross_margin": null,
            "gross_margin_4q_avg": 0,
            "net_income": null,
            "net_income_4q": null,
            "revenue": null,
            "revenue_4q": null,
            "common_shares": null,
            "book_valuer_per_share": null,
            "book_valuer_per_share_4q_avg": 4.43,
            "equity": null,
            "current_ratio": null,
            "debt_ratio": null,
            "inventory_turnover_ratio": null,
            "account_receivable_turnover_ratio": null,
            "reinvestment_rate": null,
            "research_to_sale_ratio": null,
            "price_fair": 0,
            "eps_avg_yearly": 0,
            "eps_latest_yearly": 0,
            "eps_growth_yearly": 0
        },
        "20034": {
            "year_quarter": 20034,
            "year": 2003,
            "quarter": 4,
            "eps": null,
            "eps_growth_year": null,
            "eps_4q": null,
            "eps_4q_growth_year": null,
            "roe": null,
            "roe_4q": 0,
            "gross_profit": null,
            "gross_margin": null,
            "gross_margin_4q_avg": 0,
            "net_income": null,
            "net_income_4q": null,
            "revenue": null,
            "revenue_4q": null,
            "common_shares": 4825600,
            "book_valuer_per_share": 18.18,
            "book_valuer_per_share_4q_avg": 4.55,
            "equity": 8771179,
            "current_ratio": 192.89,
            "debt_ratio": 48.32,
            "inventory_turnover_ratio": null,
            "account_receivable_turnover_ratio": null,
            "reinvestment_rate": null,
            "research_to_sale_ratio": null,
            "price_fair": 0,
            "eps_avg_yearly": 0,
            "eps_latest_yearly": 0,
            "eps_growth_yearly": 0
        },
        "20041": {
            "year_quarter": 20041,
            "year": 2004,
            "quarter": 1,
            "eps": null,
            "eps_growth_year": null,
            "eps_4q": null,
            "eps_4q_growth_year": null,
            "roe": null,
            "roe_4q": 0,
            "gross_profit": null,
            "gross_margin": null,
            "gross_margin_4q_avg": 0,
            "net_income": null,
            "net_income_4q": null,
            "revenue": null,
            "revenue_4q": null,
            "common_shares": null,
            "book_valuer_per_share": null,
            "book_valuer_per_share_4q_avg": 4.55,
            "equity": null,
            "current_ratio": null,
            "debt_ratio": null,
            "inventory_turnover_ratio": null,
            "account_receivable_turnover_ratio": null,
            "reinvestment_rate": null,
            "research_to_sale_ratio": null,
            "price_fair": 0,
            "eps_avg_yearly": 0,
            "eps_latest_yearly": 0,
            "eps_growth_yearly": 0
        },
        "20042": {
            "year_quarter": 20042,
            "year": 2004,
            "quarter": 2,
            "eps": null,
            "eps_growth_year": null,
            "eps_4q": null,
            "eps_4q_growth_year": null,
            "roe": null,
            "roe_4q": 0,
            "gross_profit": null,
            "gross_margin": null,
            "gross_margin_4q_avg": 0,
            "net_income": null,
            "net_income_4q": null,
            "revenue": null,
            "revenue_4q": null,
            "common_shares": null,
            "book_valuer_per_share": null,
            "book_valuer_per_share_4q_avg": 4.55,
            "equity": null,
            "current_ratio": null,
            "debt_ratio": null,
            "inventory_turnover_ratio": null,
            "account_receivable_turnover_ratio": null,
            "reinvestment_rate": null,
            "research_to_sale_ratio": null,
            "price_fair": 0,
            "eps_avg_yearly": 0,
            "eps_latest_yearly": 0,
            "eps_growth_yearly": 0
        },
        "20043": {
            "year_quarter": 20043,
            "year": 2004,
            "quarter": 3,
            "eps": null,
            "eps_growth_year": null,
            "eps_4q": null,
            "eps_4q_growth_year": null,
            "roe": null,
            "roe_4q": 0,
            "gross_profit": null,
            "gross_margin": null,
            "gross_margin_4q_avg": 0,
            "net_income": null,
            "net_income_4q": null,
            "revenue": null,
            "revenue_4q": null,
            "common_shares": null,
            "book_valuer_per_share": null,
            "book_valuer_per_share_4q_avg": 4.55,
            "equity": null,
            "current_ratio": null,
            "debt_ratio": null,
            "inventory_turnover_ratio": null,
            "account_receivable_turnover_ratio": null,
            "reinvestment_rate": null,
            "research_to_sale_ratio": null,
            "price_fair": 0,
            "eps_avg_yearly": 0,
            "eps_latest_yearly": 0,
            "eps_growth_yearly": 0
        },
        "20044": {
            "year_quarter": 20044,
            "year": 2004,
            "quarter": 4,
            "eps": null,
            "eps_growth_year": null,
            "eps_4q": null,
            "eps_4q_growth_year": null,
            "roe": null,
            "roe_4q": 0,
            "gross_profit": null,
            "gross_margin": null,
            "gross_margin_4q_avg": 0,
            "net_income": null,
            "net_income_4q": null,
            "revenue": null,
            "revenue_4q": null,
            "common_shares": 4873856,
            "book_valuer_per_share": 18.98,
            "book_valuer_per_share_4q_avg": 4.75,
            "equity": 9249896,
            "current_ratio": 155.54,
            "debt_ratio": 50.52,
            "inventory_turnover_ratio": null,
            "account_receivable_turnover_ratio": null,
            "reinvestment_rate": null,
            "research_to_sale_ratio": null,
            "price_fair": 0,
            "eps_avg_yearly": 0,
            "eps_latest_yearly": 0,
            "eps_growth_yearly": 0
        },
        "20051": {
            "year_quarter": 20051,
            "year": 2005,
            "quarter": 1,
            "eps": 0.74,
            "eps_growth_year": null,
            "eps_4q": null,
            "eps_4q_growth_year": null,
            "roe": 3.85,
            "roe_4q": 3.85,
            "gross_profit": 511851,
            "gross_margin": 11.2,
            "gross_margin_4q_avg": 2.8,
            "net_income": 362715,
            "net_income_4q": null,
            "revenue": 4571344,
            "revenue_4q": null,
            "common_shares": 4873856,
            "book_valuer_per_share": 19.7,
            "book_valuer_per_share_4q_avg": 9.67,
            "equity": 9602717,
            "current_ratio": 207.93,
            "debt_ratio": 40.8,
            "inventory_turnover_ratio": 1.98,
            "account_receivable_turnover_ratio": null,
            "reinvestment_rate": null,
            "research_to_sale_ratio": null,
            "price_fair": 0,
            "eps_avg_yearly": 0,
            "eps_latest_yearly": 0,
            "eps_growth_yearly": 0
        },
        "20052": {
            "year_quarter": 20052,
            "year": 2005,
            "quarter": 2,
            "eps": 1.16,
            "eps_growth_year": null,
            "eps_4q": null,
            "eps_4q_growth_year": null,
            "roe": 6.15,
            "roe_4q": 10,
            "gross_profit": 827116,
            "gross_margin": 15.57,
            "gross_margin_4q_avg": 6.69,
            "net_income": 598523,
            "net_income_4q": null,
            "revenue": 5312844,
            "revenue_4q": null,
            "common_shares": 5166287,
            "book_valuer_per_share": 19.07,
            "book_valuer_per_share_4q_avg": 14.44,
            "equity": 9854312,
            "current_ratio": 174.67,
            "debt_ratio": 43.51,
            "inventory_turnover_ratio": 2.33,
            "account_receivable_turnover_ratio": null,
            "reinvestment_rate": null,
            "research_to_sale_ratio": null,
            "price_fair": 162.4,
            "eps_avg_yearly": 4.64,
            "eps_latest_yearly": 4.64,
            "eps_growth_yearly": 227.03
        },
        "20053": {
            "year_quarter": 20053,
            "year": 2005,
            "quarter": 3,
            "eps": 2.32,
            "eps_growth_year": null,
            "eps_4q": null,
            "eps_4q_growth_year": null,
            "roe": 11.38,
            "roe_4q": 21.380000000000003,
            "gross_profit": 1370107,
            "gross_margin": 21.81,
            "gross_margin_4q_avg": 12.15,
            "net_income": 1198774,
            "net_income_4q": null,
            "revenue": 6282039,
            "revenue_4q": null,
            "common_shares": 5166287,
            "book_valuer_per_share": 21.7,
            "book_valuer_per_share_4q_avg": 19.86,
            "equity": 11208262,
            "current_ratio": 154.46,
            "debt_ratio": 39.05,
            "inventory_turnover_ratio": 2.62,
            "account_receivable_turnover_ratio": null,
            "reinvestment_rate": null,
            "research_to_sale_ratio": null,
            "price_fair": 243.6,
            "eps_avg_yearly": 6.96,
            "eps_latest_yearly": 9.28,
            "eps_growth_yearly": 313.51
        },
        "20054": {
            "year_quarter": 20054,
            "year": 2005,
            "quarter": 4,
            "eps": 3.57,
            "eps_growth_year": null,
            "eps_4q": 7.75,
            "eps_4q_growth_year": null,
            "roe": 15.17,
            "roe_4q": 36.550000000000004,
            "gross_profit": 2258341,
            "gross_margin": 28.21,
            "gross_margin_4q_avg": 19.2,
            "net_income": 1845729,
            "net_income_4q": null,
            "revenue": 8004157,
            "revenue_4q": null,
            "common_shares": 5166287,
            "book_valuer_per_share": 25.4,
            "book_valuer_per_share_4q_avg": 21.47,
            "equity": 13122370,
            "current_ratio": 140.28,
            "debt_ratio": 46.84,
            "inventory_turnover_ratio": 2.81,
            "account_receivable_turnover_ratio": null,
            "reinvestment_rate": null,
            "research_to_sale_ratio": null,
            "price_fair": 329,
            "eps_avg_yearly": 9.4,
            "eps_latest_yearly": 14.28,
            "eps_growth_yearly": 280.85
        },
        "20061": {
            "year_quarter": 20061,
            "year": 2006,
            "quarter": 1,
            "eps": 4.38,
            "eps_growth_year": 491.89,
            "eps_4q": 11.38,
            "eps_4q_growth_year": null,
            "roe": 15.98,
            "roe_4q": 48.68,
            "gross_profit": 2902446,
            "gross_margin": 34.22,
            "gross_margin_4q_avg": 24.95,
            "net_income": 2278204,
            "net_income_4q": null,
            "revenue": 8481381,
            "revenue_4q": null,
            "common_shares": 5199247,
            "book_valuer_per_share": 29.61,
            "book_valuer_per_share_4q_avg": 23.95,
            "equity": 15396844,
            "current_ratio": 212.97,
            "debt_ratio": 30.39,
            "inventory_turnover_ratio": 2.66,
            "account_receivable_turnover_ratio": null,
            "reinvestment_rate": null,
            "research_to_sale_ratio": null,
            "price_fair": 400.05,
            "eps_avg_yearly": 11.43,
            "eps_latest_yearly": 17.52,
            "eps_growth_yearly": 233.33
        },
        "20062": {
            "year_quarter": 20062,
            "year": 2006,
            "quarter": 2,
            "eps": 5.21,
            "eps_growth_year": 349.14,
            "eps_4q": 14.72,
            "eps_4q_growth_year": null,
            "roe": 11.64,
            "roe_4q": 54.17,
            "gross_profit": 3346882,
            "gross_margin": 37.06,
            "gross_margin_4q_avg": 30.33,
            "net_income": 2917028,
            "net_income_4q": null,
            "revenue": 9031391,
            "revenue_4q": null,
            "common_shares": 6003057,
            "book_valuer_per_share": 57.86,
            "book_valuer_per_share_4q_avg": 33.64,
            "equity": 34734464,
            "current_ratio": 374.9,
            "debt_ratio": 23.89,
            "inventory_turnover_ratio": 2.66,
            "account_receivable_turnover_ratio": null,
            "reinvestment_rate": null,
            "research_to_sale_ratio": null,
            "price_fair": 465.92,
            "eps_avg_yearly": 13.31,
            "eps_latest_yearly": 20.84,
            "eps_growth_yearly": 201.82
        },
        "20063": {
            "year_quarter": 20063,
            "year": 2006,
            "quarter": 3,
            "eps": 4.84,
            "eps_growth_year": 108.62,
            "eps_4q": 17.12,
            "eps_4q_growth_year": null,
            "roe": 7.68,
            "roe_4q": 50.47,
            "gross_profit": 2756862,
            "gross_margin": 29.5,
            "gross_margin_4q_avg": 32.25,
            "net_income": 2775407,
            "net_income_4q": null,
            "revenue": 9346419,
            "revenue_4q": null,
            "common_shares": 6003187,
            "book_valuer_per_share": 62.55,
            "book_valuer_per_share_4q_avg": 43.86,
            "equity": 37550771,
            "current_ratio": 455.25,
            "debt_ratio": 15.81,
            "inventory_turnover_ratio": 2.7,
            "account_receivable_turnover_ratio": null,
            "reinvestment_rate": null,
            "research_to_sale_ratio": null,
            "price_fair": 501.2,
            "eps_avg_yearly": 14.32,
            "eps_latest_yearly": 19.36,
            "eps_growth_yearly": 163.45
        },
        "20064": {
            "year_quarter": 20064,
            "year": 2006,
            "quarter": 4,
            "eps": 3.91,
            "eps_growth_year": 9.52,
            "eps_4q": 17.64,
            "eps_4q_growth_year": 127.69,
            "roe": 5.82,
            "roe_4q": 41.120000000000005,
            "gross_profit": 2730276,
            "gross_margin": 28.47,
            "gross_margin_4q_avg": 32.31,
            "net_income": 2269680,
            "net_income_4q": null,
            "revenue": 9589401,
            "revenue_4q": null,
            "common_shares": 6014487,
            "book_valuer_per_share": 67.2,
            "book_valuer_per_share_4q_avg": 54.31,
            "equity": 40416702,
            "current_ratio": 327.52,
            "debt_ratio": 23.42,
            "inventory_turnover_ratio": 2.55,
            "account_receivable_turnover_ratio": null,
            "reinvestment_rate": null,
            "research_to_sale_ratio": null,
            "price_fair": 507.8,
            "eps_avg_yearly": 14.51,
            "eps_latest_yearly": 15.64,
            "eps_growth_yearly": 129.12
        },
        "20071": {
            "year_quarter": 20071,
            "year": 2007,
            "quarter": 1,
            "eps": 3.2,
            "eps_growth_year": -26.94,
            "eps_4q": 16.45,
            "eps_4q_growth_year": 44.49,
            "roe": 4.64,
            "roe_4q": 29.78,
            "gross_profit": 1978060,
            "gross_margin": 21.66,
            "gross_margin_4q_avg": 29.17,
            "net_income": 1923149,
            "net_income_4q": null,
            "revenue": 9133591,
            "revenue_4q": null,
            "common_shares": 6015087,
            "book_valuer_per_share": 70.63,
            "book_valuer_per_share_4q_avg": 64.56,
            "equity": 42486739,
            "current_ratio": 511.75,
            "debt_ratio": 14.01,
            "inventory_turnover_ratio": 2.93,
            "account_receivable_turnover_ratio": null,
            "reinvestment_rate": null,
            "research_to_sale_ratio": null,
            "price_fair": 500.33,
            "eps_avg_yearly": 14.3,
            "eps_latest_yearly": 12.8,
            "eps_growth_yearly": 103.9
        },
        "20072": {
            "year_quarter": 20072,
            "year": 2007,
            "quarter": 2,
            "eps": 2.46,
            "eps_growth_year": -52.78,
            "eps_4q": 14.03,
            "eps_4q_growth_year": -4.7,
            "roe": 3.82,
            "roe_4q": 21.96,
            "gross_profit": 1585093,
            "gross_margin": 20.21,
            "gross_margin_4q_avg": 24.96,
            "net_income": 1482133,
            "net_income_4q": null,
            "revenue": 7841486,
            "revenue_4q": null,
            "common_shares": 6015187,
            "book_valuer_per_share": 58.45,
            "book_valuer_per_share_4q_avg": 64.71,
            "equity": 35158291,
            "current_ratio": 225.15,
            "debt_ratio": 28.96,
            "inventory_turnover_ratio": 3.05,
            "account_receivable_turnover_ratio": null,
            "reinvestment_rate": null,
            "research_to_sale_ratio": null,
            "price_fair": 483,
            "eps_avg_yearly": 13.8,
            "eps_latest_yearly": 9.84,
            "eps_growth_yearly": 82.08
        },
        "20073": {
            "year_quarter": 20073,
            "year": 2007,
            "quarter": 3,
            "eps": 3.95,
            "eps_growth_year": -18.39,
            "eps_4q": 13.19,
            "eps_4q_growth_year": -22.98,
            "roe": 6.87,
            "roe_4q": 21.15,
            "gross_profit": 2680042,
            "gross_margin": 26.64,
            "gross_margin_4q_avg": 24.25,
            "net_income": 2427260,
            "net_income_4q": null,
            "revenue": 10062007,
            "revenue_4q": null,
            "common_shares": 6015257,
            "book_valuer_per_share": 59.03,
            "book_valuer_per_share_4q_avg": 63.83,
            "equity": 35509824,
            "current_ratio": 484.41,
            "debt_ratio": 13.69,
            "inventory_turnover_ratio": 3.21,
            "account_receivable_turnover_ratio": null,
            "reinvestment_rate": null,
            "research_to_sale_ratio": null,
            "price_fair": 490,
            "eps_avg_yearly": 14,
            "eps_latest_yearly": 15.8,
            "eps_growth_yearly": 98.1
        },
        "20074": {
            "year_quarter": 20074,
            "year": 2007,
            "quarter": 4,
            "eps": 4.41,
            "eps_growth_year": 12.79,
            "eps_4q": 13.93,
            "eps_4q_growth_year": -21.04,
            "roe": 7.3,
            "roe_4q": 22.63,
            "gross_profit": 3096374,
            "gross_margin": 26.54,
            "gross_margin_4q_avg": 23.76,
            "net_income": 2702002,
            "net_income_4q": null,
            "revenue": 11666832,
            "revenue_4q": null,
            "common_shares": 6179284,
            "book_valuer_per_share": 62.32,
            "book_valuer_per_share_4q_avg": 62.61,
            "equity": 38509470,
            "current_ratio": 325.54,
            "debt_ratio": 23.24,
            "inventory_turnover_ratio": 2.76,
            "account_receivable_turnover_ratio": null,
            "reinvestment_rate": null,
            "research_to_sale_ratio": null,
            "price_fair": 501.58,
            "eps_avg_yearly": 14.33,
            "eps_latest_yearly": 17.64,
            "eps_growth_yearly": 93.41
        },
        "20081": {
            "year_quarter": 20081,
            "year": 2008,
            "quarter": 1,
            "eps": 2.19,
            "eps_growth_year": -31.56,
            "eps_4q": 12.98,
            "eps_4q_growth_year": -21.08,
            "roe": 3.44,
            "roe_4q": 21.43,
            "gross_profit": 2268211,
            "gross_margin": 24.2,
            "gross_margin_4q_avg": 24.4,
            "net_income": 1341750,
            "net_income_4q": null,
            "revenue": 9373046,
            "revenue_4q": null,
            "common_shares": 6180134,
            "book_valuer_per_share": 64,
            "book_valuer_per_share_4q_avg": 60.95,
            "equity": 39554287,
            "current_ratio": 406.89,
            "debt_ratio": 21.01,
            "inventory_turnover_ratio": 1.97,
            "account_receivable_turnover_ratio": null,
            "reinvestment_rate": null,
            "research_to_sale_ratio": null,
            "price_fair": 485.33,
            "eps_avg_yearly": 13.87,
            "eps_latest_yearly": 8.76,
            "eps_growth_yearly": 68.85
        },
        "20082": {
            "year_quarter": 20082,
            "year": 2008,
            "quarter": 2,
            "eps": 2.68,
            "eps_growth_year": 8.94,
            "eps_4q": 13.24,
            "eps_4q_growth_year": -5.6,
            "roe": 4.55,
            "roe_4q": 22.16,
            "gross_profit": 2151152,
            "gross_margin": 21.45,
            "gross_margin_4q_avg": 24.71,
            "net_income": 1642230,
            "net_income_4q": null,
            "revenue": 10028500,
            "revenue_4q": null,
            "common_shares": 6180924,
            "book_valuer_per_share": 52.67,
            "book_valuer_per_share_4q_avg": 59.51,
            "equity": 32553584,
            "current_ratio": 204.18,
            "debt_ratio": 35.42,
            "inventory_turnover_ratio": 2.03,
            "account_receivable_turnover_ratio": null,
            "reinvestment_rate": null,
            "research_to_sale_ratio": null,
            "price_fair": 476.86,
            "eps_avg_yearly": 13.62,
            "eps_latest_yearly": 10.72,
            "eps_growth_yearly": 70.44
        },
        "20083": {
            "year_quarter": 20083,
            "year": 2008,
            "quarter": 3,
            "eps": 4.07,
            "eps_growth_year": 3.04,
            "eps_4q": 13.37,
            "eps_4q_growth_year": 1.38,
            "roe": 7.41,
            "roe_4q": 22.7,
            "gross_profit": 2775269,
            "gross_margin": 24.43,
            "gross_margin_4q_avg": 24.16,
            "net_income": 2489311,
            "net_income_4q": null,
            "revenue": 11360974,
            "revenue_4q": null,
            "common_shares": 6181454,
            "book_valuer_per_share": 55.96,
            "book_valuer_per_share_4q_avg": 58.74,
            "equity": 34593962,
            "current_ratio": 341.58,
            "debt_ratio": 23.92,
            "inventory_turnover_ratio": 2.02,
            "account_receivable_turnover_ratio": null,
            "reinvestment_rate": null,
            "research_to_sale_ratio": null,
            "price_fair": 483.5,
            "eps_avg_yearly": 13.81,
            "eps_latest_yearly": 16.28,
            "eps_growth_yearly": 80.23
        },
        "20084": {
            "year_quarter": 20084,
            "year": 2008,
            "quarter": 4,
            "eps": 1.92,
            "eps_growth_year": -56.46,
            "eps_4q": 10.87,
            "eps_4q_growth_year": -21.95,
            "roe": 3.35,
            "roe_4q": 18.75,
            "gross_profit": 1636173,
            "gross_margin": 21.65,
            "gross_margin_4q_avg": 22.93,
            "net_income": 1173919,
            "net_income_4q": null,
            "revenue": 7556167,
            "revenue_4q": null,
            "common_shares": 6181574,
            "book_valuer_per_share": 57.45,
            "book_valuer_per_share_4q_avg": 57.52,
            "equity": 35514611,
            "current_ratio": 456.56,
            "debt_ratio": 19.93,
            "inventory_turnover_ratio": 1.56,
            "account_receivable_turnover_ratio": 2.46,
            "reinvestment_rate": 28.53,
            "research_to_sale_ratio": null,
            "price_fair": 469.19,
            "eps_avg_yearly": 13.41,
            "eps_latest_yearly": 7.68,
            "eps_growth_yearly": 60.79
        },
        "20091": {
            "year_quarter": 20091,
            "year": 2009,
            "quarter": 1,
            "eps": -0.45,
            "eps_growth_year": -120.55,
            "eps_4q": 8.13,
            "eps_4q_growth_year": -37.35,
            "roe": -0.78,
            "roe_4q": 14.530000000000001,
            "gross_profit": -300837,
            "gross_margin": -6.64,
            "gross_margin_4q_avg": 15.22,
            "net_income": -278063,
            "net_income_4q": null,
            "revenue": 4531049,
            "revenue_4q": null,
            "common_shares": 6181574,
            "book_valuer_per_share": 57.97,
            "book_valuer_per_share_4q_avg": 56.01,
            "equity": 35836736,
            "current_ratio": 468.36,
            "debt_ratio": 19.28,
            "inventory_turnover_ratio": 1.64,
            "account_receivable_turnover_ratio": 0.9,
            "reinvestment_rate": 41.86,
            "research_to_sale_ratio": null,
            "price_fair": 469.19,
            "eps_avg_yearly": 13.41,
            "eps_latest_yearly": 7.68,
            "eps_growth_yearly": 60.79
        },
        "20092": {
            "year_quarter": 20092,
            "year": 2009,
            "quarter": 2,
            "eps": 1.07,
            "eps_growth_year": -60.07,
            "eps_4q": 6.6,
            "eps_4q_growth_year": -50.12,
            "roe": 1.92,
            "roe_4q": 11.9,
            "gross_profit": 994924,
            "gross_margin": 14.62,
            "gross_margin_4q_avg": 13.52,
            "net_income": 654524,
            "net_income_4q": null,
            "revenue": 6804977,
            "revenue_4q": null,
            "common_shares": 6181574,
            "book_valuer_per_share": 52.06,
            "book_valuer_per_share_4q_avg": 55.86,
            "equity": 32179157,
            "current_ratio": 272.2,
            "debt_ratio": 28.83,
            "inventory_turnover_ratio": 2.03,
            "account_receivable_turnover_ratio": 1.46,
            "reinvestment_rate": 35.54,
            "research_to_sale_ratio": null,
            "price_fair": 491.1,
            "eps_avg_yearly": 14.03,
            "eps_latest_yearly": 7.68,
            "eps_growth_yearly": 48.92
        },
        "20093": {
            "year_quarter": 20093,
            "year": 2009,
            "quarter": 3,
            "eps": 1.38,
            "eps_growth_year": -66.09,
            "eps_4q": 3.86,
            "eps_4q_growth_year": -71.09,
            "roe": 2.62,
            "roe_4q": 7.109999999999999,
            "gross_profit": 1411458,
            "gross_margin": 17.6,
            "gross_margin_4q_avg": 11.81,
            "net_income": 861460,
            "net_income_4q": null,
            "revenue": 8017407,
            "revenue_4q": null,
            "common_shares": 6303985,
            "book_valuer_per_share": 53.37,
            "book_valuer_per_share_4q_avg": 55.21,
            "equity": 33644381,
            "current_ratio": 508.07,
            "debt_ratio": 20.38,
            "inventory_turnover_ratio": 2.12,
            "account_receivable_turnover_ratio": 1.35,
            "reinvestment_rate": 30.56,
            "research_to_sale_ratio": null,
            "price_fair": 481.7,
            "eps_avg_yearly": 13.76,
            "eps_latest_yearly": 5.52,
            "eps_growth_yearly": 28.62
        },
        "20094": {
            "year_quarter": 20094,
            "year": 2009,
            "quarter": 4,
            "eps": 1.39,
            "eps_growth_year": -27.6,
            "eps_4q": 3.37,
            "eps_4q_growth_year": -68.99,
            "roe": 2.52,
            "roe_4q": 6.28,
            "gross_profit": 1320476,
            "gross_margin": 16.08,
            "gross_margin_4q_avg": 10.42,
            "net_income": 866854,
            "net_income_4q": null,
            "revenue": 8210395,
            "revenue_4q": null,
            "common_shares": 6303985,
            "book_valuer_per_share": 56.12,
            "book_valuer_per_share_4q_avg": 54.88,
            "equity": 35037102,
            "current_ratio": 437.33,
            "debt_ratio": 19.93,
            "inventory_turnover_ratio": 2.08,
            "account_receivable_turnover_ratio": 2.53,
            "reinvestment_rate": 22.67,
            "research_to_sale_ratio": null,
            "price_fair": 307.94,
            "eps_avg_yearly": 13.14,
            "eps_latest_yearly": 5.56,
            "eps_growth_yearly": 13.44
        },
        "20101": {
            "year_quarter": 20101,
            "year": 2010,
            "quarter": 1,
            "eps": 1.1,
            "eps_growth_year": null,
            "eps_4q": 4.92,
            "eps_4q_growth_year": -39.55,
            "roe": 1.94,
            "roe_4q": 9,
            "gross_profit": 1194896,
            "gross_margin": 14.65,
            "gross_margin_4q_avg": 15.74,
            "net_income": 686554,
            "net_income_4q": null,
            "revenue": 8155252,
            "revenue_4q": null,
            "common_shares": 6303995,
            "book_valuer_per_share": 57.26,
            "book_valuer_per_share_4q_avg": 54.7,
            "equity": 35750402,
            "current_ratio": 390.85,
            "debt_ratio": 21.18,
            "inventory_turnover_ratio": 1.96,
            "account_receivable_turnover_ratio": 1.21,
            "reinvestment_rate": 41.77,
            "research_to_sale_ratio": null,
            "price_fair": 122.03,
            "eps_avg_yearly": 12.2,
            "eps_latest_yearly": 4.4,
            "eps_growth_yearly": 0.99
        },
        "20102": {
            "year_quarter": 20102,
            "year": 2010,
            "quarter": 2,
            "eps": 1.66,
            "eps_growth_year": 54.76,
            "eps_4q": 5.52,
            "eps_4q_growth_year": -16.35,
            "roe": 3.01,
            "roe_4q": 10.09,
            "gross_profit": 1396231,
            "gross_margin": 15.18,
            "gross_margin_4q_avg": 15.88,
            "net_income": 1033821,
            "net_income_4q": null,
            "revenue": 9196710,
            "revenue_4q": null,
            "common_shares": 6303995,
            "book_valuer_per_share": 52.81,
            "book_valuer_per_share_4q_avg": 54.89,
            "equity": 32970276,
            "current_ratio": 257.34,
            "debt_ratio": 29.76,
            "inventory_turnover_ratio": 1.93,
            "account_receivable_turnover_ratio": 1.23,
            "reinvestment_rate": 33.37,
            "research_to_sale_ratio": null,
            "price_fair": 225.15,
            "eps_avg_yearly": 11.19,
            "eps_latest_yearly": 6.64,
            "eps_growth_yearly": 10.12
        },
        "20103": {
            "year_quarter": 20103,
            "year": 2010,
            "quarter": 3,
            "eps": 0.58,
            "eps_growth_year": -57.98,
            "eps_4q": 4.72,
            "eps_4q_growth_year": 22.27,
            "roe": 1.09,
            "roe_4q": 8.559999999999999,
            "gross_profit": 938268,
            "gross_margin": 10.07,
            "gross_margin_4q_avg": 14,
            "net_income": 362015,
            "net_income_4q": null,
            "revenue": 9317114,
            "revenue_4q": null,
            "common_shares": 6242985,
            "book_valuer_per_share": 53.12,
            "book_valuer_per_share_4q_avg": 54.83,
            "equity": 33160574,
            "current_ratio": 313.15,
            "debt_ratio": 24.06,
            "inventory_turnover_ratio": 1.67,
            "account_receivable_turnover_ratio": 1.14,
            "reinvestment_rate": 45.83,
            "research_to_sale_ratio": null,
            "price_fair": 29.91,
            "eps_avg_yearly": 9.97,
            "eps_latest_yearly": 2.32,
            "eps_growth_yearly": -6.44
        },
        "20104": {
            "year_quarter": 20104,
            "year": 2010,
            "quarter": 4,
            "eps": -0.04,
            "eps_growth_year": -102.71,
            "eps_4q": 3.3,
            "eps_4q_growth_year": -2.18,
            "roe": -0.07,
            "roe_4q": 5.969999999999999,
            "gross_profit": 656602,
            "gross_margin": 6.7,
            "gross_margin_4q_avg": 11.65,
            "net_income": -23498,
            "net_income_4q": null,
            "revenue": 9793021,
            "revenue_4q": null,
            "common_shares": 6242985,
            "book_valuer_per_share": 52.57,
            "book_valuer_per_share_4q_avg": 53.94,
            "equity": 32816499,
            "current_ratio": 299.86,
            "debt_ratio": 22.61,
            "inventory_turnover_ratio": 1.72,
            "account_receivable_turnover_ratio": 1.21,
            "reinvestment_rate": 11.2,
            "research_to_sale_ratio": null,
            "price_fair": 28.61,
            "eps_avg_yearly": 9.54,
            "eps_latest_yearly": 2.32,
            "eps_growth_yearly": -1.02
        },
        "20111": {
            "year_quarter": 20111,
            "year": 2011,
            "quarter": 1,
            "eps": 1.03,
            "eps_growth_year": -6.36,
            "eps_4q": 3.23,
            "eps_4q_growth_year": -34.33,
            "roe": 1.93,
            "roe_4q": 5.96,
            "gross_profit": 1066834,
            "gross_margin": 12.36,
            "gross_margin_4q_avg": 11.08,
            "net_income": 643352,
            "net_income_4q": null,
            "revenue": 8629429,
            "revenue_4q": null,
            "common_shares": 6242985,
            "book_valuer_per_share": 54.21,
            "book_valuer_per_share_4q_avg": 53.18,
            "equity": 33841772,
            "current_ratio": 343.93,
            "debt_ratio": 23.58,
            "inventory_turnover_ratio": 1.51,
            "account_receivable_turnover_ratio": 1.18,
            "reinvestment_rate": 49.59,
            "research_to_sale_ratio": null,
            "price_fair": 138.48,
            "eps_avg_yearly": 9.26,
            "eps_latest_yearly": 2.32,
            "eps_growth_yearly": 4.95
        },
        "20112": {
            "year_quarter": 20112,
            "year": 2011,
            "quarter": 2,
            "eps": 1.23,
            "eps_growth_year": -25.88,
            "eps_4q": 2.75,
            "eps_4q_growth_year": -50.14,
            "roe": 2.35,
            "roe_4q": 5.3,
            "gross_profit": 1413784,
            "gross_margin": 14.77,
            "gross_margin_4q_avg": 10.98,
            "net_income": 789308,
            "net_income_4q": null,
            "revenue": 9572126,
            "revenue_4q": null,
            "common_shares": 6242985,
            "book_valuer_per_share": 53.6,
            "book_valuer_per_share_4q_avg": 53.38,
            "equity": 33462916,
            "current_ratio": 321.25,
            "debt_ratio": 25.14,
            "inventory_turnover_ratio": 1.48,
            "account_receivable_turnover_ratio": 1.37,
            "reinvestment_rate": 50.63,
            "research_to_sale_ratio": null,
            "price_fair": 257.89,
            "eps_avg_yearly": 8.85,
            "eps_latest_yearly": 4.92,
            "eps_growth_yearly": 19.13
        },
        "20113": {
            "year_quarter": 20113,
            "year": 2011,
            "quarter": 3,
            "eps": 2.27,
            "eps_growth_year": 291.15,
            "eps_4q": 4.41,
            "eps_4q_growth_year": -6.6,
            "roe": 4.36,
            "roe_4q": 8.57,
            "gross_profit": 1703478,
            "gross_margin": 15.43,
            "gross_margin_4q_avg": 12.32,
            "net_income": 1490834,
            "net_income_4q": null,
            "revenue": 11037342,
            "revenue_4q": null,
            "common_shares": 6444505,
            "book_valuer_per_share": 53.93,
            "book_valuer_per_share_4q_avg": 53.58,
            "equity": 34845757,
            "current_ratio": 329.24,
            "debt_ratio": 24.99,
            "inventory_turnover_ratio": 1.57,
            "account_receivable_turnover_ratio": 1.46,
            "reinvestment_rate": 58.95,
            "research_to_sale_ratio": null,
            "price_fair": 290.27,
            "eps_avg_yearly": 8.29,
            "eps_latest_yearly": 9.08,
            "eps_growth_yearly": 27.12
        },
        "20114": {
            "year_quarter": 20114,
            "year": 2011,
            "quarter": 4,
            "eps": 0.37,
            "eps_growth_year": null,
            "eps_4q": 4.9,
            "eps_4q_growth_year": 48.54,
            "roe": 0.69,
            "roe_4q": 9.33,
            "gross_profit": 750179,
            "gross_margin": 7.86,
            "gross_margin_4q_avg": 12.61,
            "net_income": 241883,
            "net_income_4q": null,
            "revenue": 9545613,
            "revenue_4q": null,
            "common_shares": 6461645,
            "book_valuer_per_share": 53.91,
            "book_valuer_per_share_4q_avg": 53.91,
            "equity": 34833042,
            "current_ratio": 394.33,
            "debt_ratio": 21.86,
            "inventory_turnover_ratio": 1.59,
            "account_receivable_turnover_ratio": 1.3,
            "reinvestment_rate": 15.16,
            "research_to_sale_ratio": null,
            "price_fair": 20.84,
            "eps_avg_yearly": 6.95,
            "eps_latest_yearly": 1.48,
            "eps_growth_yearly": -4.66
        },
        "20121": {
            "year_quarter": 20121,
            "year": 2012,
            "quarter": 1,
            "eps": 0.02,
            "eps_growth_year": -98.06,
            "eps_4q": 3.92,
            "eps_4q_growth_year": 21.5,
            "roe": 0.04,
            "roe_4q": 7.4399999999999995,
            "gross_profit": 400124,
            "gross_margin": 5.32,
            "gross_margin_4q_avg": 10.85,
            "net_income": 12860,
            "net_income_4q": null,
            "revenue": 7527081,
            "revenue_4q": null,
            "common_shares": 6461655,
            "book_valuer_per_share": 54.52,
            "book_valuer_per_share_4q_avg": 53.99,
            "equity": 35228058,
            "current_ratio": 456.47,
            "debt_ratio": 20.21,
            "inventory_turnover_ratio": 1.41,
            "account_receivable_turnover_ratio": 1.16,
            "reinvestment_rate": 15.82,
            "research_to_sale_ratio": null,
            "price_fair": 18.67,
            "eps_avg_yearly": 6.22,
            "eps_latest_yearly": 0.08,
            "eps_growth_yearly": -19.41
        },
        "20122": {
            "year_quarter": 20122,
            "year": 2012,
            "quarter": 2,
            "eps": -0.55,
            "eps_growth_year": -144.72,
            "eps_4q": 2.15,
            "eps_4q_growth_year": -21.85,
            "roe": -1.04,
            "roe_4q": 4.050000000000001,
            "gross_profit": -130766,
            "gross_margin": -1.79,
            "gross_margin_4q_avg": 6.71,
            "net_income": -354716,
            "net_income_4q": null,
            "revenue": 7304768,
            "revenue_4q": null,
            "common_shares": 6461655,
            "book_valuer_per_share": 51.52,
            "book_valuer_per_share_4q_avg": 53.47,
            "equity": 33288137,
            "current_ratio": 350.36,
            "debt_ratio": 24.03,
            "inventory_turnover_ratio": 1.5,
            "account_receivable_turnover_ratio": 1.13,
            "reinvestment_rate": 18.68,
            "research_to_sale_ratio": null,
            "price_fair": 17.44,
            "eps_avg_yearly": 5.81,
            "eps_latest_yearly": 0.08,
            "eps_growth_yearly": -29.31
        },
        "20123": {
            "year_quarter": 20123,
            "year": 2012,
            "quarter": 3,
            "eps": -0.65,
            "eps_growth_year": -128.85,
            "eps_4q": -0.81,
            "eps_4q_growth_year": -118.34,
            "roe": -1.28,
            "roe_4q": -1.5900000000000003,
            "gross_profit": -25353,
            "gross_margin": -0.33,
            "gross_margin_4q_avg": 2.77,
            "net_income": -422791,
            "net_income_4q": null,
            "revenue": 7610677,
            "revenue_4q": null,
            "common_shares": 6461655,
            "book_valuer_per_share": 50.32,
            "book_valuer_per_share_4q_avg": 52.57,
            "equity": 32514862,
            "current_ratio": 377.17,
            "debt_ratio": 20.56,
            "inventory_turnover_ratio": 1.49,
            "account_receivable_turnover_ratio": 1.19,
            "reinvestment_rate": 12.61,
            "research_to_sale_ratio": null,
            "price_fair": 14.3,
            "eps_avg_yearly": 4.77,
            "eps_latest_yearly": 0.08,
            "eps_growth_yearly": -52.99
        },
        "20124": {
            "year_quarter": 20124,
            "year": 2012,
            "quarter": 4,
            "eps": -2.01,
            "eps_growth_year": -637.13,
            "eps_4q": -3.19,
            "eps_4q_growth_year": -165.2,
            "roe": -4.1,
            "roe_4q": -6.38,
            "gross_profit": -1331936,
            "gross_margin": -18.29,
            "gross_margin_4q_avg": -3.77,
            "net_income": -1299235,
            "net_income_4q": null,
            "revenue": 7280505,
            "revenue_4q": null,
            "common_shares": 6461655,
            "book_valuer_per_share": 47.86,
            "book_valuer_per_share_4q_avg": 51.06,
            "equity": 30926749,
            "current_ratio": 365.15,
            "debt_ratio": 20.56,
            "inventory_turnover_ratio": 1.91,
            "account_receivable_turnover_ratio": 1.19,
            "reinvestment_rate": 9.67,
            "research_to_sale_ratio": null,
            "price_fair": 13.33,
            "eps_avg_yearly": 4.44,
            "eps_latest_yearly": 0.08,
            "eps_growth_yearly": -35.4
        },
        "20131": {
            "year_quarter": 20131,
            "year": 2013,
            "quarter": 1,
            "eps": -0.59,
            "eps_growth_year": -3050,
            "eps_4q": -3.81,
            "eps_4q_growth_year": -197.09,
            "roe": -1.21,
            "roe_4q": -7.63,
            "gross_profit": -261285,
            "gross_margin": -3.99,
            "gross_margin_4q_avg": -6.1,
            "net_income": -384460,
            "net_income_4q": null,
            "revenue": 6542451,
            "revenue_4q": null,
            "common_shares": 6461655,
            "book_valuer_per_share": 50.56,
            "book_valuer_per_share_4q_avg": 50.07,
            "equity": 32671960,
            "current_ratio": 406.98,
            "debt_ratio": 21,
            "inventory_turnover_ratio": 1.85,
            "account_receivable_turnover_ratio": 1.15,
            "reinvestment_rate": 53.32,
            "research_to_sale_ratio": null,
            "price_fair": 13.33,
            "eps_avg_yearly": 4.44,
            "eps_latest_yearly": 0.08,
            "eps_growth_yearly": -35.4
        },
        "20132": {
            "year_quarter": 20132,
            "year": 2013,
            "quarter": 2,
            "eps": -0.32,
            "eps_growth_year": null,
            "eps_4q": -3.57,
            "eps_4q_growth_year": -266.05,
            "roe": -0.61,
            "roe_4q": -7.2,
            "gross_profit": 79170,
            "gross_margin": 1.02,
            "gross_margin_4q_avg": -5.4,
            "net_income": -203015,
            "net_income_4q": null,
            "revenue": 7769926,
            "revenue_4q": null,
            "common_shares": 6461655,
            "book_valuer_per_share": 51.94,
            "book_valuer_per_share_4q_avg": 50.17,
            "equity": 33559119,
            "current_ratio": 366.93,
            "debt_ratio": 22.04,
            "inventory_turnover_ratio": 2.11,
            "account_receivable_turnover_ratio": 1.29,
            "reinvestment_rate": 83.75,
            "research_to_sale_ratio": null,
            "price_fair": 13.33,
            "eps_avg_yearly": 4.44,
            "eps_latest_yearly": 0.08,
            "eps_growth_yearly": -35.4
        },
        "20133": {
            "year_quarter": 20133,
            "year": 2013,
            "quarter": 3,
            "eps": -0.1,
            "eps_growth_year": null,
            "eps_4q": -3.02,
            "eps_4q_growth_year": null,
            "roe": -0.19,
            "roe_4q": -6.109999999999999,
            "gross_profit": 427037,
            "gross_margin": 4.61,
            "gross_margin_4q_avg": -4.16,
            "net_income": -65070,
            "net_income_4q": null,
            "revenue": 9265882,
            "revenue_4q": null,
            "common_shares": 6461655,
            "book_valuer_per_share": 52.2,
            "book_valuer_per_share_4q_avg": 50.64,
            "equity": 33733016,
            "current_ratio": 405.15,
            "debt_ratio": 20.54,
            "inventory_turnover_ratio": 2.34,
            "account_receivable_turnover_ratio": 1.28,
            "reinvestment_rate": 116.35,
            "research_to_sale_ratio": null,
            "price_fair": 12.93,
            "eps_avg_yearly": 4.31,
            "eps_latest_yearly": 0.08,
            "eps_growth_yearly": -54.31
        },
        "20134": {
            "year_quarter": 20134,
            "year": 2013,
            "quarter": 4,
            "eps": -0.28,
            "eps_growth_year": null,
            "eps_4q": -1.29,
            "eps_4q_growth_year": null,
            "roe": -0.54,
            "roe_4q": -2.55,
            "gross_profit": 164289,
            "gross_margin": 1.87,
            "gross_margin_4q_avg": 0.88,
            "net_income": -183670,
            "net_income_4q": null,
            "revenue": 8773318,
            "revenue_4q": null,
            "common_shares": 6461655,
            "book_valuer_per_share": 53.39,
            "book_valuer_per_share_4q_avg": 52.02,
            "equity": 34498102,
            "current_ratio": 435.63,
            "debt_ratio": 20.63,
            "inventory_turnover_ratio": 2.36,
            "account_receivable_turnover_ratio": 1.14,
            "reinvestment_rate": 20.79,
            "research_to_sale_ratio": null,
            "price_fair": 12.39,
            "eps_avg_yearly": 4.13,
            "eps_latest_yearly": 0.08,
            "eps_growth_yearly": -62.48
        },
        "20141": {
            "year_quarter": 20141,
            "year": 2014,
            "quarter": 1,
            "eps": 0.02,
            "eps_growth_year": null,
            "eps_4q": -0.68,
            "eps_4q_growth_year": null,
            "roe": 0.03,
            "roe_4q": -1.31,
            "gross_profit": 207632,
            "gross_margin": 2.65,
            "gross_margin_4q_avg": 2.54,
            "net_income": 10039,
            "net_income_4q": null,
            "revenue": 7844438,
            "revenue_4q": null,
            "common_shares": 6461655,
            "book_valuer_per_share": 53.58,
            "book_valuer_per_share_4q_avg": 52.78,
            "equity": 34621867,
            "current_ratio": 460.77,
            "debt_ratio": 19.7,
            "inventory_turnover_ratio": 2.26,
            "account_receivable_turnover_ratio": 1.06,
            "reinvestment_rate": -42.16,
            "research_to_sale_ratio": null,
            "price_fair": 12.26,
            "eps_avg_yearly": 4.09,
            "eps_latest_yearly": 0.08,
            "eps_growth_yearly": -58.98
        },
        "20142": {
            "year_quarter": 20142,
            "year": 2014,
            "quarter": 2,
            "eps": 1.29,
            "eps_growth_year": null,
            "eps_4q": 0.92,
            "eps_4q_growth_year": null,
            "roe": 2.3,
            "roe_4q": 1.5999999999999996,
            "gross_profit": 799036,
            "gross_margin": 8.39,
            "gross_margin_4q_avg": 4.38,
            "net_income": 835395,
            "net_income_4q": null,
            "revenue": 9524340,
            "revenue_4q": null,
            "common_shares": 6461655,
            "book_valuer_per_share": 59.02,
            "book_valuer_per_share_4q_avg": 54.55,
            "equity": 38136799,
            "current_ratio": 477.99,
            "debt_ratio": 20.17,
            "inventory_turnover_ratio": 2.54,
            "account_receivable_turnover_ratio": 1.24,
            "reinvestment_rate": 102.5,
            "research_to_sale_ratio": null,
            "price_fair": 134.4,
            "eps_avg_yearly": 3.84,
            "eps_latest_yearly": 5.16,
            "eps_growth_yearly": 4140.41
        },
        "20143": {
            "year_quarter": 20143,
            "year": 2014,
            "quarter": 3,
            "eps": 0.75,
            "eps_growth_year": null,
            "eps_4q": 1.77,
            "eps_4q_growth_year": null,
            "roe": 1.27,
            "roe_4q": 3.0599999999999996,
            "gross_profit": 595072,
            "gross_margin": 6.43,
            "gross_margin_4q_avg": 4.84,
            "net_income": 482926,
            "net_income_4q": null,
            "revenue": 9250677,
            "revenue_4q": null,
            "common_shares": 6461655,
            "book_valuer_per_share": 58.43,
            "book_valuer_per_share_4q_avg": 56.11,
            "equity": 37752838,
            "current_ratio": 509.23,
            "debt_ratio": 19.57,
            "inventory_turnover_ratio": 2.36,
            "account_receivable_turnover_ratio": 1.13,
            "reinvestment_rate": -39.96,
            "research_to_sale_ratio": null,
            "price_fair": 138.37,
            "eps_avg_yearly": 3.95,
            "eps_latest_yearly": 3,
            "eps_growth_yearly": 4155.88
        },
        "20144": {
            "year_quarter": 20144,
            "year": 2014,
            "quarter": 4,
            "eps": 0.44,
            "eps_growth_year": null,
            "eps_4q": 2.5,
            "eps_4q_growth_year": null,
            "roe": 0.75,
            "roe_4q": 4.3500000000000005,
            "gross_profit": 257611,
            "gross_margin": 3.09,
            "gross_margin_4q_avg": 5.14,
            "net_income": 286411,
            "net_income_4q": null,
            "revenue": 8348067,
            "revenue_4q": null,
            "common_shares": 6461655,
            "book_valuer_per_share": 59.79,
            "book_valuer_per_share_4q_avg": 57.71,
            "equity": 38631164,
            "current_ratio": 562.83,
            "debt_ratio": 19.27,
            "inventory_turnover_ratio": 2.19,
            "account_receivable_turnover_ratio": 1.09,
            "reinvestment_rate": -56.47,
            "research_to_sale_ratio": null,
            "price_fair": 127.4,
            "eps_avg_yearly": 3.64,
            "eps_latest_yearly": 1.76,
            "eps_growth_yearly": 3538.56
        },
        "20151": {
            "year_quarter": 20151,
            "year": 2015,
            "quarter": 1,
            "eps": 0.87,
            "eps_growth_year": 4250,
            "eps_4q": 3.36,
            "eps_4q_growth_year": null,
            "roe": 1.47,
            "roe_4q": 5.789999999999999,
            "gross_profit": 727090,
            "gross_margin": 9.05,
            "gross_margin_4q_avg": 6.74,
            "net_income": 563431,
            "net_income_4q": null,
            "revenue": 8035658,
            "revenue_4q": null,
            "common_shares": 6461655,
            "book_valuer_per_share": 58.99,
            "book_valuer_per_share_4q_avg": 59.06,
            "equity": 38118988,
            "current_ratio": 607.72,
            "debt_ratio": 18.82,
            "inventory_turnover_ratio": 2.01,
            "account_receivable_turnover_ratio": 1.14,
            "reinvestment_rate": -95.02,
            "research_to_sale_ratio": null,
            "price_fair": 126.7,
            "eps_avg_yearly": 3.62,
            "eps_latest_yearly": 3.48,
            "eps_growth_yearly": 3145.1
        },
        "20152": {
            "year_quarter": 20152,
            "year": 2015,
            "quarter": 2,
            "eps": -0.05,
            "eps_growth_year": -103.88,
            "eps_4q": 2.01,
            "eps_4q_growth_year": 118.04,
            "roe": -0.09,
            "roe_4q": 3.4,
            "gross_profit": 394335,
            "gross_margin": 5.13,
            "gross_margin_4q_avg": 5.93,
            "net_income": -31741,
            "net_income_4q": null,
            "revenue": 7686102,
            "revenue_4q": null,
            "common_shares": 6461655,
            "book_valuer_per_share": 55.93,
            "book_valuer_per_share_4q_avg": 58.29,
            "equity": 36137457,
            "current_ratio": 504.8,
            "debt_ratio": 21.62,
            "inventory_turnover_ratio": 2.05,
            "account_receivable_turnover_ratio": 1.12,
            "reinvestment_rate": -154.25,
            "research_to_sale_ratio": null,
            "price_fair": 120.2,
            "eps_avg_yearly": 3.43,
            "eps_latest_yearly": 3.48,
            "eps_growth_yearly": 3583.31
        },
        "20153": {
            "year_quarter": 20153,
            "year": 2015,
            "quarter": 3,
            "eps": 0.67,
            "eps_growth_year": -10.67,
            "eps_4q": 1.94,
            "eps_4q_growth_year": 9.31,
            "roe": 1.19,
            "roe_4q": 3.32,
            "gross_profit": -11222,
            "gross_margin": -0.16,
            "gross_margin_4q_avg": 4.28,
            "net_income": 433104,
            "net_income_4q": null,
            "revenue": 7091176,
            "revenue_4q": null,
            "common_shares": 6461655,
            "book_valuer_per_share": 56.47,
            "book_valuer_per_share_4q_avg": 57.8,
            "equity": 36491318,
            "current_ratio": 609.08,
            "debt_ratio": 20.78,
            "inventory_turnover_ratio": 2.07,
            "account_receivable_turnover_ratio": 1.07,
            "reinvestment_rate": null,
            "research_to_sale_ratio": null,
            "price_fair": 87.27,
            "eps_avg_yearly": 2.49,
            "eps_latest_yearly": 3.48,
            "eps_growth_yearly": 4124.16
        },
        "20154": {
            "year_quarter": 20154,
            "year": 2015,
            "quarter": 4,
            "eps": -0.16,
            "eps_growth_year": -135.72,
            "eps_4q": 1.33,
            "eps_4q_growth_year": -46.59,
            "roe": -0.28,
            "roe_4q": 2.29,
            "gross_profit": 58326,
            "gross_margin": 0.82,
            "gross_margin_4q_avg": 3.71,
            "net_income": -102313,
            "net_income_4q": null,
            "revenue": 7089903,
            "revenue_4q": null,
            "common_shares": 6461655,
            "book_valuer_per_share": 56.8,
            "book_valuer_per_share_4q_avg": 57.05,
            "equity": 36701613,
            "current_ratio": 581.35,
            "debt_ratio": 21.44,
            "inventory_turnover_ratio": 2,
            "account_receivable_turnover_ratio": 1.14,
            "reinvestment_rate": null,
            "research_to_sale_ratio": null,
            "price_fair": 94.36,
            "eps_avg_yearly": 2.7,
            "eps_latest_yearly": 3.48,
            "eps_growth_yearly": 5015.95
        },
        "20161": {
            "year_quarter": 20161,
            "year": 2016,
            "quarter": 1,
            "eps": -0.5,
            "eps_growth_year": -157.47,
            "eps_4q": -0.03,
            "eps_4q_growth_year": -101.04,
            "roe": -0.88,
            "roe_4q": -0.06000000000000019,
            "gross_profit": 276005,
            "gross_margin": 3.6,
            "gross_margin_4q_avg": 2.35,
            "net_income": -321651,
            "net_income_4q": null,
            "revenue": 7659702,
            "revenue_4q": null,
            "common_shares": 6461655,
            "book_valuer_per_share": 56.22,
            "book_valuer_per_share_4q_avg": 56.36,
            "equity": 36328544,
            "current_ratio": 564.38,
            "debt_ratio": 20.22,
            "inventory_turnover_ratio": 2.08,
            "account_receivable_turnover_ratio": 1.23,
            "reinvestment_rate": null,
            "research_to_sale_ratio": null,
            "price_fair": 117.25,
            "eps_avg_yearly": 3.35,
            "eps_latest_yearly": 3.48,
            "eps_growth_yearly": 6364.53
        },
        "20162": {
            "year_quarter": 20162,
            "year": 2016,
            "quarter": 2,
            "eps": -0.35,
            "eps_growth_year": null,
            "eps_4q": -0.34,
            "eps_4q_growth_year": -117.01,
            "roe": -0.65,
            "roe_4q": -0.6200000000000001,
            "gross_profit": -21986,
            "gross_margin": -0.3,
            "gross_margin_4q_avg": 0.99,
            "net_income": -230455,
            "net_income_4q": null,
            "revenue": 7405624,
            "revenue_4q": null,
            "common_shares": 6461655,
            "book_valuer_per_share": 54.04,
            "book_valuer_per_share_4q_avg": 55.88,
            "equity": 34919946,
            "current_ratio": 459.34,
            "debt_ratio": 22.98,
            "inventory_turnover_ratio": 2.15,
            "account_receivable_turnover_ratio": 1.14,
            "reinvestment_rate": null,
            "research_to_sale_ratio": null,
            "price_fair": 117.25,
            "eps_avg_yearly": 3.35,
            "eps_latest_yearly": 3.48,
            "eps_growth_yearly": 6364.53
        },
        "20163": {
            "year_quarter": 20163,
            "year": 2016,
            "quarter": 3,
            "eps": -1.43,
            "eps_growth_year": -313.43,
            "eps_4q": -2.43,
            "eps_4q_growth_year": -225.75,
            "roe": -2.67,
            "roe_4q": -4.48,
            "gross_profit": -379375,
            "gross_margin": -5.11,
            "gross_margin_4q_avg": -0.25,
            "net_income": -918991,
            "net_income_4q": null,
            "revenue": 7422743,
            "revenue_4q": null,
            "common_shares": 6461655,
            "book_valuer_per_share": 52.53,
            "book_valuer_per_share_4q_avg": 54.9,
            "equity": 33940290,
            "current_ratio": 520.34,
            "debt_ratio": 20.54,
            "inventory_turnover_ratio": 2.27,
            "account_receivable_turnover_ratio": 1.14,
            "reinvestment_rate": null,
            "research_to_sale_ratio": null,
            "price_fair": 117.25,
            "eps_avg_yearly": 3.35,
            "eps_latest_yearly": 3.48,
            "eps_growth_yearly": 6364.53
        },
        "20164": {
            "year_quarter": 20164,
            "year": 2016,
            "quarter": 4,
            "eps": 1.2,
            "eps_growth_year": null,
            "eps_4q": -1.07,
            "eps_4q_growth_year": -180.45,
            "roe": 2.31,
            "roe_4q": -1.8899999999999997,
            "gross_profit": -472710,
            "gross_margin": -7.07,
            "gross_margin_4q_avg": -2.22,
            "net_income": 777225,
            "net_income_4q": null,
            "revenue": 6682501,
            "revenue_4q": null,
            "common_shares": 6461655,
            "book_valuer_per_share": 51.63,
            "book_valuer_per_share_4q_avg": 53.61,
            "equity": 33360566,
            "current_ratio": 515.78,
            "debt_ratio": 21.99,
            "inventory_turnover_ratio": 2.11,
            "account_receivable_turnover_ratio": 1.05,
            "reinvestment_rate": -321.06,
            "research_to_sale_ratio": null,
            "price_fair": 117.25,
            "eps_avg_yearly": 3.35,
            "eps_latest_yearly": 3.48,
            "eps_growth_yearly": 6364.53
        },
        "20171": {
            "year_quarter": 20171,
            "year": 2017,
            "quarter": 1,
            "eps": -1.38,
            "eps_growth_year": null,
            "eps_4q": -1.95,
            "eps_4q_growth_year": null,
            "roe": -2.73,
            "roe_4q": -3.7399999999999998,
            "gross_profit": -130082,
            "gross_margin": -2.13,
            "gross_margin_4q_avg": -3.65,
            "net_income": -888975,
            "net_income_4q": null,
            "revenue": 6118792,
            "revenue_4q": null,
            "common_shares": 6461655,
            "book_valuer_per_share": 49.32,
            "book_valuer_per_share_4q_avg": 51.88,
            "equity": 31871077,
            "current_ratio": 553.35,
            "debt_ratio": 20.14,
            "inventory_turnover_ratio": 1.94,
            "account_receivable_turnover_ratio": 1.03,
            "reinvestment_rate": -1343.37,
            "research_to_sale_ratio": null,
            "price_fair": 117.25,
            "eps_avg_yearly": 3.35,
            "eps_latest_yearly": 3.48,
            "eps_growth_yearly": 6364.53
        },
        "20172": {
            "year_quarter": 20172,
            "year": 2017,
            "quarter": 2,
            "eps": -0.27,
            "eps_growth_year": null,
            "eps_4q": -1.87,
            "eps_4q_growth_year": null,
            "roe": -0.56,
            "roe_4q": -3.65,
            "gross_profit": 28999,
            "gross_margin": 0.42,
            "gross_margin_4q_avg": -3.47,
            "net_income": -176394,
            "net_income_4q": null,
            "revenue": 6824616,
            "revenue_4q": null,
            "common_shares": 6461655,
            "book_valuer_per_share": 48.6,
            "book_valuer_per_share_4q_avg": 50.52,
            "equity": 31401361,
            "current_ratio": 419.21,
            "debt_ratio": 23.56,
            "inventory_turnover_ratio": 2.11,
            "account_receivable_turnover_ratio": 1.13,
            "reinvestment_rate": -1197.77,
            "research_to_sale_ratio": null,
            "price_fair": 117.25,
            "eps_avg_yearly": 3.35,
            "eps_latest_yearly": 3.48,
            "eps_growth_yearly": 6364.53
        },
        "20173": {
            "year_quarter": 20173,
            "year": 2017,
            "quarter": 3,
            "eps": -0.65,
            "eps_growth_year": null,
            "eps_4q": -1.1,
            "eps_4q_growth_year": null,
            "roe": -1.35,
            "roe_4q": -2.3300000000000005,
            "gross_profit": -133385,
            "gross_margin": -1.92,
            "gross_margin_4q_avg": -2.68,
            "net_income": -422897,
            "net_income_4q": null,
            "revenue": 6962535,
            "revenue_4q": null,
            "common_shares": 6461655,
            "book_valuer_per_share": 48.2,
            "book_valuer_per_share_4q_avg": 49.44,
            "equity": 31147704,
            "current_ratio": 457.15,
            "debt_ratio": 22.7,
            "inventory_turnover_ratio": 2.03,
            "account_receivable_turnover_ratio": 1.06,
            "reinvestment_rate": -4791.42,
            "research_to_sale_ratio": null,
            "price_fair": 117.25,
            "eps_avg_yearly": 3.35,
            "eps_latest_yearly": 3.48,
            "eps_growth_yearly": 6364.53
        },
        "20174": {
            "year_quarter": 20174,
            "year": 2017,
            "quarter": 4,
            "eps": -0.73,
            "eps_growth_year": -160.45,
            "eps_4q": -3.03,
            "eps_4q_growth_year": null,
            "roe": -1.52,
            "roe_4q": -6.16,
            "gross_profit": -72567,
            "gross_margin": -1.08,
            "gross_margin_4q_avg": -1.18,
            "net_income": -469847,
            "net_income_4q": null,
            "revenue": 6717069,
            "revenue_4q": null,
            "common_shares": 6461655,
            "book_valuer_per_share": 47.6,
            "book_valuer_per_share_4q_avg": 48.43,
            "equity": 30756472,
            "current_ratio": 432.38,
            "debt_ratio": 23.91,
            "inventory_turnover_ratio": 1.83,
            "account_receivable_turnover_ratio": 1.06,
            "reinvestment_rate": null,
            "research_to_sale_ratio": null,
            "price_fair": 117.25,
            "eps_avg_yearly": 3.35,
            "eps_latest_yearly": 3.48,
            "eps_growth_yearly": 6364.53
        },
        "20181": {
            "year_quarter": 20181,
            "year": 2018,
            "quarter": 1,
            "eps": -1.05,
            "eps_growth_year": null,
            "eps_4q": -2.7,
            "eps_4q_growth_year": null,
            "roe": -2.22,
            "roe_4q": -5.65,
            "gross_profit": -256473,
            "gross_margin": -4.15,
            "gross_margin_4q_avg": -1.68,
            "net_income": -677900,
            "net_income_4q": null,
            "revenue": 6175895,
            "revenue_4q": null,
            "common_shares": 6461655,
            "book_valuer_per_share": 46.91,
            "book_valuer_per_share_4q_avg": 47.83,
            "equity": 30314566,
            "current_ratio": 528.3,
            "debt_ratio": 21.76,
            "inventory_turnover_ratio": 1.64,
            "account_receivable_turnover_ratio": 1.08,
            "reinvestment_rate": null,
            "research_to_sale_ratio": null,
            "price_fair": 117.25,
            "eps_avg_yearly": 3.35,
            "eps_latest_yearly": 3.48,
            "eps_growth_yearly": 6364.53
        },
        "20182": {
            "year_quarter": 20182,
            "year": 2018,
            "quarter": 2,
            "eps": -0.33,
            "eps_growth_year": null,
            "eps_4q": -2.76,
            "eps_4q_growth_year": null,
            "roe": -0.72,
            "roe_4q": -5.8100000000000005,
            "gross_profit": -183615,
            "gross_margin": -2.63,
            "gross_margin_4q_avg": -2.45,
            "net_income": -215009,
            "net_income_4q": null,
            "revenue": 6988532,
            "revenue_4q": null,
            "common_shares": 6461655,
            "book_valuer_per_share": 46.03,
            "book_valuer_per_share_4q_avg": 47.19,
            "equity": 29742142,
            "current_ratio": 441.05,
            "debt_ratio": 24.1,
            "inventory_turnover_ratio": 1.75,
            "account_receivable_turnover_ratio": 1.2,
            "reinvestment_rate": null,
            "research_to_sale_ratio": null,
            "price_fair": 80.69,
            "eps_avg_yearly": 2.75,
            "eps_latest_yearly": 3.48,
            "eps_growth_yearly": 19.38
        },
        "20183": {
            "year_quarter": 20183,
            "year": 2018,
            "quarter": 3,
            "eps": 0.07,
            "eps_growth_year": null,
            "eps_4q": -2.04,
            "eps_4q_growth_year": null,
            "roe": 0.16,
            "roe_4q": -4.300000000000001,
            "gross_profit": 297309,
            "gross_margin": 3.76,
            "gross_margin_4q_avg": -1.03,
            "net_income": 46923,
            "net_income_4q": null,
            "revenue": 7915715,
            "revenue_4q": null,
            "common_shares": 6461655,
            "book_valuer_per_share": 45.63,
            "book_valuer_per_share_4q_avg": 46.54,
            "equity": 29484028,
            "current_ratio": 548.82,
            "debt_ratio": 21.51,
            "inventory_turnover_ratio": 1.78,
            "account_receivable_turnover_ratio": 1.2,
            "reinvestment_rate": null,
            "research_to_sale_ratio": null,
            "price_fair": 91.7,
            "eps_avg_yearly": 2.62,
            "eps_latest_yearly": 3.48,
            "eps_growth_yearly": 112.79
        },
        "20184": {
            "year_quarter": 20184,
            "year": 2018,
            "quarter": 4,
            "eps": 0.4,
            "eps_growth_year": null,
            "eps_4q": -0.9,
            "eps_4q_growth_year": null,
            "roe": 0.88,
            "roe_4q": -1.9000000000000001,
            "gross_profit": 492223,
            "gross_margin": 6.35,
            "gross_margin_4q_avg": 0.83,
            "net_income": 261653,
            "net_income_4q": null,
            "revenue": 7752409,
            "revenue_4q": null,
            "common_shares": 6461655,
            "book_valuer_per_share": 46.01,
            "book_valuer_per_share_4q_avg": 46.15,
            "equity": 29730782,
            "current_ratio": 536.56,
            "debt_ratio": 21.88,
            "inventory_turnover_ratio": 1.67,
            "account_receivable_turnover_ratio": 1.12,
            "reinvestment_rate": null,
            "research_to_sale_ratio": null,
            "price_fair": 88.9,
            "eps_avg_yearly": 2.54,
            "eps_latest_yearly": 1.6,
            "eps_growth_yearly": 1138.31
        },
        "20191": {
            "year_quarter": 20191,
            "year": 2019,
            "quarter": 1,
            "eps": -0.43,
            "eps_growth_year": null,
            "eps_4q": -0.29,
            "eps_4q_growth_year": null,
            "roe": -0.94,
            "roe_4q": -0.6199999999999999,
            "gross_profit": -18742,
            "gross_margin": -0.3,
            "gross_margin_4q_avg": 1.8,
            "net_income": -278594,
            "net_income_4q": null,
            "revenue": 6279816,
            "revenue_4q": null,
            "common_shares": 6461655,
            "book_valuer_per_share": 45.86,
            "book_valuer_per_share_4q_avg": 45.88,
            "equity": 29632508,
            "current_ratio": 583.63,
            "debt_ratio": 20.75,
            "inventory_turnover_ratio": 1.42,
            "account_receivable_turnover_ratio": 1,
            "reinvestment_rate": null,
            "research_to_sale_ratio": null,
            "price_fair": 56,
            "eps_avg_yearly": 1.6,
            "eps_latest_yearly": 1.6,
            "eps_growth_yearly": 1885.71
        },
        "20192": {
            "year_quarter": 20192,
            "year": 2019,
            "quarter": 2,
            "eps": -0.07,
            "eps_growth_year": null,
            "eps_4q": -0.03,
            "eps_4q_growth_year": null,
            "roe": -0.16,
            "roe_4q": -0.05999999999999986,
            "gross_profit": 158680,
            "gross_margin": 2.09,
            "gross_margin_4q_avg": 2.98,
            "net_income": -46469,
            "net_income_4q": null,
            "revenue": 7609442,
            "revenue_4q": null,
            "common_shares": 6461655,
            "book_valuer_per_share": 44.93,
            "book_valuer_per_share_4q_avg": 45.61,
            "equity": 29032286,
            "current_ratio": 389.98,
            "debt_ratio": 25.39,
            "inventory_turnover_ratio": 1.67,
            "account_receivable_turnover_ratio": 1.23,
            "reinvestment_rate": null,
            "research_to_sale_ratio": null,
            "price_fair": 56,
            "eps_avg_yearly": 1.6,
            "eps_latest_yearly": 1.6,
            "eps_growth_yearly": 1885.71
        },
        "20193": {
            "year_quarter": 20193,
            "year": 2019,
            "quarter": 3,
            "eps": 0.54,
            "eps_growth_year": 671.43,
            "eps_4q": 0.45,
            "eps_4q_growth_year": null,
            "roe": 1.21,
            "roe_4q": 0.9900000000000001,
            "gross_profit": 611525,
            "gross_margin": 7.25,
            "gross_margin_4q_avg": 3.85,
            "net_income": 353200,
            "net_income_4q": null,
            "revenue": 8429727,
            "revenue_4q": null,
            "common_shares": 6461655,
            "book_valuer_per_share": 45.12,
            "book_valuer_per_share_4q_avg": 45.48,
            "equity": 29152002,
            "current_ratio": 360.01,
            "debt_ratio": 24.62,
            "inventory_turnover_ratio": 1.74,
            "account_receivable_turnover_ratio": 1.22,
            "reinvestment_rate": null,
            "research_to_sale_ratio": null,
            "price_fair": 56,
            "eps_avg_yearly": 1.6,
            "eps_latest_yearly": 1.6,
            "eps_growth_yearly": 1885.71
        },
        "20194": {
            "year_quarter": 20194,
            "year": 2019,
            "quarter": 4,
            "eps": 0.43,
            "eps_growth_year": 7.04,
            "eps_4q": 0.48,
            "eps_4q_growth_year": null,
            "roe": 0.96,
            "roe_4q": 1.0699999999999998,
            "gross_profit": 875337,
            "gross_margin": 9.98,
            "gross_margin_4q_avg": 4.76,
            "net_income": 280066,
            "net_income_4q": null,
            "revenue": 8775004,
            "revenue_4q": null,
            "common_shares": 6461655,
            "book_valuer_per_share": 45.23,
            "book_valuer_per_share_4q_avg": 45.29,
            "equity": 29224681,
            "current_ratio": 374.15,
            "debt_ratio": 23.72,
            "inventory_turnover_ratio": 1.77,
            "account_receivable_turnover_ratio": 1.21,
            "reinvestment_rate": null,
            "research_to_sale_ratio": null,
            "price_fair": 58.1,
            "eps_avg_yearly": 1.66,
            "eps_latest_yearly": 1.72,
            "eps_growth_yearly": 902.12
        },
        "20201": {
            "year_quarter": 20201,
            "year": 2020,
            "quarter": 1,
            "eps": 0.72,
            "eps_growth_year": null,
            "eps_4q": 1.63,
            "eps_4q_growth_year": null,
            "roe": 1.59,
            "roe_4q": 3.5999999999999996,
            "gross_profit": 784126,
            "gross_margin": 9.9,
            "gross_margin_4q_avg": 7.31,
            "net_income": 466700,
            "net_income_4q": null,
            "revenue": 7916765,
            "revenue_4q": null,
            "common_shares": 6461655,
            "book_valuer_per_share": 45.78,
            "book_valuer_per_share_4q_avg": 45.27,
            "equity": 29578584,
            "current_ratio": 395.65,
            "debt_ratio": 22.74,
            "inventory_turnover_ratio": 1.64,
            "account_receivable_turnover_ratio": 1.08,
            "reinvestment_rate": null,
            "research_to_sale_ratio": null,
            "price_fair": 72.33,
            "eps_avg_yearly": 2.07,
            "eps_latest_yearly": 2.88,
            "eps_growth_yearly": 691.33
        },
        "20202": {
            "year_quarter": 20202,
            "year": 2020,
            "quarter": 2,
            "eps": 1.29,
            "eps_growth_year": null,
            "eps_4q": 2.99,
            "eps_4q_growth_year": null,
            "roe": 2.81,
            "roe_4q": 6.57,
            "gross_profit": 1383283,
            "gross_margin": 15.19,
            "gross_margin_4q_avg": 10.58,
            "net_income": 832934,
            "net_income_4q": null,
            "revenue": 9104077,
            "revenue_4q": null,
            "common_shares": 6461655,
            "book_valuer_per_share": 46.12,
            "book_valuer_per_share_4q_avg": 45.56,
            "equity": 29798604,
            "current_ratio": 319.37,
            "debt_ratio": 25.16,
            "inventory_turnover_ratio": 1.71,
            "account_receivable_turnover_ratio": 1.18,
            "reinvestment_rate": null,
            "research_to_sale_ratio": null,
            "price_fair": 99.4,
            "eps_avg_yearly": 2.84,
            "eps_latest_yearly": 5.16,
            "eps_growth_yearly": 597.67
        },
        "20203": {
            "year_quarter": 20203,
            "year": 2020,
            "quarter": 3,
            "eps": 1.62,
            "eps_growth_year": 200,
            "eps_4q": 4.06,
            "eps_4q_growth_year": 805,
            "roe": 3.43,
            "roe_4q": 8.79,
            "gross_profit": 1697130,
            "gross_margin": 16.15,
            "gross_margin_4q_avg": 12.81,
            "net_income": 1042908,
            "net_income_4q": null,
            "revenue": 10505765,
            "revenue_4q": null,
            "common_shares": 6461655,
            "book_valuer_per_share": 48,
            "book_valuer_per_share_4q_avg": 46.28,
            "equity": 31017609,
            "current_ratio": 310.69,
            "debt_ratio": 24.93,
            "inventory_turnover_ratio": 1.85,
            "account_receivable_turnover_ratio": 1.18,
            "reinvestment_rate": 220.83,
            "research_to_sale_ratio": null,
            "price_fair": 124.88,
            "eps_avg_yearly": 3.57,
            "eps_latest_yearly": 6.48,
            "eps_growth_yearly": 498.6
        },
        "20204": {
            "year_quarter": 20204,
            "year": 2020,
            "quarter": 4,
            "eps": 2.05,
            "eps_growth_year": 372.52,
            "eps_4q": 5.67,
            "eps_4q_growth_year": 1089.45,
            "roe": 4.18,
            "roe_4q": 12.01,
            "gross_profit": 1887372,
            "gross_margin": 17.18,
            "gross_margin_4q_avg": 14.61,
            "net_income": 1323375,
            "net_income_4q": null,
            "revenue": 10986136,
            "revenue_4q": null,
            "common_shares": 6461655,
            "book_valuer_per_share": 50.08,
            "book_valuer_per_share_4q_avg": 47.5,
            "equity": 32362689,
            "current_ratio": 281.79,
            "debt_ratio": 27.37,
            "inventory_turnover_ratio": 1.83,
            "account_receivable_turnover_ratio": 1.17,
            "reinvestment_rate": 330.73,
            "research_to_sale_ratio": null,
            "price_fair": 151.9,
            "eps_avg_yearly": 4.34,
            "eps_latest_yearly": 8.2,
            "eps_growth_yearly": 433.19
        },
        "20211": {
            "year_quarter": 20211,
            "year": 2021,
            "quarter": 1,
            "eps": 2.45,
            "eps_growth_year": 240.28,
            "eps_4q": 7.4,
            "eps_4q_growth_year": 354.11,
            "roe": 4.78,
            "roe_4q": 15.200000000000001,
            "gross_profit": 2199944,
            "gross_margin": 20.27,
            "gross_margin_4q_avg": 17.2,
            "net_income": 1584837,
            "net_income_4q": null,
            "revenue": 10855819,
            "revenue_4q": null,
            "common_shares": 6461655,
            "book_valuer_per_share": 52.45,
            "book_valuer_per_share_4q_avg": 49.16,
            "equity": 33892883,
            "current_ratio": 318.5,
            "debt_ratio": 24.83,
            "inventory_turnover_ratio": 1.68,
            "account_receivable_turnover_ratio": 1.2,
            "reinvestment_rate": 169.08,
            "research_to_sale_ratio": null,
            "price_fair": 179.2,
            "eps_avg_yearly": 5.12,
            "eps_latest_yearly": 9.8,
            "eps_growth_yearly": 382.46
        },
        "20212": {
            "year_quarter": 20212,
            "year": 2021,
            "quarter": 2,
            "eps": 3.61,
            "eps_growth_year": 179.84,
            "eps_4q": 9.72,
            "eps_4q_growth_year": 224.9,
            "roe": 6.86,
            "roe_4q": 19.25,
            "gross_profit": 3370047,
            "gross_margin": 26.99,
            "gross_margin_4q_avg": 20.15,
            "net_income": 2328795,
            "net_income_4q": null,
            "revenue": 12484947,
            "revenue_4q": null,
            "common_shares": 6461655,
            "book_valuer_per_share": 52.55,
            "book_valuer_per_share_4q_avg": 50.77,
            "equity": 33958462,
            "current_ratio": 240.66,
            "debt_ratio": 31.73,
            "inventory_turnover_ratio": 1.72,
            "account_receivable_turnover_ratio": 1.32,
            "reinvestment_rate": 112.68,
            "research_to_sale_ratio": null,
            "price_fair": 219.98,
            "eps_avg_yearly": 6.29,
            "eps_latest_yearly": 14.44,
            "eps_growth_yearly": 358.33
        },
        "20213": {
            "year_quarter": 20213,
            "year": 2021,
            "quarter": 3,
            "eps": 4.82,
            "eps_growth_year": 197.53,
            "eps_4q": 12.92,
            "eps_4q_growth_year": 218.4,
            "roe": 8.77,
            "roe_4q": 24.59,
            "gross_profit": 4407840,
            "gross_margin": 31.23,
            "gross_margin_4q_avg": 23.92,
            "net_income": 3113469,
            "net_income_4q": null,
            "revenue": 14113689,
            "revenue_4q": null,
            "common_shares": 6461655,
            "book_valuer_per_share": 57.3,
            "book_valuer_per_share_4q_avg": 53.1,
            "equity": 37025141,
            "current_ratio": 276.09,
            "debt_ratio": 28.44,
            "inventory_turnover_ratio": 1.83,
            "account_receivable_turnover_ratio": 1.38,
            "reinvestment_rate": 88.47,
            "research_to_sale_ratio": null,
            "price_fair": 270.51,
            "eps_avg_yearly": 7.73,
            "eps_latest_yearly": 19.28,
            "eps_growth_yearly": 333.41
        },
        "20214": {
            "year_quarter": 20214,
            "year": 2021,
            "quarter": 4,
            "eps": 5.5,
            "eps_growth_year": 168.59,
            "eps_4q": 16.38,
            "eps_4q_growth_year": 188.65,
            "roe": 9.17,
            "roe_4q": 29.58,
            "gross_profit": 4905025,
            "gross_margin": 33.2,
            "gross_margin_4q_avg": 27.92,
            "net_income": 3554424,
            "net_income_4q": null,
            "revenue": 14774002,
            "revenue_4q": null,
            "common_shares": 6461655,
            "book_valuer_per_share": 62.64,
            "book_valuer_per_share_4q_avg": 56.24,
            "equity": 40478974,
            "current_ratio": 286.94,
            "debt_ratio": 28.16,
            "inventory_turnover_ratio": 1.85,
            "account_receivable_turnover_ratio": 1.37,
            "reinvestment_rate": 75.63,
            "research_to_sale_ratio": null,
            "price_fair": 320.46,
            "eps_avg_yearly": 9.16,
            "eps_latest_yearly": 22,
            "eps_growth_yearly": 305.71
        },
        "20221": {
            "year_quarter": 20221,
            "year": 2022,
            "quarter": 1,
            "eps": 6.01,
            "eps_growth_year": 145.31,
            "eps_4q": 19.93,
            "eps_4q_growth_year": 169.24,
            "roe": 9.11,
            "roe_4q": 33.910000000000004,
            "gross_profit": 5392502,
            "gross_margin": 37.03,
            "gross_margin_4q_avg": 32.11,
            "net_income": 3883806,
            "net_income_4q": null,
            "revenue": 14561655,
            "revenue_4q": null,
            "common_shares": 6461655,
            "book_valuer_per_share": 69.36,
            "book_valuer_per_share_4q_avg": 60.46,
            "equity": 44816066,
            "current_ratio": 298.72,
            "debt_ratio": 26.81,
            "inventory_turnover_ratio": 1.73,
            "account_receivable_turnover_ratio": 1.31,
            "reinvestment_rate": 82.58,
            "research_to_sale_ratio": null,
            "price_fair": 367.82,
            "eps_avg_yearly": 10.51,
            "eps_latest_yearly": 24.04,
            "eps_growth_yearly": 281.29
        },
        "20222": {
            "year_quarter": 20222,
            "year": 2022,
            "quarter": 2,
            "eps": 7.53,
            "eps_growth_year": 108.59,
            "eps_4q": 23.86,
            "eps_4q_growth_year": 145.48,
            "roe": 11.08,
            "roe_4q": 38.129999999999995,
            "gross_profit": 5942775,
            "gross_margin": 39.13,
            "gross_margin_4q_avg": 35.15,
            "net_income": 4864290,
            "net_income_4q": null,
            "revenue": 15185715,
            "revenue_4q": null,
            "common_shares": 6461655,
            "book_valuer_per_share": 66.49,
            "book_valuer_per_share_4q_avg": 63.95,
            "equity": 42964171,
            "current_ratio": 222.27,
            "debt_ratio": 40.43,
            "inventory_turnover_ratio": 1.69,
            "account_receivable_turnover_ratio": 1.26,
            "reinvestment_rate": 73.28,
            "research_to_sale_ratio": null,
            "price_fair": 425.02,
            "eps_avg_yearly": 12.14,
            "eps_latest_yearly": 30.12,
            "eps_growth_yearly": 266.28
        },
        "20223": {
            "year_quarter": 20223,
            "year": 2022,
            "quarter": 3,
            "eps": 8.54,
            "eps_growth_year": 77.18,
            "eps_4q": 27.58,
            "eps_4q_growth_year": 113.4,
            "roe": 12.05,
            "roe_4q": 41.410000000000004,
            "gross_profit": 7009173,
            "gross_margin": 40.76,
            "gross_margin_4q_avg": 37.53,
            "net_income": 5517037,
            "net_income_4q": null,
            "revenue": 17195441,
            "revenue_4q": null,
            "common_shares": 6461655,
            "book_valuer_per_share": 75.25,
            "book_valuer_per_share_4q_avg": 68.44,
            "equity": 48626949,
            "current_ratio": 288.18,
            "debt_ratio": 36.5,
            "inventory_turnover_ratio": 1.74,
            "account_receivable_turnover_ratio": 1.28,
            "reinvestment_rate": 74.18,
            "research_to_sale_ratio": null,
            "price_fair": 484.29,
            "eps_avg_yearly": 13.84,
            "eps_latest_yearly": 34.16,
            "eps_growth_yearly": 249.92
        },
        "20224": {
            "year_quarter": 20224,
            "year": 2022,
            "quarter": 4,
            "eps": 7.97,
            "eps_growth_year": 44.9,
            "eps_4q": 30.05,
            "eps_4q_growth_year": 83.49,
            "roe": 10.06,
            "roe_4q": 42.3,
            "gross_profit": 7523162,
            "gross_margin": 42.49,
            "gross_margin_4q_avg": 39.85,
            "net_income": 5150451,
            "net_income_4q": null,
            "revenue": 17704025,
            "revenue_4q": null,
            "common_shares": 6461655,
            "book_valuer_per_share": 83.14,
            "book_valuer_per_share_4q_avg": 73.56,
            "equity": 53722567,
            "current_ratio": 301.79,
            "debt_ratio": 34.28,
            "inventory_turnover_ratio": 1.72,
            "account_receivable_turnover_ratio": 1.22,
            "reinvestment_rate": 69.93,
            "research_to_sale_ratio": null,
            "price_fair": 565.82,
            "eps_avg_yearly": 16.17,
            "eps_latest_yearly": 31.88,
            "eps_growth_yearly": 102.82
        },
        "20231": {
            "year_quarter": 20231,
            "year": 2023,
            "quarter": 1,
            "eps": 3.6,
            "eps_growth_year": -40.1,
            "eps_4q": 27.64,
            "eps_4q_growth_year": 38.64,
            "roe": 4.73,
            "roe_4q": 37.92,
            "gross_profit": 3717882,
            "gross_margin": 29.55,
            "gross_margin_4q_avg": 37.98,
            "net_income": 2325241,
            "net_income_4q": null,
            "revenue": 12580657,
            "revenue_4q": null,
            "common_shares": 6461655,
            "book_valuer_per_share": 68.89,
            "book_valuer_per_share_4q_avg": 73.44,
            "equity": 44512917,
            "current_ratio": 160.72,
            "debt_ratio": 47.14,
            "inventory_turnover_ratio": 1.59,
            "account_receivable_turnover_ratio": 0.97,
            "reinvestment_rate": 73.19,
            "research_to_sale_ratio": null,
            "price_fair": 561.4,
            "eps_avg_yearly": 16.04,
            "eps_latest_yearly": 14.4,
            "eps_growth_yearly": 79.81
        },
        "20232": {
            "year_quarter": 20232,
            "year": 2023,
            "quarter": 2,
            "eps": 2.43,
            "eps_growth_year": -67.73,
            "eps_4q": 22.54,
            "eps_4q_growth_year": -5.52,
            "roe": 3.49,
            "roe_4q": 30.330000000000002,
            "gross_profit": 1922208,
            "gross_margin": 18.97,
            "gross_margin_4q_avg": 32.94,
            "net_income": 1572540,
            "net_income_4q": null,
            "revenue": 10133643,
            "revenue_4q": null,
            "common_shares": 6461655,
            "book_valuer_per_share": 70.48,
            "book_valuer_per_share_4q_avg": 74.44,
            "equity": 45542479,
            "current_ratio": 168.01,
            "debt_ratio": 44.34,
            "inventory_turnover_ratio": 1.62,
            "account_receivable_turnover_ratio": 1.03,
            "reinvestment_rate": 72.39,
            "research_to_sale_ratio": null,
            "price_fair": 546.65,
            "eps_avg_yearly": 15.62,
            "eps_latest_yearly": 9.72,
            "eps_growth_yearly": 65.82
        },
        "20233": {
            "year_quarter": 20233,
            "year": 2023,
            "quarter": 3,
            "eps": 1.66,
            "eps_growth_year": -80.56,
            "eps_4q": 15.67,
            "eps_4q_growth_year": -43.19,
            "roe": 2.31,
            "roe_4q": 20.590000000000003,
            "gross_profit": 1521165,
            "gross_margin": 14.87,
            "gross_margin_4q_avg": 26.47,
            "net_income": 1075637,
            "net_income_4q": null,
            "revenue": 10227384,
            "revenue_4q": null,
            "common_shares": 6461655,
            "book_valuer_per_share": 73.35,
            "book_valuer_per_share_4q_avg": 73.97,
            "equity": 47395729,
            "current_ratio": 245.61,
            "debt_ratio": 33.66,
            "inventory_turnover_ratio": 1.81,
            "account_receivable_turnover_ratio": 1.19,
            "reinvestment_rate": 75.85,
            "research_to_sale_ratio": null,
            "price_fair": 527.01,
            "eps_avg_yearly": 15.06,
            "eps_latest_yearly": 6.64,
            "eps_growth_yearly": 53.78
        },
        "20234": {
            "year_quarter": 20234,
            "year": 2023,
            "quarter": 4,
            "eps": 1.3,
            "eps_growth_year": -83.63,
            "eps_4q": 9,
            "eps_4q_growth_year": -70.04,
            "roe": 1.77,
            "roe_4q": 12.3,
            "gross_profit": 1016145,
            "gross_margin": 10.91,
            "gross_margin_4q_avg": 18.58,
            "net_income": 843171,
            "net_income_4q": null,
            "revenue": 9310894,
            "revenue_4q": null,
            "common_shares": 6461655,
            "book_valuer_per_share": 74.14,
            "book_valuer_per_share_4q_avg": 71.72,
            "equity": 47907916,
            "current_ratio": 268.93,
            "debt_ratio": 31.99,
            "inventory_turnover_ratio": 1.9,
            "account_receivable_turnover_ratio": 1.2,
            "reinvestment_rate": 71.17,
            "research_to_sale_ratio": null,
            "price_fair": 534.63,
            "eps_avg_yearly": 15.28,
            "eps_latest_yearly": 5.2,
            "eps_growth_yearly": 53.45
        }
    },
    "months": {
        "2003-09": {
            "month": "2003-09",
            "price": "35.31",
            "revenue": 1481874
        },
        "2003-10": {
            "month": "2003-10",
            "price": "36.07",
            "revenue": 1556416
        },
        "2003-11": {
            "month": "2003-11",
            "price": "37.43",
            "revenue": 1447299
        },
        "2003-12": {
            "month": "2003-12",
            "price": "37.67",
            "revenue": 1495512
        },
        "2004-01": {
            "month": "2004-01",
            "price": "39.12",
            "revenue": 1281643
        },
        "2004-02": {
            "month": "2004-02",
            "price": "40.54",
            "revenue": 1225808
        },
        "2004-03": {
            "month": "2004-03",
            "price": "38.67",
            "revenue": 1420029
        },
        "2004-04": {
            "month": "2004-04",
            "price": "37.52",
            "revenue": 1356640
        },
        "2004-05": {
            "month": "2004-05",
            "price": "35.00",
            "revenue": 1305399
        },
        "2004-06": {
            "month": "2004-06",
            "price": "35.50",
            "revenue": 1420509
        },
        "2004-07": {
            "month": "2004-07",
            "price": "33.40",
            "revenue": 1446143
        },
        "2004-08": {
            "month": "2004-08",
            "price": "32.00",
            "revenue": 1574128
        },
        "2004-09": {
            "month": "2004-09",
            "price": "30.69",
            "revenue": 1532464
        },
        "2004-10": {
            "month": "2004-10",
            "price": "29.10",
            "revenue": 1544880
        },
        "2004-11": {
            "month": "2004-11",
            "price": "28.64",
            "revenue": 1577180
        },
        "2004-12": {
            "month": "2004-12",
            "price": "28.67",
            "revenue": 1655473
        },
        "2005-01": {
            "month": "2005-01",
            "price": "27.86",
            "revenue": 1558744
        },
        "2005-02": {
            "month": "2005-02",
            "price": "27.11",
            "revenue": 1290072
        },
        "2005-03": {
            "month": "2005-03",
            "price": "34.91",
            "revenue": 1722964
        },
        "2005-04": {
            "month": "2005-04",
            "price": "41.12",
            "revenue": 1689942
        },
        "2005-05": {
            "month": "2005-05",
            "price": "45.61",
            "revenue": 1817560
        },
        "2005-06": {
            "month": "2005-06",
            "price": "50.61",
            "revenue": 1868081
        },
        "2005-07": {
            "month": "2005-07",
            "price": "50.09",
            "revenue": 1901450
        },
        "2005-08": {
            "month": "2005-08",
            "price": "74.86",
            "revenue": 2122701
        },
        "2005-09": {
            "month": "2005-09",
            "price": "82.94",
            "revenue": 2264414
        },
        "2005-10": {
            "month": "2005-10",
            "price": "99.04",
            "revenue": 2401070
        },
        "2005-11": {
            "month": "2005-11",
            "price": "110.50",
            "revenue": 2599662
        },
        "2005-12": {
            "month": "2005-12",
            "price": "186.14",
            "revenue": 2921609
        },
        "2006-01": {
            "month": "2006-01",
            "price": "273.21",
            "revenue": 2792819
        },
        "2006-02": {
            "month": "2006-02",
            "price": "286.38",
            "revenue": 2653931
        },
        "2006-03": {
            "month": "2006-03",
            "price": "299.65",
            "revenue": 3034631
        },
        "2006-04": {
            "month": "2006-04",
            "price": "353.50",
            "revenue": 2923670
        },
        "2006-05": {
            "month": "2006-05",
            "price": "314.07",
            "revenue": 3024128
        },
        "2006-06": {
            "month": "2006-06",
            "price": "261.77",
            "revenue": 3083594
        },
        "2006-07": {
            "month": "2006-07",
            "price": "237.64",
            "revenue": 3106370
        },
        "2006-08": {
            "month": "2006-08",
            "price": "240.46",
            "revenue": 3110994
        },
        "2006-09": {
            "month": "2006-09",
            "price": "249.57",
            "revenue": 3129054
        },
        "2006-10": {
            "month": "2006-10",
            "price": "222.12",
            "revenue": 3164531
        },
        "2006-11": {
            "month": "2006-11",
            "price": "222.25",
            "revenue": 3210730
        },
        "2006-12": {
            "month": "2006-12",
            "price": "224.24",
            "revenue": 3214140
        },
        "2007-01": {
            "month": "2007-01",
            "price": "227.89",
            "revenue": 3215988
        },
        "2007-02": {
            "month": "2007-02",
            "price": "211.25",
            "revenue": 2816649
        },
        "2007-03": {
            "month": "2007-03",
            "price": "221.59",
            "revenue": 3100955
        },
        "2007-04": {
            "month": "2007-04",
            "price": "209.30",
            "revenue": 2625315
        },
        "2007-05": {
            "month": "2007-05",
            "price": "190.86",
            "revenue": 2501999
        },
        "2007-06": {
            "month": "2007-06",
            "price": "192.32",
            "revenue": 2714172
        },
        "2007-07": {
            "month": "2007-07",
            "price": "216.14",
            "revenue": 3121320
        },
        "2007-08": {
            "month": "2007-08",
            "price": "213.52",
            "revenue": 3428568
        },
        "2007-09": {
            "month": "2007-09",
            "price": "205.17",
            "revenue": 3512119
        },
        "2007-10": {
            "month": "2007-10",
            "price": "206.50",
            "revenue": 3712516
        },
        "2007-11": {
            "month": "2007-11",
            "price": "206.45",
            "revenue": 3913891
        },
        "2007-12": {
            "month": "2007-12",
            "price": "221.81",
            "revenue": 4040426
        },
        "2008-01": {
            "month": "2008-01",
            "price": "175.61",
            "revenue": 3688980
        },
        "2008-02": {
            "month": "2008-02",
            "price": "150.43",
            "revenue": 2542226
        },
        "2008-03": {
            "month": "2008-03",
            "price": "143.55",
            "revenue": 2867705
        },
        "2008-04": {
            "month": "2008-04",
            "price": "152.83",
            "revenue": 2951731
        },
        "2008-05": {
            "month": "2008-05",
            "price": "163.02",
            "revenue": 3301096
        },
        "2008-06": {
            "month": "2008-06",
            "price": "157.67",
            "revenue": 3440071
        },
        "2008-07": {
            "month": "2008-07",
            "price": "141.41",
            "revenue": 3573563
        },
        "2008-08": {
            "month": "2008-08",
            "price": "147.74",
            "revenue": 3500834
        },
        "2008-09": {
            "month": "2008-09",
            "price": "123.01",
            "revenue": 3551150
        },
        "2008-10": {
            "month": "2008-10",
            "price": "81.25",
            "revenue": 3517150
        },
        "2008-11": {
            "month": "2008-11",
            "price": "72.85",
            "revenue": 2468565
        },
        "2008-12": {
            "month": "2008-12",
            "price": "67.88",
            "revenue": 1895742
        },
        "2009-01": {
            "month": "2009-01",
            "price": "66.83",
            "revenue": 966779
        },
        "2009-02": {
            "month": "2009-02",
            "price": "64.51",
            "revenue": 1507470
        },
        "2009-03": {
            "month": "2009-03",
            "price": "83.79",
            "revenue": 1966723
        },
        "2009-04": {
            "month": "2009-04",
            "price": "90.45",
            "revenue": 2201160
        },
        "2009-05": {
            "month": "2009-05",
            "price": "99.99",
            "revenue": 2178901
        },
        "2009-06": {
            "month": "2009-06",
            "price": "89.63",
            "revenue": 2334365
        },
        "2009-07": {
            "month": "2009-07",
            "price": "98.50",
            "revenue": 2573555
        },
        "2009-08": {
            "month": "2009-08",
            "price": "110.18",
            "revenue": 2619656
        },
        "2009-09": {
            "month": "2009-09",
            "price": "117.20",
            "revenue": 2702346
        },
        "2009-10": {
            "month": "2009-10",
            "price": "108.16",
            "revenue": 2683132
        },
        "2009-11": {
            "month": "2009-11",
            "price": "103.82",
            "revenue": 2646248
        },
        "2009-12": {
            "month": "2009-12",
            "price": "119.00",
            "revenue": 2696488
        },
        "2010-01": {
            "month": "2010-01",
            "price": "134.90",
            "revenue": 2670888
        },
        "2010-02": {
            "month": "2010-02",
            "price": "124.43",
            "revenue": 2363698
        },
        "2010-03": {
            "month": "2010-03",
            "price": "125.52",
            "revenue": 2998249
        },
        "2010-04": {
            "month": "2010-04",
            "price": "132.00",
            "revenue": 3012657
        },
        "2010-05": {
            "month": "2010-05",
            "price": "138.05",
            "revenue": 3014693
        },
        "2010-06": {
            "month": "2010-06",
            "price": "134.07",
            "revenue": 3015772
        },
        "2010-07": {
            "month": "2010-07",
            "price": "138.73",
            "revenue": 3180307
        },
        "2010-08": {
            "month": "2010-08",
            "price": "119.93",
            "revenue": 2993202
        },
        "2010-09": {
            "month": "2010-09",
            "price": "110.95",
            "revenue": 2979062
        },
        "2010-10": {
            "month": "2010-10",
            "price": "118.62",
            "revenue": 3159385
        },
        "2010-11": {
            "month": "2010-11",
            "price": "111.30",
            "revenue": 3351684
        },
        "2010-12": {
            "month": "2010-12",
            "price": "111.48",
            "revenue": 3069835
        },
        "2011-01": {
            "month": "2011-01",
            "price": "108.38",
            "revenue": 2855158
        },
        "2011-02": {
            "month": "2011-02",
            "price": "104.79",
            "revenue": 2600066
        },
        "2011-03": {
            "month": "2011-03",
            "price": "96.95",
            "revenue": 2958411
        },
        "2011-04": {
            "month": "2011-04",
            "price": "94.79",
            "revenue": 2949051
        },
        "2011-05": {
            "month": "2011-05",
            "price": "107.94",
            "revenue": 3239702
        },
        "2011-06": {
            "month": "2011-06",
            "price": "113.12",
            "revenue": 3190030
        },
        "2011-07": {
            "month": "2011-07",
            "price": "102.31",
            "revenue": 3429348
        },
        "2011-08": {
            "month": "2011-08",
            "price": "94.25",
            "revenue": 3736009
        },
        "2011-09": {
            "month": "2011-09",
            "price": "93.42",
            "revenue": 3638444
        },
        "2011-10": {
            "month": "2011-10",
            "price": "86.02",
            "revenue": 3377882
        },
        "2011-11": {
            "month": "2011-11",
            "price": "77.93",
            "revenue": 3291145
        },
        "2011-12": {
            "month": "2011-12",
            "price": "63.36",
            "revenue": 2603713
        },
        "2012-01": {
            "month": "2012-01",
            "price": "64.27",
            "revenue": 2312305
        },
        "2012-02": {
            "month": "2012-02",
            "price": "72.75",
            "revenue": 2161643
        },
        "2012-03": {
            "month": "2012-03",
            "price": "69.23",
            "revenue": 2742495
        },
        "2012-04": {
            "month": "2012-04",
            "price": "59.65",
            "revenue": 2167736
        },
        "2012-05": {
            "month": "2012-05",
            "price": "51.32",
            "revenue": 2510509
        },
        "2012-06": {
            "month": "2012-06",
            "price": "46.94",
            "revenue": 2393779
        },
        "2012-07": {
            "month": "2012-07",
            "price": "47.89",
            "revenue": 2444753
        },
        "2012-08": {
            "month": "2012-08",
            "price": "50.28",
            "revenue": 2451279
        },
        "2012-09": {
            "month": "2012-09",
            "price": "48.27",
            "revenue": 2445261
        },
        "2012-10": {
            "month": "2012-10",
            "price": "41.82",
            "revenue": 2663391
        },
        "2012-11": {
            "month": "2012-11",
            "price": "34.30",
            "revenue": 2352501
        },
        "2012-12": {
            "month": "2012-12",
            "price": "35.70",
            "revenue": 2158040
        },
        "2013-01": {
            "month": "2013-01",
            "price": "36.11",
            "revenue": 2364119
        },
        "2013-02": {
            "month": "2013-02",
            "price": "35.23",
            "revenue": 1788688
        },
        "2013-03": {
            "month": "2013-03",
            "price": "33.47",
            "revenue": 2389644
        },
        "2013-04": {
            "month": "2013-04",
            "price": "32.43",
            "revenue": 2425023
        },
        "2013-05": {
            "month": "2013-05",
            "price": "35.62",
            "revenue": 2657042
        },
        "2013-06": {
            "month": "2013-06",
            "price": "41.28",
            "revenue": 2687861
        },
        "2013-07": {
            "month": "2013-07",
            "price": "40.55",
            "revenue": 2856756
        },
        "2013-08": {
            "month": "2013-08",
            "price": "33.52",
            "revenue": 3308458
        },
        "2013-09": {
            "month": "2013-09",
            "price": "36.35",
            "revenue": 3100668
        },
        "2013-10": {
            "month": "2013-10",
            "price": "38.33",
            "revenue": 3200863
        },
        "2013-11": {
            "month": "2013-11",
            "price": "36.12",
            "revenue": 2917360
        },
        "2013-12": {
            "month": "2013-12",
            "price": "35.38",
            "revenue": 2655095
        },
        "2014-01": {
            "month": "2014-01",
            "price": "37.57",
            "revenue": 2634831
        },
        "2014-02": {
            "month": "2014-02",
            "price": "36.22",
            "revenue": 2313830
        },
        "2014-03": {
            "month": "2014-03",
            "price": "37.11",
            "revenue": 2895777
        },
        "2014-04": {
            "month": "2014-04",
            "price": "39.17",
            "revenue": 3205810
        },
        "2014-05": {
            "month": "2014-05",
            "price": "45.91",
            "revenue": 3284756
        },
        "2014-06": {
            "month": "2014-06",
            "price": "51.04",
            "revenue": 3033774
        },
        "2014-07": {
            "month": "2014-07",
            "price": "49.14",
            "revenue": 3164032
        },
        "2014-08": {
            "month": "2014-08",
            "price": "51.68",
            "revenue": 3041089
        },
        "2014-09": {
            "month": "2014-09",
            "price": "48.69",
            "revenue": 3045556
        },
        "2014-10": {
            "month": "2014-10",
            "price": "43.61",
            "revenue": 3152161
        },
        "2014-11": {
            "month": "2014-11",
            "price": "40.53",
            "revenue": 2660408
        },
        "2014-12": {
            "month": "2014-12",
            "price": "40.89",
            "revenue": 2535498
        },
        "2015-01": {
            "month": "2015-01",
            "price": "42.52",
            "revenue": 2838381
        },
        "2015-02": {
            "month": "2015-02",
            "price": "43.88",
            "revenue": 2220687
        },
        "2015-03": {
            "month": "2015-03",
            "price": "48.44",
            "revenue": 2976590
        },
        "2015-04": {
            "month": "2015-04",
            "price": "54.83",
            "revenue": 2721509
        },
        "2015-05": {
            "month": "2015-05",
            "price": "54.55",
            "revenue": 2547474
        },
        "2015-06": {
            "month": "2015-06",
            "price": "43.84",
            "revenue": 2417119
        },
        "2015-07": {
            "month": "2015-07",
            "price": "34.79",
            "revenue": 2289929
        },
        "2015-08": {
            "month": "2015-08",
            "price": "26.99",
            "revenue": 2317174
        },
        "2015-09": {
            "month": "2015-09",
            "price": "31.13",
            "revenue": 2484073
        },
        "2015-10": {
            "month": "2015-10",
            "price": "33.48",
            "revenue": 2424590
        },
        "2015-11": {
            "month": "2015-11",
            "price": "33.80",
            "revenue": 2361224
        },
        "2015-12": {
            "month": "2015-12",
            "price": "34.94",
            "revenue": 2304089
        },
        "2016-01": {
            "month": "2016-01",
            "price": "31.84",
            "revenue": 2785265
        },
        "2016-02": {
            "month": "2016-02",
            "price": "33.05",
            "revenue": 2184485
        },
        "2016-03": {
            "month": "2016-03",
            "price": "34.36",
            "revenue": 2689952
        },
        "2016-04": {
            "month": "2016-04",
            "price": "31.66",
            "revenue": 2453144
        },
        "2016-05": {
            "month": "2016-05",
            "price": "29.64",
            "revenue": 2491243
        },
        "2016-06": {
            "month": "2016-06",
            "price": "29.28",
            "revenue": 2461237
        },
        "2016-07": {
            "month": "2016-07",
            "price": "28.63",
            "revenue": 2462346
        },
        "2016-08": {
            "month": "2016-08",
            "price": "27.11",
            "revenue": 2575974
        },
        "2016-09": {
            "month": "2016-09",
            "price": "25.78",
            "revenue": 2384423
        },
        "2016-10": {
            "month": "2016-10",
            "price": "24.43",
            "revenue": 2081650
        },
        "2016-11": {
            "month": "2016-11",
            "price": "23.65",
            "revenue": 2349999
        },
        "2016-12": {
            "month": "2016-12",
            "price": "24.39",
            "revenue": 2250852
        },
        "2017-01": {
            "month": "2017-01",
            "price": "24.78",
            "revenue": 2059906
        },
        "2017-02": {
            "month": "2017-02",
            "price": "25.47",
            "revenue": 1865261
        },
        "2017-03": {
            "month": "2017-03",
            "price": "25.26",
            "revenue": 2193625
        },
        "2017-04": {
            "month": "2017-04",
            "price": "26.51",
            "revenue": 2119420
        },
        "2017-05": {
            "month": "2017-05",
            "price": "25.58",
            "revenue": 2268083
        },
        "2017-06": {
            "month": "2017-06",
            "price": "25.05",
            "revenue": 2437113
        },
        "2017-07": {
            "month": "2017-07",
            "price": "24.82",
            "revenue": 2304908
        },
        "2017-08": {
            "month": "2017-08",
            "price": "24.05",
            "revenue": 2378193
        },
        "2017-09": {
            "month": "2017-09",
            "price": "24.58",
            "revenue": 2279434
        },
        "2017-10": {
            "month": "2017-10",
            "price": "25.38",
            "revenue": 2304963
        },
        "2017-11": {
            "month": "2017-11",
            "price": "26.70",
            "revenue": 2256984
        },
        "2017-12": {
            "month": "2017-12",
            "price": "26.09",
            "revenue": 2155122
        },
        "2018-01": {
            "month": "2018-01",
            "price": "26.61",
            "revenue": 2263525
        },
        "2018-02": {
            "month": "2018-02",
            "price": "26.38",
            "revenue": 1692573
        },
        "2018-03": {
            "month": "2018-03",
            "price": "32.63",
            "revenue": 2219797
        },
        "2018-04": {
            "month": "2018-04",
            "price": "29.57",
            "revenue": 2198990
        },
        "2018-05": {
            "month": "2018-05",
            "price": "25.71",
            "revenue": 2385483
        },
        "2018-06": {
            "month": "2018-06",
            "price": "26.98",
            "revenue": 2404059
        },
        "2018-07": {
            "month": "2018-07",
            "price": "26.74",
            "revenue": 2598345
        },
        "2018-08": {
            "month": "2018-08",
            "price": "28.60",
            "revenue": 2683443
        },
        "2018-09": {
            "month": "2018-09",
            "price": "31.45",
            "revenue": 2633927
        },
        "2018-10": {
            "month": "2018-10",
            "price": "26.25",
            "revenue": 2770895
        },
        "2018-11": {
            "month": "2018-11",
            "price": "29.80",
            "revenue": 2610010
        },
        "2018-12": {
            "month": "2018-12",
            "price": "35.70",
            "revenue": 2371504
        },
        "2019-01": {
            "month": "2019-01",
            "price": "35.10",
            "revenue": 2457837
        },
        "2019-02": {
            "month": "2019-02",
            "price": "37.67",
            "revenue": 1638299
        },
        "2019-03": {
            "month": "2019-03",
            "price": "40.05",
            "revenue": 2183680
        },
        "2019-04": {
            "month": "2019-04",
            "price": "48.64",
            "revenue": 2339693
        },
        "2019-05": {
            "month": "2019-05",
            "price": "39.92",
            "revenue": 2647574
        },
        "2019-06": {
            "month": "2019-06",
            "price": "36.66",
            "revenue": 2622175
        },
        "2019-07": {
            "month": "2019-07",
            "price": "41.38",
            "revenue": 2776248
        },
        "2019-08": {
            "month": "2019-08",
            "price": "40.35",
            "revenue": 2749332
        },
        "2019-09": {
            "month": "2019-09",
            "price": "45.97",
            "revenue": 2904147
        },
        "2019-10": {
            "month": "2019-10",
            "price": "52.74",
            "revenue": 2963669
        },
        "2019-11": {
            "month": "2019-11",
            "price": "53.08",
            "revenue": 2797707
        },
        "2019-12": {
            "month": "2019-12",
            "price": "48.57",
            "revenue": 3013628
        },
        "2020-01": {
            "month": "2020-01",
            "price": "47.36",
            "revenue": 2480951
        },
        "2020-02": {
            "month": "2020-02",
            "price": "48.50",
            "revenue": 2348603
        },
        "2020-03": {
            "month": "2020-03",
            "price": "49.58",
            "revenue": 3087211
        },
        "2020-04": {
            "month": "2020-04",
            "price": "62.18",
            "revenue": 2937502
        },
        "2020-05": {
            "month": "2020-05",
            "price": "64.04",
            "revenue": 2922882
        },
        "2020-06": {
            "month": "2020-06",
            "price": "65.88",
            "revenue": 3243693
        },
        "2020-07": {
            "month": "2020-07",
            "price": "87.77",
            "revenue": 3377828
        },
        "2020-08": {
            "month": "2020-08",
            "price": "126.40",
            "revenue": 3636289
        },
        "2020-09": {
            "month": "2020-09",
            "price": "127.45",
            "revenue": 3491648
        },
        "2020-10": {
            "month": "2020-10",
            "price": "122.24",
            "revenue": 3602318
        },
        "2020-11": {
            "month": "2020-11",
            "price": "139.00",
            "revenue": 3652584
        },
        "2020-12": {
            "month": "2020-12",
            "price": "175.37",
            "revenue": 3731234
        },
        "2021-01": {
            "month": "2021-01",
            "price": "223.75",
            "revenue": 3921811
        },
        "2021-02": {
            "month": "2021-02",
            "price": "275.88",
            "revenue": 3067789
        },
        "2021-03": {
            "month": "2021-03",
            "price": "304.91",
            "revenue": 3866219
        },
        "2021-04": {
            "month": "2021-04",
            "price": "325.58",
            "revenue": 4139307
        },
        "2021-05": {
            "month": "2021-05",
            "price": "304.50",
            "revenue": 4099461
        },
        "2021-06": {
            "month": "2021-06",
            "price": "361.05",
            "revenue": 4246179
        },
        "2021-07": {
            "month": "2021-07",
            "price": "409.41",
            "revenue": 4881258
        },
        "2021-08": {
            "month": "2021-08",
            "price": "390.68",
            "revenue": 4724583
        },
        "2021-09": {
            "month": "2021-09",
            "price": "441.02",
            "revenue": 4507848
        },
        "2021-10": {
            "month": "2021-10",
            "price": "431.68",
            "revenue": 5102473
        },
        "2021-11": {
            "month": "2021-11",
            "price": "558.36",
            "revenue": 4763153
        },
        "2021-12": {
            "month": "2021-12",
            "price": "576.95",
            "revenue": 4908376
        },
        "2022-01": {
            "month": "2022-01",
            "price": "528.14",
            "revenue": 5240240
        },
        "2022-02": {
            "month": "2022-02",
            "price": "516.40",
            "revenue": 4120944
        },
        "2022-03": {
            "month": "2022-03",
            "price": "504.30",
            "revenue": 5200471
        },
        "2022-04": {
            "month": "2022-04",
            "price": "452.50",
            "revenue": 4434682
        },
        "2022-05": {
            "month": "2022-05",
            "price": "395.74",
            "revenue": 5229256
        },
        "2022-06": {
            "month": "2022-06",
            "price": "326.14",
            "revenue": 5521777
        },
        "2022-07": {
            "month": "2022-07",
            "price": "253.76",
            "revenue": 5531701
        },
        "2022-08": {
            "month": "2022-08",
            "price": "263.24",
            "revenue": 5756589
        },
        "2022-09": {
            "month": "2022-09",
            "price": "221.93",
            "revenue": 5907151
        },
        "2022-10": {
            "month": "2022-10",
            "price": "199.22",
            "revenue": 6005418
        },
        "2022-11": {
            "month": "2022-11",
            "price": "249.18",
            "revenue": 5954557
        },
        "2022-12": {
            "month": "2022-12",
            "price": "263.09",
            "revenue": 5744050
        },
        "2023-01": {
            "month": "2023-01",
            "price": "232.92",
            "revenue": 4105697
        },
        "2023-02": {
            "month": "2023-02",
            "price": "244.42",
            "revenue": 4109485
        },
        "2023-03": {
            "month": "2023-03",
            "price": "266.67",
            "revenue": 4365475
        },
        "2023-04": {
            "month": "2023-04",
            "price": "266.62",
            "revenue": 3709379
        },
        "2023-05": {
            "month": "2023-05",
            "price": "287.34",
            "revenue": 3338634
        },
        "2023-06": {
            "month": "2023-06",
            "price": "283.35",
            "revenue": 3085630
        },
        "2023-07": {
            "month": "2023-07",
            "price": "258.43",
            "revenue": 3333511
        },
        "2023-08": {
            "month": "2023-08",
            "price": "239.48",
            "revenue": 3374154
        },
        "2023-09": {
            "month": "2023-09",
            "price": "259.35",
            "revenue": 3519719
        },
        "2023-10": {
            "month": "2023-10",
            "price": "248.18",
            "revenue": 3600237
        },
        "2023-11": {
            "month": "2023-11",
            "price": "237.25",
            "revenue": 3034064
        },
        "2023-12": {
            "month": "2023-12",
            "price": "248.76",
            "revenue": 2676593
        },
        "2024-01": {
            "month": "2024-01",
            "price": "227.16",
            "revenue": 2561593
        },
        "2024-02": {
            "month": "2024-02",
            "price": "223.81",
            "revenue": 1872631
        }
    }
}
