{
    "summary": {
        "stock_name": "星雲",
        "stock_id": "8047",
        "category": "其他電子",
        "main_business": "電腦割字機<br>雷射雕刻機",
        "website_url": "http://www.gccworld.com",
        "ceo": "吳景湧",
        "pe_ratio": -8,
        "report_year_from": 2001,
        "report_year_to": 2023,
        "age": 22,
        "eps_negative_percentage": 24,
        "eps_growth_avg": {
            "last_all": -17.48,
            "last_2y": -23.21,
            "last_4y": -48.81,
            "last_8y": -16.36,
            "last_12y": -4.54,
            "last_16y": -10.39,
            "last_20y": null,
            "at_2006_last_3y": null,
            "at_2007_last_3y": -24.28,
            "at_2008_last_3y": -19.29,
            "at_2009_last_3y": -25,
            "at_2010_last_3y": -12.39,
            "at_2011_last_3y": -66.46,
            "at_2012_last_3y": -20.74,
            "at_2013_last_3y": 23.05,
            "at_2014_last_3y": 20.65,
            "at_2015_last_3y": 32.58,
            "at_2016_last_3y": 1.81,
            "at_2017_last_3y": 7.97,
            "at_2018_last_3y": -20.39,
            "at_2019_last_3y": -22.36,
            "at_2020_last_3y": -22,
            "at_2021_last_3y": -23.21,
            "at_2022_last_3y": -23.21,
            "at_2023_last_3y": -23.21,
            "at_2006_last_all": -65.71,
            "at_2007_last_all": -24.28,
            "at_2008_last_all": -26.86,
            "at_2009_last_all": -39.05,
            "at_2010_last_all": -39.05,
            "at_2011_last_all": -42.36,
            "at_2012_last_all": -24.56,
            "at_2013_last_all": -18.35,
            "at_2014_last_all": -15.17,
            "at_2015_last_all": -15.11,
            "at_2016_last_all": -15.77,
            "at_2017_last_all": -10.25,
            "at_2018_last_all": -16.66,
            "at_2019_last_all": -16.66,
            "at_2020_last_all": -16.66,
            "at_2021_last_all": -11.98,
            "at_2022_last_all": -17.48,
            "at_2023_last_all": -17.48
        },
        "latest_eps": -1.42,
        "latest_price": 11.65,
        "latest_roe": -12.43,
        "latest_gross_margin": 18.93,
        "latest_equity": 455612,
        "latest_revenue": 133052,
        "latest_gross_profit": 25186,
        "latest_net_income": -23353,
        "latest_debt_ratio": 16.93,
        "latest_current_ratio": 411.25,
        "latest_account_receivable_turnover_ratio": 2.91,
        "latest_inventory_turnover_ratio": 0.52,
        "latest_reinvestment_rate": null,
        "latest_research_to_sale_ratio": 8.11
    },
    "eps_dividends": {
        "2001": {
            "cash": 0,
            "stock": 0,
            "eps": 0
        },
        "2002": {
            "cash": 0,
            "stock": 1.2,
            "eps": 0
        },
        "2003": {
            "cash": 0.1,
            "stock": 1.5,
            "eps": 3.57
        },
        "2004": {
            "cash": 0,
            "stock": 2.2,
            "eps": 1.53
        },
        "2005": {
            "cash": 0,
            "stock": 1.2,
            "eps": 0.35
        },
        "2006": {
            "cash": 0.2,
            "stock": 0,
            "eps": 0.13
        },
        "2007": {
            "cash": 0,
            "stock": 0.2,
            "eps": 1.48
        },
        "2008": {
            "cash": 0,
            "stock": 0.8,
            "eps": 0.93
        },
        "2009": {
            "cash": 0,
            "stock": 0.4,
            "eps": -1.04
        },
        "2010": {
            "cash": 0,
            "stock": 0,
            "eps": 0.45
        },
        "2011": {
            "cash": 0,
            "stock": 0,
            "eps": 0.17
        },
        "2012": {
            "cash": 0.15,
            "stock": 0,
            "eps": 0.51
        },
        "2013": {
            "cash": 0.2,
            "stock": 0,
            "eps": 0.67
        },
        "2014": {
            "cash": 0.2,
            "stock": 0,
            "eps": 0.76
        },
        "2015": {
            "cash": 0.35,
            "stock": 0,
            "eps": 0.65
        },
        "2016": {
            "cash": 0.35,
            "stock": 0,
            "eps": 0.5
        },
        "2017": {
            "cash": 0.35,
            "stock": 0,
            "eps": 0.78
        },
        "2018": {
            "cash": 0.35,
            "stock": 0,
            "eps": -0.14
        },
        "2019": {
            "cash": 0,
            "stock": 0,
            "eps": -0.5
        },
        "2020": {
            "cash": 0,
            "stock": 0,
            "eps": 0.28
        },
        "2021": {
            "cash": 0.15,
            "stock": 0,
            "eps": 0.43
        },
        "2022": {
            "cash": 0.25,
            "stock": 0,
            "eps": -0.84
        },
        "2023": {
            "cash": 0,
            "stock": 0,
            "eps": -0.56
        }
    },
    "dividends": {
        "2002-06-12": {
            "cash": 0,
            "stock": 1.2
        },
        "2003-06-27": {
            "cash": 0.1,
            "stock": 1.5
        },
        "2004-03-24": {
            "cash": 0,
            "stock": 2.2
        },
        "2005-03-30": {
            "cash": 0,
            "stock": 1.2
        },
        "2006-04-03": {
            "cash": 0.2,
            "stock": 0
        },
        "2007-03-30": {
            "cash": 0,
            "stock": 0.2
        },
        "2008-03-21": {
            "cash": 0,
            "stock": 0.8
        },
        "2009-03-25": {
            "cash": 0,
            "stock": 0.4
        },
        "2012-06-22": {
            "cash": 0.15,
            "stock": 0
        },
        "2013-06-21": {
            "cash": 0.2,
            "stock": 0
        },
        "2014-08-08": {
            "cash": 0.2,
            "stock": 0
        },
        "2015-08-07": {
            "cash": 0.35,
            "stock": 0
        },
        "2016-08-24": {
            "cash": 0.35,
            "stock": 0
        },
        "2017-08-09": {
            "cash": 0.35,
            "stock": 0
        },
        "2018-08-03": {
            "cash": 0.35,
            "stock": 0
        },
        "2021-09-29": {
            "cash": 0.15,
            "stock": 0
        },
        "2022-09-23": {
            "cash": 0.25,
            "stock": 0
        }
    },
    "prices": {
        "200101": "無",
        "200102": "無",
        "200103": "無",
        "200104": "無",
        "200105": "無",
        "200106": "無",
        "200107": "無",
        "200108": "無",
        "200109": "無",
        "200110": "無",
        "200111": "無",
        "200112": "無",
        "200201": "無",
        "200202": "無",
        "200203": "無",
        "200204": "無",
        "200205": "無",
        "200206": "無",
        "200207": "無",
        "200208": "無",
        "200209": "無",
        "200210": "無",
        "200211": "無",
        "200212": "無",
        "200301": "無",
        "200302": "無",
        "200303": "無",
        "200304": "無",
        "200305": "無",
        "200306": "無",
        "200307": "無",
        "200308": "無",
        "200309": "33.54",
        "200310": "34.25",
        "200311": "36.44",
        "200312": "37.78",
        "200401": "38.75",
        "200402": "37.13",
        "200403": "38.55",
        "200404": "38.36",
        "200405": "35.31",
        "200406": "34.11",
        "200407": "31.38",
        "200408": "27.22",
        "200409": "23.84",
        "200410": "17.30",
        "200411": "14.17",
        "200412": "13.74",
        "200501": "13.38",
        "200502": "13.04",
        "200503": "14.72",
        "200504": "12.92",
        "200505": "12.81",
        "200506": "13.21",
        "200507": "13.06",
        "200508": "10.57",
        "200509": "9.57",
        "200510": "9.56",
        "200511": "9.84",
        "200512": "10.05",
        "200601": "11.73",
        "200602": "10.97",
        "200603": "10.27",
        "200604": "10.29",
        "200605": "12.17",
        "200606": "14.25",
        "200607": "13.21",
        "200608": "12.30",
        "200609": "11.50",
        "200610": "10.19",
        "200611": "10.82",
        "200612": "12.01",
        "200701": "12.40",
        "200702": "12.60",
        "200703": "13.34",
        "200704": "14.12",
        "200705": "14.13",
        "200706": "17.38",
        "200707": "22.79",
        "200708": "18.93",
        "200709": "15.59",
        "200710": "15.62",
        "200711": "16.09",
        "200712": "13.63",
        "200801": "13.21",
        "200802": "12.85",
        "200803": "13.57",
        "200804": "14.28",
        "200805": "15.35",
        "200806": "14.14",
        "200807": "13.36",
        "200808": "14.55",
        "200809": "12.35",
        "200810": "10.25",
        "200811": "8.09",
        "200812": "6.98",
        "200901": "6.98",
        "200902": "7.01",
        "200903": "7.78",
        "200904": "9.12",
        "200905": "7.96",
        "200906": "7.80",
        "200907": "8.38",
        "200908": "8.50",
        "200909": "8.53",
        "200910": "10.89",
        "200911": "11.86",
        "200912": "11.60",
        "201001": "11.69",
        "201002": "10.29",
        "201003": "11.52",
        "201004": "13.35",
        "201005": "12.13",
        "201006": "12.23",
        "201007": "13.53",
        "201008": "17.40",
        "201009": "16.74",
        "201010": "16.70",
        "201011": "15.58",
        "201012": "15.35",
        "201101": "13.70",
        "201102": "13.36",
        "201103": "12.95",
        "201104": "12.79",
        "201105": "11.78",
        "201106": "11.56",
        "201107": "11.76",
        "201108": "10.85",
        "201109": "10.14",
        "201110": "9.94",
        "201111": "9.74",
        "201112": "8.96",
        "201201": "8.56",
        "201202": "9.58",
        "201203": "9.99",
        "201204": "9.65",
        "201205": "9.40",
        "201206": "9.09",
        "201207": "8.88",
        "201208": "8.69",
        "201209": "9.60",
        "201210": "9.23",
        "201211": "9.45",
        "201212": "9.69",
        "201301": "9.90",
        "201302": "10.46",
        "201303": "10.57",
        "201304": "11.29",
        "201305": "11.71",
        "201306": "11.11",
        "201307": "10.98",
        "201308": "10.77",
        "201309": "10.58",
        "201310": "10.54",
        "201311": "10.35",
        "201312": "10.83",
        "201401": "11.62",
        "201402": "12.08",
        "201403": "12.77",
        "201404": "12.51",
        "201405": "12.44",
        "201406": "12.40",
        "201407": "12.14",
        "201408": "11.87",
        "201409": "12.75",
        "201410": "12.75",
        "201411": "12.24",
        "201412": "12.89",
        "201501": "15.16",
        "201502": "14.60",
        "201503": "14.02",
        "201504": "13.82",
        "201505": "13.95",
        "201506": "12.96",
        "201507": "12.94",
        "201508": "12.24",
        "201509": "10.81",
        "201510": "11.10",
        "201511": "11.25",
        "201512": "10.86",
        "201601": "10.95",
        "201602": "10.65",
        "201603": "10.94",
        "201604": "11.08",
        "201605": "10.70",
        "201606": "10.40",
        "201607": "10.34",
        "201608": "10.12",
        "201609": "10.22",
        "201610": "10.13",
        "201611": "10.41",
        "201612": "10.93",
        "201701": "10.65",
        "201702": "10.86",
        "201703": "11.10",
        "201704": "11.24",
        "201705": "11.85",
        "201706": "12.36",
        "201707": "12.34",
        "201708": "12.20",
        "201709": "12.12",
        "201710": "11.92",
        "201711": "12.02",
        "201712": "12.12",
        "201801": "12.09",
        "201802": "11.99",
        "201803": "12.79",
        "201804": "12.12",
        "201805": "11.70",
        "201806": "11.56",
        "201807": "11.41",
        "201808": "11.10",
        "201809": "10.87",
        "201810": "10.51",
        "201811": "9.87",
        "201812": "11.31",
        "201901": "10.85",
        "201902": "10.71",
        "201903": "10.46",
        "201904": "11.12",
        "201905": "10.37",
        "201906": "10.54",
        "201907": "11.30",
        "201908": "10.49",
        "201909": "10.17",
        "201910": "10.55",
        "201911": "10.98",
        "201912": "10.93",
        "202001": "11.41",
        "202002": "11.43",
        "202003": "10.31",
        "202004": "10.08",
        "202005": "9.98",
        "202006": "9.94",
        "202007": "9.87",
        "202008": "9.80",
        "202009": "10.23",
        "202010": "11.16",
        "202011": "11.41",
        "202012": "11.35",
        "202101": "11.34",
        "202102": "11.18",
        "202103": "11.18",
        "202104": "11.79",
        "202105": "11.66",
        "202106": "11.62",
        "202107": "11.89",
        "202108": "12.14",
        "202109": "12.33",
        "202110": "12.27",
        "202111": "12.49",
        "202112": "12.77",
        "202201": "13.46",
        "202202": "13.79",
        "202203": "13.73",
        "202204": "14.14",
        "202205": "14.27",
        "202206": "13.74",
        "202207": "12.92",
        "202208": "12.73",
        "202209": "12.52",
        "202210": "12.46",
        "202211": "12.37",
        "202212": "12.49",
        "202301": "12.07",
        "202302": "12.03",
        "202303": "11.97",
        "202304": "11.77",
        "202305": "11.64"
    },
    "quarters": {
        "20011": {
            "year_quarter": 20011,
            "year": 2001,
            "quarter": 1,
            "eps": null,
            "eps_growth_year": null,
            "eps_4q": null,
            "eps_4q_growth_year": null,
            "roe": null,
            "roe_4q": 0,
            "gross_profit": null,
            "gross_margin": null,
            "gross_margin_4q_avg": 0,
            "net_income": null,
            "revenue": null,
            "common_shares": null,
            "book_valuer_per_share": null,
            "book_valuer_per_share_4q_avg": 0,
            "equity": null,
            "current_ratio": null,
            "debt_ratio": null,
            "inventory_turnover_ratio": null,
            "account_receivable_turnover_ratio": null,
            "reinvestment_rate": null,
            "research_to_sale_ratio": null,
            "price_fair": 0,
            "eps_avg_yearly": 0,
            "eps_latest_yearly": 0,
            "eps_growth_yearly": 0
        },
        "20012": {
            "year_quarter": 20012,
            "year": 2001,
            "quarter": 2,
            "eps": null,
            "eps_growth_year": null,
            "eps_4q": null,
            "eps_4q_growth_year": null,
            "roe": null,
            "roe_4q": 0,
            "gross_profit": null,
            "gross_margin": null,
            "gross_margin_4q_avg": 0,
            "net_income": null,
            "revenue": null,
            "common_shares": null,
            "book_valuer_per_share": null,
            "book_valuer_per_share_4q_avg": 0,
            "equity": null,
            "current_ratio": null,
            "debt_ratio": null,
            "inventory_turnover_ratio": null,
            "account_receivable_turnover_ratio": null,
            "reinvestment_rate": null,
            "research_to_sale_ratio": null,
            "price_fair": 0,
            "eps_avg_yearly": 0,
            "eps_latest_yearly": 0,
            "eps_growth_yearly": 0
        },
        "20013": {
            "year_quarter": 20013,
            "year": 2001,
            "quarter": 3,
            "eps": null,
            "eps_growth_year": null,
            "eps_4q": null,
            "eps_4q_growth_year": null,
            "roe": null,
            "roe_4q": 0,
            "gross_profit": null,
            "gross_margin": null,
            "gross_margin_4q_avg": 0,
            "net_income": null,
            "revenue": null,
            "common_shares": null,
            "book_valuer_per_share": null,
            "book_valuer_per_share_4q_avg": 0,
            "equity": null,
            "current_ratio": null,
            "debt_ratio": null,
            "inventory_turnover_ratio": null,
            "account_receivable_turnover_ratio": null,
            "reinvestment_rate": null,
            "research_to_sale_ratio": null,
            "price_fair": 0,
            "eps_avg_yearly": 0,
            "eps_latest_yearly": 0,
            "eps_growth_yearly": 0
        },
        "20014": {
            "year_quarter": 20014,
            "year": 2001,
            "quarter": 4,
            "eps": null,
            "eps_growth_year": null,
            "eps_4q": null,
            "eps_4q_growth_year": null,
            "roe": null,
            "roe_4q": 0,
            "gross_profit": null,
            "gross_margin": null,
            "gross_margin_4q_avg": 0,
            "net_income": null,
            "revenue": null,
            "common_shares": 225000,
            "book_valuer_per_share": 11.54,
            "book_valuer_per_share_4q_avg": 2.89,
            "equity": 259738,
            "current_ratio": 267.64,
            "debt_ratio": 27.1,
            "inventory_turnover_ratio": null,
            "account_receivable_turnover_ratio": null,
            "reinvestment_rate": null,
            "research_to_sale_ratio": null,
            "price_fair": 0,
            "eps_avg_yearly": 0,
            "eps_latest_yearly": 0,
            "eps_growth_yearly": 0
        },
        "20021": {
            "year_quarter": 20021,
            "year": 2002,
            "quarter": 1,
            "eps": null,
            "eps_growth_year": null,
            "eps_4q": null,
            "eps_4q_growth_year": null,
            "roe": null,
            "roe_4q": 0,
            "gross_profit": null,
            "gross_margin": null,
            "gross_margin_4q_avg": 0,
            "net_income": null,
            "revenue": null,
            "common_shares": null,
            "book_valuer_per_share": null,
            "book_valuer_per_share_4q_avg": 2.89,
            "equity": null,
            "current_ratio": null,
            "debt_ratio": null,
            "inventory_turnover_ratio": null,
            "account_receivable_turnover_ratio": null,
            "reinvestment_rate": null,
            "research_to_sale_ratio": null,
            "price_fair": 0,
            "eps_avg_yearly": 0,
            "eps_latest_yearly": 0,
            "eps_growth_yearly": 0
        },
        "20022": {
            "year_quarter": 20022,
            "year": 2002,
            "quarter": 2,
            "eps": null,
            "eps_growth_year": null,
            "eps_4q": null,
            "eps_4q_growth_year": null,
            "roe": null,
            "roe_4q": 0,
            "gross_profit": null,
            "gross_margin": null,
            "gross_margin_4q_avg": 0,
            "net_income": null,
            "revenue": null,
            "common_shares": null,
            "book_valuer_per_share": null,
            "book_valuer_per_share_4q_avg": 2.89,
            "equity": null,
            "current_ratio": null,
            "debt_ratio": null,
            "inventory_turnover_ratio": null,
            "account_receivable_turnover_ratio": null,
            "reinvestment_rate": null,
            "research_to_sale_ratio": null,
            "price_fair": 0,
            "eps_avg_yearly": 0,
            "eps_latest_yearly": 0,
            "eps_growth_yearly": 0
        },
        "20023": {
            "year_quarter": 20023,
            "year": 2002,
            "quarter": 3,
            "eps": null,
            "eps_growth_year": null,
            "eps_4q": null,
            "eps_4q_growth_year": null,
            "roe": null,
            "roe_4q": 0,
            "gross_profit": null,
            "gross_margin": null,
            "gross_margin_4q_avg": 0,
            "net_income": null,
            "revenue": null,
            "common_shares": null,
            "book_valuer_per_share": null,
            "book_valuer_per_share_4q_avg": 2.89,
            "equity": null,
            "current_ratio": null,
            "debt_ratio": null,
            "inventory_turnover_ratio": null,
            "account_receivable_turnover_ratio": null,
            "reinvestment_rate": null,
            "research_to_sale_ratio": null,
            "price_fair": 0,
            "eps_avg_yearly": 0,
            "eps_latest_yearly": 0,
            "eps_growth_yearly": 0
        },
        "20024": {
            "year_quarter": 20024,
            "year": 2002,
            "quarter": 4,
            "eps": null,
            "eps_growth_year": null,
            "eps_4q": null,
            "eps_4q_growth_year": null,
            "roe": null,
            "roe_4q": 0,
            "gross_profit": null,
            "gross_margin": null,
            "gross_margin_4q_avg": 0,
            "net_income": null,
            "revenue": null,
            "common_shares": 253187,
            "book_valuer_per_share": 12.36,
            "book_valuer_per_share_4q_avg": 3.09,
            "equity": 312923,
            "current_ratio": 292.4,
            "debt_ratio": 23.71,
            "inventory_turnover_ratio": null,
            "account_receivable_turnover_ratio": null,
            "reinvestment_rate": null,
            "research_to_sale_ratio": null,
            "price_fair": 0,
            "eps_avg_yearly": 0,
            "eps_latest_yearly": 0,
            "eps_growth_yearly": 0
        },
        "20031": {
            "year_quarter": 20031,
            "year": 2003,
            "quarter": 1,
            "eps": 0.56,
            "eps_growth_year": null,
            "eps_4q": null,
            "eps_4q_growth_year": null,
            "roe": 4.4,
            "roe_4q": 4.4,
            "gross_profit": 69532,
            "gross_margin": 46.2,
            "gross_margin_4q_avg": 11.55,
            "net_income": 14092,
            "revenue": 150497,
            "common_shares": 253187,
            "book_valuer_per_share": 12.92,
            "book_valuer_per_share_4q_avg": 6.32,
            "equity": 327010,
            "current_ratio": 236.09,
            "debt_ratio": 29.45,
            "inventory_turnover_ratio": 0.52,
            "account_receivable_turnover_ratio": null,
            "reinvestment_rate": null,
            "research_to_sale_ratio": null,
            "price_fair": 0,
            "eps_avg_yearly": 0,
            "eps_latest_yearly": 0,
            "eps_growth_yearly": 0
        },
        "20032": {
            "year_quarter": 20032,
            "year": 2003,
            "quarter": 2,
            "eps": 1.02,
            "eps_growth_year": null,
            "eps_4q": null,
            "eps_4q_growth_year": null,
            "roe": 7.66,
            "roe_4q": 12.06,
            "gross_profit": 86767,
            "gross_margin": 41.06,
            "gross_margin_4q_avg": 21.82,
            "net_income": 25925,
            "revenue": 211300,
            "common_shares": 253187,
            "book_valuer_per_share": 13.82,
            "book_valuer_per_share_4q_avg": 9.78,
            "equity": 349909,
            "current_ratio": 246.31,
            "debt_ratio": 29.79,
            "inventory_turnover_ratio": 0.74,
            "account_receivable_turnover_ratio": null,
            "reinvestment_rate": null,
            "research_to_sale_ratio": null,
            "price_fair": 142.8,
            "eps_avg_yearly": 4.08,
            "eps_latest_yearly": 4.08,
            "eps_growth_yearly": 328.57
        },
        "20033": {
            "year_quarter": 20033,
            "year": 2003,
            "quarter": 3,
            "eps": 0.39,
            "eps_growth_year": null,
            "eps_4q": null,
            "eps_4q_growth_year": null,
            "roe": 3.22,
            "roe_4q": 15.280000000000001,
            "gross_profit": 68781,
            "gross_margin": 41.74,
            "gross_margin_4q_avg": 32.25,
            "net_income": 11436,
            "revenue": 164781,
            "common_shares": 295978,
            "book_valuer_per_share": 12.21,
            "book_valuer_per_share_4q_avg": 12.83,
            "equity": 361345,
            "current_ratio": 256.29,
            "debt_ratio": 26.88,
            "inventory_turnover_ratio": 0.59,
            "account_receivable_turnover_ratio": null,
            "reinvestment_rate": null,
            "research_to_sale_ratio": null,
            "price_fair": 98.7,
            "eps_avg_yearly": 2.82,
            "eps_latest_yearly": 1.56,
            "eps_growth_yearly": 40.76
        },
        "20034": {
            "year_quarter": 20034,
            "year": 2003,
            "quarter": 4,
            "eps": 1.6,
            "eps_growth_year": null,
            "eps_4q": 3.34,
            "eps_4q_growth_year": null,
            "roe": 12.29,
            "roe_4q": 27.57,
            "gross_profit": 114809,
            "gross_margin": 41.29,
            "gross_margin_4q_avg": 42.57,
            "net_income": 47321,
            "revenue": 278084,
            "common_shares": 295978,
            "book_valuer_per_share": 13.82,
            "book_valuer_per_share_4q_avg": 13.19,
            "equity": 408935,
            "current_ratio": 260.43,
            "debt_ratio": 26.95,
            "inventory_turnover_ratio": 1.1,
            "account_receivable_turnover_ratio": null,
            "reinvestment_rate": null,
            "research_to_sale_ratio": null,
            "price_fair": 140.47,
            "eps_avg_yearly": 4.01,
            "eps_latest_yearly": 6.4,
            "eps_growth_yearly": 440.85
        },
        "20041": {
            "year_quarter": 20041,
            "year": 2004,
            "quarter": 1,
            "eps": 0.27,
            "eps_growth_year": -51.79,
            "eps_4q": 3.16,
            "eps_4q_growth_year": null,
            "roe": 1.92,
            "roe_4q": 25.09,
            "gross_profit": 68817,
            "gross_margin": 36.53,
            "gross_margin_4q_avg": 40.16,
            "net_income": 7924,
            "revenue": 188380,
            "common_shares": 295978,
            "book_valuer_per_share": 14.03,
            "book_valuer_per_share_4q_avg": 13.47,
            "equity": 415286,
            "current_ratio": 215.1,
            "debt_ratio": 29.93,
            "inventory_turnover_ratio": 0.83,
            "account_receivable_turnover_ratio": null,
            "reinvestment_rate": null,
            "research_to_sale_ratio": null,
            "price_fair": 114.8,
            "eps_avg_yearly": 3.28,
            "eps_latest_yearly": 1.08,
            "eps_growth_yearly": 247.51
        },
        "20042": {
            "year_quarter": 20042,
            "year": 2004,
            "quarter": 2,
            "eps": 0.88,
            "eps_growth_year": -13.73,
            "eps_4q": 3.14,
            "eps_4q_growth_year": null,
            "roe": 6.06,
            "roe_4q": 23.49,
            "gross_profit": 121189,
            "gross_margin": 42.3,
            "gross_margin_4q_avg": 40.47,
            "net_income": 25983,
            "revenue": 286495,
            "common_shares": 295978,
            "book_valuer_per_share": 14.93,
            "book_valuer_per_share_4q_avg": 13.75,
            "equity": 441885,
            "current_ratio": 228.65,
            "debt_ratio": 28.04,
            "inventory_turnover_ratio": 1.03,
            "account_receivable_turnover_ratio": null,
            "reinvestment_rate": null,
            "research_to_sale_ratio": null,
            "price_fair": 116.48,
            "eps_avg_yearly": 3.33,
            "eps_latest_yearly": 3.52,
            "eps_growth_yearly": 378.75
        },
        "20043": {
            "year_quarter": 20043,
            "year": 2004,
            "quarter": 3,
            "eps": -0.07,
            "eps_growth_year": -117.95,
            "eps_4q": 2.13,
            "eps_4q_growth_year": null,
            "roe": -0.59,
            "roe_4q": 19.68,
            "gross_profit": 38263,
            "gross_margin": 27.76,
            "gross_margin_4q_avg": 36.97,
            "net_income": -2582,
            "revenue": 137844,
            "common_shares": 369983,
            "book_valuer_per_share": 11.9,
            "book_valuer_per_share_4q_avg": 13.67,
            "equity": 440410,
            "current_ratio": 208.81,
            "debt_ratio": 28.27,
            "inventory_turnover_ratio": 0.53,
            "account_receivable_turnover_ratio": null,
            "reinvestment_rate": null,
            "research_to_sale_ratio": null,
            "price_fair": 116.48,
            "eps_avg_yearly": 3.33,
            "eps_latest_yearly": 3.52,
            "eps_growth_yearly": 378.75
        },
        "20044": {
            "year_quarter": 20044,
            "year": 2004,
            "quarter": 4,
            "eps": 0.45,
            "eps_growth_year": -71.88,
            "eps_4q": 1.3,
            "eps_4q_growth_year": -60.97,
            "roe": 3.71,
            "roe_4q": 11.1,
            "gross_profit": 74696,
            "gross_margin": 32.08,
            "gross_margin_4q_avg": 34.67,
            "net_income": 16515,
            "revenue": 232871,
            "common_shares": 369983,
            "book_valuer_per_share": 12.18,
            "book_valuer_per_share_4q_avg": 13.26,
            "equity": 450461,
            "current_ratio": 249.42,
            "debt_ratio": 27.04,
            "inventory_turnover_ratio": 0.68,
            "account_receivable_turnover_ratio": null,
            "reinvestment_rate": null,
            "research_to_sale_ratio": null,
            "price_fair": 116.48,
            "eps_avg_yearly": 3.33,
            "eps_latest_yearly": 3.52,
            "eps_growth_yearly": 378.75
        },
        "20051": {
            "year_quarter": 20051,
            "year": 2005,
            "quarter": 1,
            "eps": 0.08,
            "eps_growth_year": -70.37,
            "eps_4q": 1.12,
            "eps_4q_growth_year": -64.62,
            "roe": 0.68,
            "roe_4q": 9.86,
            "gross_profit": 57412,
            "gross_margin": 29.36,
            "gross_margin_4q_avg": 32.88,
            "net_income": 3081,
            "revenue": 195569,
            "common_shares": 369983,
            "book_valuer_per_share": 12.24,
            "book_valuer_per_share_4q_avg": 12.81,
            "equity": 452779,
            "current_ratio": 211.88,
            "debt_ratio": 28.54,
            "inventory_turnover_ratio": 0.63,
            "account_receivable_turnover_ratio": null,
            "reinvestment_rate": null,
            "research_to_sale_ratio": null,
            "price_fair": 98.93,
            "eps_avg_yearly": 2.83,
            "eps_latest_yearly": 0.32,
            "eps_growth_yearly": 260.81
        },
        "20052": {
            "year_quarter": 20052,
            "year": 2005,
            "quarter": 2,
            "eps": -0.22,
            "eps_growth_year": -125,
            "eps_4q": 0.21,
            "eps_4q_growth_year": -93.21,
            "roe": -2.04,
            "roe_4q": 1.7600000000000002,
            "gross_profit": 58831,
            "gross_margin": 28.73,
            "gross_margin_4q_avg": 29.48,
            "net_income": -9132,
            "revenue": 204761,
            "common_shares": 369983,
            "book_valuer_per_share": 11.96,
            "book_valuer_per_share_4q_avg": 12.07,
            "equity": 442388,
            "current_ratio": 203.77,
            "debt_ratio": 29.39,
            "inventory_turnover_ratio": 0.85,
            "account_receivable_turnover_ratio": null,
            "reinvestment_rate": null,
            "research_to_sale_ratio": null,
            "price_fair": 98.93,
            "eps_avg_yearly": 2.83,
            "eps_latest_yearly": 0.32,
            "eps_growth_yearly": 260.81
        },
        "20053": {
            "year_quarter": 20053,
            "year": 2005,
            "quarter": 3,
            "eps": 0.34,
            "eps_growth_year": null,
            "eps_4q": 0.59,
            "eps_4q_growth_year": -72.2,
            "roe": 3.13,
            "roe_4q": 5.48,
            "gross_profit": 69005,
            "gross_margin": 32.24,
            "gross_margin_4q_avg": 30.6,
            "net_income": 14180,
            "revenue": 214043,
            "common_shares": 418347,
            "book_valuer_per_share": 11.06,
            "book_valuer_per_share_4q_avg": 11.86,
            "equity": 462797,
            "current_ratio": 194.47,
            "debt_ratio": 30.26,
            "inventory_turnover_ratio": 0.87,
            "account_receivable_turnover_ratio": null,
            "reinvestment_rate": null,
            "research_to_sale_ratio": null,
            "price_fair": 98.93,
            "eps_avg_yearly": 2.83,
            "eps_latest_yearly": 0.32,
            "eps_growth_yearly": 260.81
        },
        "20054": {
            "year_quarter": 20054,
            "year": 2005,
            "quarter": 4,
            "eps": 0.15,
            "eps_growth_year": -66.67,
            "eps_4q": 0.34,
            "eps_4q_growth_year": -74,
            "roe": 1.39,
            "roe_4q": 3.1599999999999997,
            "gross_profit": 72010,
            "gross_margin": 33.7,
            "gross_margin_4q_avg": 31.01,
            "net_income": 6453,
            "revenue": 213662,
            "common_shares": 418347,
            "book_valuer_per_share": 11.16,
            "book_valuer_per_share_4q_avg": 11.61,
            "equity": 466736,
            "current_ratio": 244.76,
            "debt_ratio": 26.3,
            "inventory_turnover_ratio": 0.73,
            "account_receivable_turnover_ratio": null,
            "reinvestment_rate": null,
            "research_to_sale_ratio": null,
            "price_fair": 87.8,
            "eps_avg_yearly": 2.51,
            "eps_latest_yearly": 0.6,
            "eps_growth_yearly": 191.62
        },
        "20061": {
            "year_quarter": 20061,
            "year": 2006,
            "quarter": 1,
            "eps": 0.1,
            "eps_growth_year": 25,
            "eps_4q": 0.38,
            "eps_4q_growth_year": -65.68,
            "roe": 0.87,
            "roe_4q": 3.3499999999999996,
            "gross_profit": 66928,
            "gross_margin": 35.04,
            "gross_margin_4q_avg": 32.43,
            "net_income": 4061,
            "revenue": 191032,
            "common_shares": 418347,
            "book_valuer_per_share": 11.21,
            "book_valuer_per_share_4q_avg": 11.35,
            "equity": 468883,
            "current_ratio": 177.32,
            "debt_ratio": 31.06,
            "inventory_turnover_ratio": 0.61,
            "account_receivable_turnover_ratio": null,
            "reinvestment_rate": null,
            "research_to_sale_ratio": null,
            "price_fair": 78.58,
            "eps_avg_yearly": 2.25,
            "eps_latest_yearly": 0.4,
            "eps_growth_yearly": 151
        },
        "20062": {
            "year_quarter": 20062,
            "year": 2006,
            "quarter": 2,
            "eps": -0.08,
            "eps_growth_year": null,
            "eps_4q": 0.51,
            "eps_4q_growth_year": 138.69,
            "roe": -0.74,
            "roe_4q": 4.65,
            "gross_profit": 82718,
            "gross_margin": 32.23,
            "gross_margin_4q_avg": 33.3,
            "net_income": -3421,
            "revenue": 256611,
            "common_shares": 418347,
            "book_valuer_per_share": 10.9,
            "book_valuer_per_share_4q_avg": 11.08,
            "equity": 455939,
            "current_ratio": 153.84,
            "debt_ratio": 37.27,
            "inventory_turnover_ratio": 0.92,
            "account_receivable_turnover_ratio": null,
            "reinvestment_rate": null,
            "research_to_sale_ratio": null,
            "price_fair": 78.58,
            "eps_avg_yearly": 2.25,
            "eps_latest_yearly": 0.4,
            "eps_growth_yearly": 151
        },
        "20063": {
            "year_quarter": 20063,
            "year": 2006,
            "quarter": 3,
            "eps": 0.06,
            "eps_growth_year": -82.35,
            "eps_4q": 0.24,
            "eps_4q_growth_year": -59.41,
            "roe": 0.52,
            "roe_4q": 2.04,
            "gross_profit": 65859,
            "gross_margin": 35.79,
            "gross_margin_4q_avg": 34.19,
            "net_income": 2366,
            "revenue": 184035,
            "common_shares": 418347,
            "book_valuer_per_share": 11.03,
            "book_valuer_per_share_4q_avg": 11.08,
            "equity": 461439,
            "current_ratio": 151.58,
            "debt_ratio": 37.82,
            "inventory_turnover_ratio": 0.57,
            "account_receivable_turnover_ratio": null,
            "reinvestment_rate": null,
            "research_to_sale_ratio": null,
            "price_fair": 78.58,
            "eps_avg_yearly": 2.25,
            "eps_latest_yearly": 0.4,
            "eps_growth_yearly": 151
        },
        "20064": {
            "year_quarter": 20064,
            "year": 2006,
            "quarter": 4,
            "eps": 0.05,
            "eps_growth_year": -66.67,
            "eps_4q": 0.12,
            "eps_4q_growth_year": -63.28,
            "roe": 0.44,
            "roe_4q": 1.0899999999999999,
            "gross_profit": 70024,
            "gross_margin": 33.12,
            "gross_margin_4q_avg": 34.05,
            "net_income": 2018,
            "revenue": 211431,
            "common_shares": 418347,
            "book_valuer_per_share": 11.04,
            "book_valuer_per_share_4q_avg": 11.05,
            "equity": 461704,
            "current_ratio": 194.41,
            "debt_ratio": 30.85,
            "inventory_turnover_ratio": 0.59,
            "account_receivable_turnover_ratio": null,
            "reinvestment_rate": 61.46,
            "research_to_sale_ratio": null,
            "price_fair": 70.62,
            "eps_avg_yearly": 2.02,
            "eps_latest_yearly": 0.2,
            "eps_growth_yearly": 126.81
        },
        "20071": {
            "year_quarter": 20071,
            "year": 2007,
            "quarter": 1,
            "eps": 0.26,
            "eps_growth_year": 160,
            "eps_4q": 0.28,
            "eps_4q_growth_year": -26.05,
            "roe": 2.28,
            "roe_4q": 2.5,
            "gross_profit": 68806,
            "gross_margin": 37.06,
            "gross_margin_4q_avg": 34.55,
            "net_income": 10705,
            "revenue": 185651,
            "common_shares": 418347,
            "book_valuer_per_share": 11.37,
            "book_valuer_per_share_4q_avg": 11.09,
            "equity": 475555,
            "current_ratio": 162.81,
            "debt_ratio": 34.05,
            "inventory_turnover_ratio": 0.53,
            "account_receivable_turnover_ratio": null,
            "reinvestment_rate": -5.12,
            "research_to_sale_ratio": null,
            "price_fair": 67.2,
            "eps_avg_yearly": 1.92,
            "eps_latest_yearly": 1.04,
            "eps_growth_yearly": 282.13
        },
        "20072": {
            "year_quarter": 20072,
            "year": 2007,
            "quarter": 2,
            "eps": -0.01,
            "eps_growth_year": null,
            "eps_4q": 0.35,
            "eps_4q_growth_year": -32.02,
            "roe": -0.13,
            "roe_4q": 3.11,
            "gross_profit": 79336,
            "gross_margin": 34.47,
            "gross_margin_4q_avg": 35.11,
            "net_income": -611,
            "revenue": 230174,
            "common_shares": 418802,
            "book_valuer_per_share": 11.3,
            "book_valuer_per_share_4q_avg": 11.19,
            "equity": 473208,
            "current_ratio": 168.95,
            "debt_ratio": 30.82,
            "inventory_turnover_ratio": 0.81,
            "account_receivable_turnover_ratio": null,
            "reinvestment_rate": -7.95,
            "research_to_sale_ratio": null,
            "price_fair": 58.8,
            "eps_avg_yearly": 1.68,
            "eps_latest_yearly": 1.04,
            "eps_growth_yearly": 276.97
        },
        "20073": {
            "year_quarter": 20073,
            "year": 2007,
            "quarter": 3,
            "eps": 0.35,
            "eps_growth_year": 483.33,
            "eps_4q": 0.64,
            "eps_4q_growth_year": 165.48,
            "roe": 3.07,
            "roe_4q": 5.66,
            "gross_profit": 81696,
            "gross_margin": 39.49,
            "gross_margin_4q_avg": 36.04,
            "net_income": 14780,
            "revenue": 206896,
            "common_shares": 429891,
            "book_valuer_per_share": 11.41,
            "book_valuer_per_share_4q_avg": 11.28,
            "equity": 490402,
            "current_ratio": 173.87,
            "debt_ratio": 28.07,
            "inventory_turnover_ratio": 0.71,
            "account_receivable_turnover_ratio": null,
            "reinvestment_rate": -5.65,
            "research_to_sale_ratio": null,
            "price_fair": 59.33,
            "eps_avg_yearly": 1.7,
            "eps_latest_yearly": 1.04,
            "eps_growth_yearly": 342.48
        },
        "20074": {
            "year_quarter": 20074,
            "year": 2007,
            "quarter": 4,
            "eps": 0.88,
            "eps_growth_year": 1660,
            "eps_4q": 1.46,
            "eps_4q_growth_year": 1074.85,
            "roe": 7.38,
            "roe_4q": 12.599999999999998,
            "gross_profit": 87995,
            "gross_margin": 37.71,
            "gross_margin_4q_avg": 37.18,
            "net_income": 37581,
            "revenue": 233363,
            "common_shares": 429951,
            "book_valuer_per_share": 12.27,
            "book_valuer_per_share_4q_avg": 11.59,
            "equity": 527466,
            "current_ratio": 292.24,
            "debt_ratio": 19.75,
            "inventory_turnover_ratio": 0.8,
            "account_receivable_turnover_ratio": null,
            "reinvestment_rate": 71.52,
            "research_to_sale_ratio": null,
            "price_fair": 46.73,
            "eps_avg_yearly": 1.34,
            "eps_latest_yearly": 3.52,
            "eps_growth_yearly": 263.06
        },
        "20081": {
            "year_quarter": 20081,
            "year": 2008,
            "quarter": 1,
            "eps": 0.31,
            "eps_growth_year": 19.23,
            "eps_4q": 1.52,
            "eps_4q_growth_year": 435.09,
            "roe": 2.52,
            "roe_4q": 12.84,
            "gross_profit": 84815,
            "gross_margin": 35.15,
            "gross_margin_4q_avg": 36.71,
            "net_income": 13298,
            "revenue": 241306,
            "common_shares": 430959,
            "book_valuer_per_share": 12.27,
            "book_valuer_per_share_4q_avg": 11.81,
            "equity": 528776,
            "current_ratio": 264.97,
            "debt_ratio": 23.13,
            "inventory_turnover_ratio": 0.75,
            "account_receivable_turnover_ratio": null,
            "reinvestment_rate": 61.82,
            "research_to_sale_ratio": null,
            "price_fair": 47.43,
            "eps_avg_yearly": 1.36,
            "eps_latest_yearly": 1.24,
            "eps_growth_yearly": 272.24
        },
        "20082": {
            "year_quarter": 20082,
            "year": 2008,
            "quarter": 2,
            "eps": 0.5,
            "eps_growth_year": null,
            "eps_4q": 1.9,
            "eps_4q_growth_year": 448.42,
            "roe": 4.35,
            "roe_4q": 17.32,
            "gross_profit": 103102,
            "gross_margin": 34.07,
            "gross_margin_4q_avg": 36.61,
            "net_income": 23519,
            "revenue": 302625,
            "common_shares": 431466,
            "book_valuer_per_share": 12.8,
            "book_valuer_per_share_4q_avg": 12.19,
            "equity": 552150,
            "current_ratio": 266.84,
            "debt_ratio": 23.69,
            "inventory_turnover_ratio": 0.82,
            "account_receivable_turnover_ratio": null,
            "reinvestment_rate": 56.19,
            "research_to_sale_ratio": null,
            "price_fair": 40.78,
            "eps_avg_yearly": 1.17,
            "eps_latest_yearly": 2,
            "eps_growth_yearly": 189.92
        },
        "20083": {
            "year_quarter": 20083,
            "year": 2008,
            "quarter": 3,
            "eps": 0.25,
            "eps_growth_year": -28.57,
            "eps_4q": 1.81,
            "eps_4q_growth_year": 184.92,
            "roe": 2.11,
            "roe_4q": 16.36,
            "gross_profit": 88382,
            "gross_margin": 30.47,
            "gross_margin_4q_avg": 34.35,
            "net_income": 11889,
            "revenue": 290053,
            "common_shares": 471483,
            "book_valuer_per_share": 12.19,
            "book_valuer_per_share_4q_avg": 12.38,
            "equity": 574969,
            "current_ratio": 255.23,
            "debt_ratio": 25.3,
            "inventory_turnover_ratio": 0.7,
            "account_receivable_turnover_ratio": null,
            "reinvestment_rate": 53.84,
            "research_to_sale_ratio": null,
            "price_fair": 40.13,
            "eps_avg_yearly": 1.15,
            "eps_latest_yearly": 1,
            "eps_growth_yearly": 146.6
        },
        "20084": {
            "year_quarter": 20084,
            "year": 2008,
            "quarter": 4,
            "eps": -0.13,
            "eps_growth_year": -114.77,
            "eps_4q": 0.9,
            "eps_4q_growth_year": -38.46,
            "roe": -1.1,
            "roe_4q": 7.879999999999999,
            "gross_profit": 62634,
            "gross_margin": 29,
            "gross_margin_4q_avg": 32.17,
            "net_income": -6317,
            "revenue": 215986,
            "common_shares": 471483,
            "book_valuer_per_share": 12.17,
            "book_valuer_per_share_4q_avg": 12.36,
            "equity": 573636,
            "current_ratio": 364.64,
            "debt_ratio": 16.38,
            "inventory_turnover_ratio": 0.53,
            "account_receivable_turnover_ratio": 7.96,
            "reinvestment_rate": 57,
            "research_to_sale_ratio": null,
            "price_fair": 40.13,
            "eps_avg_yearly": 1.15,
            "eps_latest_yearly": 1,
            "eps_growth_yearly": 146.6
        },
        "20091": {
            "year_quarter": 20091,
            "year": 2009,
            "quarter": 1,
            "eps": -0.54,
            "eps_growth_year": -274.19,
            "eps_4q": 0.07,
            "eps_4q_growth_year": -95.18,
            "roe": -4.54,
            "roe_4q": 0.819999999999999,
            "gross_profit": 35042,
            "gross_margin": 23.86,
            "gross_margin_4q_avg": 29.35,
            "net_income": -25647,
            "revenue": 146881,
            "common_shares": 471483,
            "book_valuer_per_share": 11.78,
            "book_valuer_per_share_4q_avg": 12.24,
            "equity": 555404,
            "current_ratio": 318.44,
            "debt_ratio": 18.98,
            "inventory_turnover_ratio": 0.45,
            "account_receivable_turnover_ratio": 2.96,
            "reinvestment_rate": 105.22,
            "research_to_sale_ratio": null,
            "price_fair": 43.75,
            "eps_avg_yearly": 1.25,
            "eps_latest_yearly": 1,
            "eps_growth_yearly": 206.03
        },
        "20092": {
            "year_quarter": 20092,
            "year": 2009,
            "quarter": 2,
            "eps": -0.42,
            "eps_growth_year": -184,
            "eps_4q": -0.83,
            "eps_4q_growth_year": -143.71,
            "roe": -3.87,
            "roe_4q": -7.4,
            "gross_profit": 47519,
            "gross_margin": 20.39,
            "gross_margin_4q_avg": 25.93,
            "net_income": -21000,
            "revenue": 233062,
            "common_shares": 495638,
            "book_valuer_per_share": 10.7,
            "book_valuer_per_share_4q_avg": 11.71,
            "equity": 530161,
            "current_ratio": 350.13,
            "debt_ratio": 16.14,
            "inventory_turnover_ratio": 0.87,
            "account_receivable_turnover_ratio": 5.08,
            "reinvestment_rate": 115.15,
            "research_to_sale_ratio": null,
            "price_fair": 43.75,
            "eps_avg_yearly": 1.25,
            "eps_latest_yearly": 1,
            "eps_growth_yearly": 206.03
        },
        "20093": {
            "year_quarter": 20093,
            "year": 2009,
            "quarter": 3,
            "eps": 0,
            "eps_growth_year": -100,
            "eps_4q": -1.06,
            "eps_4q_growth_year": -158.66,
            "roe": 0.04,
            "roe_4q": -9.47,
            "gross_profit": 49724,
            "gross_margin": 28.37,
            "gross_margin_4q_avg": 25.41,
            "net_income": 215,
            "revenue": 175278,
            "common_shares": 495638,
            "book_valuer_per_share": 10.61,
            "book_valuer_per_share_4q_avg": 11.32,
            "equity": 525882,
            "current_ratio": 331.35,
            "debt_ratio": 17.24,
            "inventory_turnover_ratio": 0.68,
            "account_receivable_turnover_ratio": 3.29,
            "reinvestment_rate": 132.06,
            "research_to_sale_ratio": null,
            "price_fair": 43.75,
            "eps_avg_yearly": 1.25,
            "eps_latest_yearly": 1,
            "eps_growth_yearly": 206.03
        },
        "20094": {
            "year_quarter": 20094,
            "year": 2009,
            "quarter": 4,
            "eps": -0.08,
            "eps_growth_year": null,
            "eps_4q": -1.01,
            "eps_4q_growth_year": -212.75,
            "roe": -0.76,
            "roe_4q": -9.129999999999999,
            "gross_profit": 58576,
            "gross_margin": 19.15,
            "gross_margin_4q_avg": 22.94,
            "net_income": -3989,
            "revenue": 305954,
            "common_shares": 496901,
            "book_valuer_per_share": 10.5,
            "book_valuer_per_share_4q_avg": 10.9,
            "equity": 521625,
            "current_ratio": 327.91,
            "debt_ratio": 19.02,
            "inventory_turnover_ratio": 1.44,
            "account_receivable_turnover_ratio": 7.55,
            "reinvestment_rate": -53.39,
            "research_to_sale_ratio": null,
            "price_fair": 47,
            "eps_avg_yearly": 1.34,
            "eps_latest_yearly": 1,
            "eps_growth_yearly": 267.4
        },
        "20101": {
            "year_quarter": 20101,
            "year": 2010,
            "quarter": 1,
            "eps": 0.13,
            "eps_growth_year": null,
            "eps_4q": -0.37,
            "eps_4q_growth_year": -601.02,
            "roe": 1.23,
            "roe_4q": -3.3600000000000003,
            "gross_profit": 66583,
            "gross_margin": 32.22,
            "gross_margin_4q_avg": 25.03,
            "net_income": 6472,
            "revenue": 206675,
            "common_shares": 500086,
            "book_valuer_per_share": 10.58,
            "book_valuer_per_share_4q_avg": 10.6,
            "equity": 529098,
            "current_ratio": 324.42,
            "debt_ratio": 19.48,
            "inventory_turnover_ratio": 0.79,
            "account_receivable_turnover_ratio": 2.81,
            "reinvestment_rate": 84.28,
            "research_to_sale_ratio": 7.28,
            "price_fair": 52.5,
            "eps_avg_yearly": 1.5,
            "eps_latest_yearly": 1,
            "eps_growth_yearly": 334.19
        },
        "20102": {
            "year_quarter": 20102,
            "year": 2010,
            "quarter": 2,
            "eps": 0.19,
            "eps_growth_year": null,
            "eps_4q": 0.24,
            "eps_4q_growth_year": null,
            "roe": 1.78,
            "roe_4q": 2.29,
            "gross_profit": 72491,
            "gross_margin": 27.14,
            "gross_margin_4q_avg": 26.72,
            "net_income": 9552,
            "revenue": 267148,
            "common_shares": 503531,
            "book_valuer_per_share": 10.84,
            "book_valuer_per_share_4q_avg": 10.63,
            "equity": 545838,
            "current_ratio": 302.77,
            "debt_ratio": 21.42,
            "inventory_turnover_ratio": 1.03,
            "account_receivable_turnover_ratio": 3.25,
            "reinvestment_rate": 69.03,
            "research_to_sale_ratio": 5.68,
            "price_fair": 48.8,
            "eps_avg_yearly": 1.39,
            "eps_latest_yearly": 0.76,
            "eps_growth_yearly": 312.82
        },
        "20103": {
            "year_quarter": 20103,
            "year": 2010,
            "quarter": 3,
            "eps": 0.29,
            "eps_growth_year": null,
            "eps_4q": 0.53,
            "eps_4q_growth_year": null,
            "roe": 2.69,
            "roe_4q": 4.9399999999999995,
            "gross_profit": 80108,
            "gross_margin": 24.23,
            "gross_margin_4q_avg": 25.69,
            "net_income": 14842,
            "revenue": 330669,
            "common_shares": 506151,
            "book_valuer_per_share": 11,
            "book_valuer_per_share_4q_avg": 10.73,
            "equity": 556963,
            "current_ratio": 291.32,
            "debt_ratio": 23.48,
            "inventory_turnover_ratio": 1.21,
            "account_receivable_turnover_ratio": 3.42,
            "reinvestment_rate": 56.36,
            "research_to_sale_ratio": 4.65,
            "price_fair": 47.78,
            "eps_avg_yearly": 1.37,
            "eps_latest_yearly": 1.16,
            "eps_growth_yearly": 300.03
        },
        "20104": {
            "year_quarter": 20104,
            "year": 2010,
            "quarter": 4,
            "eps": -0.16,
            "eps_growth_year": null,
            "eps_4q": 0.45,
            "eps_4q_growth_year": null,
            "roe": -1.46,
            "roe_4q": 4.24,
            "gross_profit": 57441,
            "gross_margin": 20.5,
            "gross_margin_4q_avg": 26.02,
            "net_income": -7911,
            "revenue": 280201,
            "common_shares": 506739,
            "book_valuer_per_share": 10.46,
            "book_valuer_per_share_4q_avg": 10.72,
            "equity": 530179,
            "current_ratio": 337.9,
            "debt_ratio": 19.48,
            "inventory_turnover_ratio": 1.01,
            "account_receivable_turnover_ratio": 3.38,
            "reinvestment_rate": -64.86,
            "research_to_sale_ratio": 5.81,
            "price_fair": 53.6,
            "eps_avg_yearly": 1.53,
            "eps_latest_yearly": 1.16,
            "eps_growth_yearly": 352.42
        },
        "20111": {
            "year_quarter": 20111,
            "year": 2011,
            "quarter": 1,
            "eps": 0.03,
            "eps_growth_year": -76.92,
            "eps_4q": 0.36,
            "eps_4q_growth_year": null,
            "roe": 0.29,
            "roe_4q": 3.3,
            "gross_profit": 56889,
            "gross_margin": 25.81,
            "gross_margin_4q_avg": 24.42,
            "net_income": 1553,
            "revenue": 220430,
            "common_shares": 507818,
            "book_valuer_per_share": 10.57,
            "book_valuer_per_share_4q_avg": 10.72,
            "equity": 536742,
            "current_ratio": 302.73,
            "debt_ratio": 22.59,
            "inventory_turnover_ratio": 0.72,
            "account_receivable_turnover_ratio": 2.94,
            "reinvestment_rate": 91.74,
            "research_to_sale_ratio": 6.88,
            "price_fair": 56.47,
            "eps_avg_yearly": 1.61,
            "eps_latest_yearly": 1.16,
            "eps_growth_yearly": 131.15
        },
        "20112": {
            "year_quarter": 20112,
            "year": 2011,
            "quarter": 2,
            "eps": 0.1,
            "eps_growth_year": -45.22,
            "eps_4q": 0.27,
            "eps_4q_growth_year": 11.38,
            "roe": 0.98,
            "roe_4q": 2.5,
            "gross_profit": 64403,
            "gross_margin": 37.78,
            "gross_margin_4q_avg": 27.08,
            "net_income": 5278,
            "revenue": 170465,
            "common_shares": 507868,
            "book_valuer_per_share": 10.56,
            "book_valuer_per_share_4q_avg": 10.65,
            "equity": 536059,
            "current_ratio": 293.36,
            "debt_ratio": 23.53,
            "inventory_turnover_ratio": 0.45,
            "account_receivable_turnover_ratio": 2.27,
            "reinvestment_rate": 87.1,
            "research_to_sale_ratio": 9.47,
            "price_fair": 50.4,
            "eps_avg_yearly": 1.44,
            "eps_latest_yearly": 0.4,
            "eps_growth_yearly": 245.75
        },
        "20113": {
            "year_quarter": 20113,
            "year": 2011,
            "quarter": 3,
            "eps": 0.07,
            "eps_growth_year": -77.56,
            "eps_4q": 0.04,
            "eps_4q_growth_year": -91.61,
            "roe": 0.61,
            "roe_4q": 0.41999999999999993,
            "gross_profit": 65981,
            "gross_margin": 31.01,
            "gross_margin_4q_avg": 28.78,
            "net_income": 3342,
            "revenue": 212804,
            "common_shares": 507868,
            "book_valuer_per_share": 10.99,
            "book_valuer_per_share_4q_avg": 10.65,
            "equity": 558353,
            "current_ratio": 348.21,
            "debt_ratio": 19.54,
            "inventory_turnover_ratio": 0.62,
            "account_receivable_turnover_ratio": 2.56,
            "reinvestment_rate": 104.4,
            "research_to_sale_ratio": 7.01,
            "price_fair": 45.33,
            "eps_avg_yearly": 1.3,
            "eps_latest_yearly": 0.28,
            "eps_growth_yearly": 200.03
        },
        "20114": {
            "year_quarter": 20114,
            "year": 2011,
            "quarter": 4,
            "eps": -0.03,
            "eps_growth_year": null,
            "eps_4q": 0.17,
            "eps_4q_growth_year": -61.54,
            "roe": -0.24,
            "roe_4q": 1.6400000000000001,
            "gross_profit": 53373,
            "gross_margin": 28.17,
            "gross_margin_4q_avg": 30.69,
            "net_income": -1324,
            "revenue": 189447,
            "common_shares": 507868,
            "book_valuer_per_share": 10.91,
            "book_valuer_per_share_4q_avg": 10.76,
            "equity": 553980,
            "current_ratio": 488.54,
            "debt_ratio": 14.02,
            "inventory_turnover_ratio": 0.64,
            "account_receivable_turnover_ratio": 2.14,
            "reinvestment_rate": -230.76,
            "research_to_sale_ratio": 6.75,
            "price_fair": 34.2,
            "eps_avg_yearly": 0.98,
            "eps_latest_yearly": 0.28,
            "eps_growth_yearly": 142.08
        },
        "20121": {
            "year_quarter": 20121,
            "year": 2012,
            "quarter": 1,
            "eps": -0.02,
            "eps_growth_year": -166.67,
            "eps_4q": 0.12,
            "eps_4q_growth_year": -65.28,
            "roe": -0.19,
            "roe_4q": 1.16,
            "gross_profit": 56562,
            "gross_margin": 28.62,
            "gross_margin_4q_avg": 31.4,
            "net_income": -1033,
            "revenue": 197619,
            "common_shares": 507868,
            "book_valuer_per_share": 10.73,
            "book_valuer_per_share_4q_avg": 10.8,
            "equity": 545078,
            "current_ratio": 451.35,
            "debt_ratio": 15.37,
            "inventory_turnover_ratio": 0.83,
            "account_receivable_turnover_ratio": 2.13,
            "reinvestment_rate": 3059.31,
            "research_to_sale_ratio": 7.16,
            "price_fair": 32.67,
            "eps_avg_yearly": 0.93,
            "eps_latest_yearly": 0.28,
            "eps_growth_yearly": 208.94
        },
        "20122": {
            "year_quarter": 20122,
            "year": 2012,
            "quarter": 2,
            "eps": 0.19,
            "eps_growth_year": 85.9,
            "eps_4q": 0.21,
            "eps_4q_growth_year": -21.54,
            "roe": 1.79,
            "roe_4q": 1.9700000000000002,
            "gross_profit": 65264,
            "gross_margin": 31.19,
            "gross_margin_4q_avg": 29.75,
            "net_income": 9812,
            "revenue": 209218,
            "common_shares": 507868,
            "book_valuer_per_share": 10.84,
            "book_valuer_per_share_4q_avg": 10.87,
            "equity": 550651,
            "current_ratio": 374.29,
            "debt_ratio": 19.16,
            "inventory_turnover_ratio": 0.88,
            "account_receivable_turnover_ratio": 2.15,
            "reinvestment_rate": null,
            "research_to_sale_ratio": 4.86,
            "price_fair": 25.2,
            "eps_avg_yearly": 0.72,
            "eps_latest_yearly": 0.28,
            "eps_growth_yearly": 201.7
        },
        "20123": {
            "year_quarter": 20123,
            "year": 2012,
            "quarter": 3,
            "eps": 0.34,
            "eps_growth_year": 423.19,
            "eps_4q": 0.49,
            "eps_4q_growth_year": 1002.57,
            "roe": 3.14,
            "roe_4q": 4.499999999999999,
            "gross_profit": 79578,
            "gross_margin": 37.58,
            "gross_margin_4q_avg": 31.39,
            "net_income": 17485,
            "revenue": 211783,
            "common_shares": 507868,
            "book_valuer_per_share": 11.07,
            "book_valuer_per_share_4q_avg": 10.89,
            "equity": 562293,
            "current_ratio": 351.18,
            "debt_ratio": 20.8,
            "inventory_turnover_ratio": 0.69,
            "account_receivable_turnover_ratio": 2.2,
            "reinvestment_rate": -3808.87,
            "research_to_sale_ratio": 7.24,
            "price_fair": 27.72,
            "eps_avg_yearly": 0.79,
            "eps_latest_yearly": 1.36,
            "eps_growth_yearly": 304.85
        },
        "20124": {
            "year_quarter": 20124,
            "year": 2012,
            "quarter": 4,
            "eps": -0,
            "eps_growth_year": null,
            "eps_4q": 0.51,
            "eps_4q_growth_year": 194.53,
            "roe": -0.04,
            "roe_4q": 4.7,
            "gross_profit": 67593,
            "gross_margin": 31.94,
            "gross_margin_4q_avg": 32.33,
            "net_income": -201,
            "revenue": 211609,
            "common_shares": 507868,
            "book_valuer_per_share": 11.01,
            "book_valuer_per_share_4q_avg": 10.91,
            "equity": 559374,
            "current_ratio": 369.11,
            "debt_ratio": 20.21,
            "inventory_turnover_ratio": 0.7,
            "account_receivable_turnover_ratio": 2.12,
            "reinvestment_rate": -902.85,
            "research_to_sale_ratio": 6.61,
            "price_fair": 27.72,
            "eps_avg_yearly": 0.79,
            "eps_latest_yearly": 1.36,
            "eps_growth_yearly": 304.85
        },
        "20131": {
            "year_quarter": 20131,
            "year": 2013,
            "quarter": 1,
            "eps": 0.01,
            "eps_growth_year": null,
            "eps_4q": 0.54,
            "eps_4q_growth_year": 338.69,
            "roe": 0.07,
            "roe_4q": 4.96,
            "gross_profit": 53351,
            "gross_margin": 31.71,
            "gross_margin_4q_avg": 33.11,
            "net_income": 379,
            "revenue": 168247,
            "common_shares": 507868,
            "book_valuer_per_share": 10.67,
            "book_valuer_per_share_4q_avg": 10.9,
            "equity": 541909,
            "current_ratio": 385.46,
            "debt_ratio": 20.71,
            "inventory_turnover_ratio": 0.53,
            "account_receivable_turnover_ratio": 2.18,
            "reinvestment_rate": -160.01,
            "research_to_sale_ratio": 8.79,
            "price_fair": 27.72,
            "eps_avg_yearly": 0.79,
            "eps_latest_yearly": 1.36,
            "eps_growth_yearly": 304.85
        },
        "20132": {
            "year_quarter": 20132,
            "year": 2013,
            "quarter": 2,
            "eps": 0.25,
            "eps_growth_year": 29.4,
            "eps_4q": 0.59,
            "eps_4q_growth_year": 179.19,
            "roe": 2.3,
            "roe_4q": 5.47,
            "gross_profit": 73178,
            "gross_margin": 35.66,
            "gross_margin_4q_avg": 34.22,
            "net_income": 12481,
            "revenue": 205190,
            "common_shares": 507868,
            "book_valuer_per_share": 10.73,
            "book_valuer_per_share_4q_avg": 10.87,
            "equity": 545149,
            "current_ratio": 359.58,
            "debt_ratio": 20.92,
            "inventory_turnover_ratio": 0.59,
            "account_receivable_turnover_ratio": 3.76,
            "reinvestment_rate": -63.34,
            "research_to_sale_ratio": 7.54,
            "price_fair": 28.93,
            "eps_avg_yearly": 0.83,
            "eps_latest_yearly": 1,
            "eps_growth_yearly": 1854.04
        },
        "20133": {
            "year_quarter": 20133,
            "year": 2013,
            "quarter": 3,
            "eps": 0.12,
            "eps_growth_year": -65.14,
            "eps_4q": 0.37,
            "eps_4q_growth_year": -25.42,
            "roe": 1.09,
            "roe_4q": 3.4199999999999995,
            "gross_profit": 67703,
            "gross_margin": 33.34,
            "gross_margin_4q_avg": 33.16,
            "net_income": 5941,
            "revenue": 203044,
            "common_shares": 507868,
            "book_valuer_per_share": 10.77,
            "book_valuer_per_share_4q_avg": 10.8,
            "equity": 547208,
            "current_ratio": 381.94,
            "debt_ratio": 19.96,
            "inventory_turnover_ratio": 0.63,
            "account_receivable_turnover_ratio": 3.26,
            "reinvestment_rate": -52.55,
            "research_to_sale_ratio": 7.98,
            "price_fair": 27.2,
            "eps_avg_yearly": 0.78,
            "eps_latest_yearly": 0.48,
            "eps_growth_yearly": 1559.47
        },
        "20134": {
            "year_quarter": 20134,
            "year": 2013,
            "quarter": 4,
            "eps": 0.29,
            "eps_growth_year": null,
            "eps_4q": 0.66,
            "eps_4q_growth_year": 29.26,
            "roe": 2.67,
            "roe_4q": 6.13,
            "gross_profit": 76462,
            "gross_margin": 33.11,
            "gross_margin_4q_avg": 33.46,
            "net_income": 14888,
            "revenue": 230908,
            "common_shares": 507868,
            "book_valuer_per_share": 11.15,
            "book_valuer_per_share_4q_avg": 10.83,
            "equity": 566481,
            "current_ratio": 352.18,
            "debt_ratio": 21.77,
            "inventory_turnover_ratio": 0.79,
            "account_receivable_turnover_ratio": 3.71,
            "reinvestment_rate": 4.79,
            "research_to_sale_ratio": 6.87,
            "price_fair": 28.88,
            "eps_avg_yearly": 0.83,
            "eps_latest_yearly": 1.16,
            "eps_growth_yearly": 1435.37
        },
        "20141": {
            "year_quarter": 20141,
            "year": 2014,
            "quarter": 1,
            "eps": 0.18,
            "eps_growth_year": 1700,
            "eps_4q": 0.83,
            "eps_4q_growth_year": 53.05,
            "roe": 1.56,
            "roe_4q": 7.62,
            "gross_profit": 70855,
            "gross_margin": 34.32,
            "gross_margin_4q_avg": 34.11,
            "net_income": 8982,
            "revenue": 206429,
            "common_shares": 510788,
            "book_valuer_per_share": 11.49,
            "book_valuer_per_share_4q_avg": 11.04,
            "equity": 586769,
            "current_ratio": 390.83,
            "debt_ratio": 19.82,
            "inventory_turnover_ratio": 0.72,
            "account_receivable_turnover_ratio": 3.6,
            "reinvestment_rate": 5.77,
            "research_to_sale_ratio": 7.33,
            "price_fair": 28.47,
            "eps_avg_yearly": 0.81,
            "eps_latest_yearly": 0.72,
            "eps_growth_yearly": 1259.02
        },
        "20142": {
            "year_quarter": 20142,
            "year": 2014,
            "quarter": 2,
            "eps": 0.35,
            "eps_growth_year": 40,
            "eps_4q": 0.94,
            "eps_4q_growth_year": 57.99,
            "roe": 3.09,
            "roe_4q": 8.41,
            "gross_profit": 83184,
            "gross_margin": 39.01,
            "gross_margin_4q_avg": 34.95,
            "net_income": 18187,
            "revenue": 213235,
            "common_shares": 511838,
            "book_valuer_per_share": 11.5,
            "book_valuer_per_share_4q_avg": 11.23,
            "equity": 588622,
            "current_ratio": 374.16,
            "debt_ratio": 20.88,
            "inventory_turnover_ratio": 0.64,
            "account_receivable_turnover_ratio": 3.81,
            "reinvestment_rate": 2.52,
            "research_to_sale_ratio": 6.36,
            "price_fair": 30.96,
            "eps_avg_yearly": 0.88,
            "eps_latest_yearly": 1.4,
            "eps_growth_yearly": 1280.49
        },
        "20143": {
            "year_quarter": 20143,
            "year": 2014,
            "quarter": 3,
            "eps": 0.14,
            "eps_growth_year": 16.67,
            "eps_4q": 0.96,
            "eps_4q_growth_year": 163.24,
            "roe": 1.23,
            "roe_4q": 8.55,
            "gross_profit": 64953,
            "gross_margin": 33.78,
            "gross_margin_4q_avg": 35.06,
            "net_income": 7292,
            "revenue": 192285,
            "common_shares": 511878,
            "book_valuer_per_share": 11.75,
            "book_valuer_per_share_4q_avg": 11.47,
            "equity": 601335,
            "current_ratio": 404.34,
            "debt_ratio": 19.48,
            "inventory_turnover_ratio": 0.58,
            "account_receivable_turnover_ratio": 3.83,
            "reinvestment_rate": 6.96,
            "research_to_sale_ratio": 7.92,
            "price_fair": 28.62,
            "eps_avg_yearly": 0.82,
            "eps_latest_yearly": 0.56,
            "eps_growth_yearly": 1230.43
        },
        "20144": {
            "year_quarter": 20144,
            "year": 2014,
            "quarter": 4,
            "eps": 0.09,
            "eps_growth_year": -70.68,
            "eps_4q": 0.92,
            "eps_4q_growth_year": 38.99,
            "roe": 0.63,
            "roe_4q": 6.51,
            "gross_profit": 76455,
            "gross_margin": 33.43,
            "gross_margin_4q_avg": 35.14,
            "net_income": 3543,
            "revenue": 228715,
            "common_shares": 412208,
            "book_valuer_per_share": 12.53,
            "book_valuer_per_share_4q_avg": 11.82,
            "equity": 516512,
            "current_ratio": 335.16,
            "debt_ratio": 23.58,
            "inventory_turnover_ratio": 0.72,
            "account_receivable_turnover_ratio": 4.25,
            "reinvestment_rate": -3.14,
            "research_to_sale_ratio": 6.6,
            "price_fair": 27.02,
            "eps_avg_yearly": 0.77,
            "eps_latest_yearly": 0.36,
            "eps_growth_yearly": 1093.1
        },
        "20151": {
            "year_quarter": 20151,
            "year": 2015,
            "quarter": 1,
            "eps": 0.28,
            "eps_growth_year": 55.56,
            "eps_4q": 0.98,
            "eps_4q_growth_year": 18.68,
            "roe": 2.26,
            "roe_4q": 7.209999999999999,
            "gross_profit": 71836,
            "gross_margin": 36.26,
            "gross_margin_4q_avg": 35.62,
            "net_income": 11740,
            "revenue": 198133,
            "common_shares": 414238,
            "book_valuer_per_share": 12.64,
            "book_valuer_per_share_4q_avg": 12.11,
            "equity": 524275,
            "current_ratio": 355.89,
            "debt_ratio": 22.53,
            "inventory_turnover_ratio": 0.6,
            "account_receivable_turnover_ratio": 3.6,
            "reinvestment_rate": -3.55,
            "research_to_sale_ratio": 6.95,
            "price_fair": 28.13,
            "eps_avg_yearly": 0.8,
            "eps_latest_yearly": 1.12,
            "eps_growth_yearly": 1070.49
        },
        "20152": {
            "year_quarter": 20152,
            "year": 2015,
            "quarter": 2,
            "eps": 0.2,
            "eps_growth_year": -42.86,
            "eps_4q": 0.74,
            "eps_4q_growth_year": -20.94,
            "roe": 1.57,
            "roe_4q": 5.6899999999999995,
            "gross_profit": 71026,
            "gross_margin": 32.97,
            "gross_margin_4q_avg": 34.11,
            "net_income": 8175,
            "revenue": 215454,
            "common_shares": 414738,
            "book_valuer_per_share": 12.4,
            "book_valuer_per_share_4q_avg": 12.33,
            "equity": 514259,
            "current_ratio": 310.53,
            "debt_ratio": 25.73,
            "inventory_turnover_ratio": 0.65,
            "account_receivable_turnover_ratio": 4.04,
            "reinvestment_rate": -4.28,
            "research_to_sale_ratio": 6.37,
            "price_fair": 29.4,
            "eps_avg_yearly": 0.84,
            "eps_latest_yearly": 0.8,
            "eps_growth_yearly": 975.26
        },
        "20153": {
            "year_quarter": 20153,
            "year": 2015,
            "quarter": 3,
            "eps": 0.06,
            "eps_growth_year": -57.14,
            "eps_4q": 0.63,
            "eps_4q_growth_year": -34.79,
            "roe": 0.49,
            "roe_4q": 4.95,
            "gross_profit": 69453,
            "gross_margin": 35.8,
            "gross_margin_4q_avg": 34.62,
            "net_income": 2614,
            "revenue": 193990,
            "common_shares": 414738,
            "book_valuer_per_share": 13.07,
            "book_valuer_per_share_4q_avg": 12.66,
            "equity": 542194,
            "current_ratio": 361.21,
            "debt_ratio": 22.19,
            "inventory_turnover_ratio": 0.53,
            "account_receivable_turnover_ratio": 3.68,
            "reinvestment_rate": -4.73,
            "research_to_sale_ratio": 7.5,
            "price_fair": 29.27,
            "eps_avg_yearly": 0.84,
            "eps_latest_yearly": 0.24,
            "eps_growth_yearly": 960.71
        },
        "20154": {
            "year_quarter": 20154,
            "year": 2015,
            "quarter": 4,
            "eps": 0.11,
            "eps_growth_year": 26.83,
            "eps_4q": 0.65,
            "eps_4q_growth_year": -29.26,
            "roe": 0.83,
            "roe_4q": 5.1499999999999995,
            "gross_profit": 73309,
            "gross_margin": 34.04,
            "gross_margin_4q_avg": 34.77,
            "net_income": 4521,
            "revenue": 215356,
            "common_shares": 414738,
            "book_valuer_per_share": 13.17,
            "book_valuer_per_share_4q_avg": 12.82,
            "equity": 546145,
            "current_ratio": 418.84,
            "debt_ratio": 19.26,
            "inventory_turnover_ratio": 0.65,
            "account_receivable_turnover_ratio": 3.74,
            "reinvestment_rate": -2.76,
            "research_to_sale_ratio": 6.68,
            "price_fair": 28.12,
            "eps_avg_yearly": 0.8,
            "eps_latest_yearly": 0.44,
            "eps_growth_yearly": 908.43
        },
        "20161": {
            "year_quarter": 20161,
            "year": 2016,
            "quarter": 1,
            "eps": -0.09,
            "eps_growth_year": -132.14,
            "eps_4q": 0.28,
            "eps_4q_growth_year": -71.66,
            "roe": -0.7,
            "roe_4q": 2.19,
            "gross_profit": 51761,
            "gross_margin": 32.92,
            "gross_margin_4q_avg": 33.93,
            "net_income": -3762,
            "revenue": 157218,
            "common_shares": 414738,
            "book_valuer_per_share": 12.9,
            "book_valuer_per_share_4q_avg": 12.89,
            "equity": 534901,
            "current_ratio": 406.43,
            "debt_ratio": 19.99,
            "inventory_turnover_ratio": 0.52,
            "account_receivable_turnover_ratio": 2.79,
            "reinvestment_rate": -281.79,
            "research_to_sale_ratio": 9.14,
            "price_fair": 28.12,
            "eps_avg_yearly": 0.8,
            "eps_latest_yearly": 0.44,
            "eps_growth_yearly": 908.43
        },
        "20162": {
            "year_quarter": 20162,
            "year": 2016,
            "quarter": 2,
            "eps": 0.15,
            "eps_growth_year": -25,
            "eps_4q": 0.23,
            "eps_4q_growth_year": -68.56,
            "roe": 1.18,
            "roe_4q": 1.8,
            "gross_profit": 65390,
            "gross_margin": 32.83,
            "gross_margin_4q_avg": 33.9,
            "net_income": 6295,
            "revenue": 199159,
            "common_shares": 414738,
            "book_valuer_per_share": 12.73,
            "book_valuer_per_share_4q_avg": 12.97,
            "equity": 527845,
            "current_ratio": 394.7,
            "debt_ratio": 20.55,
            "inventory_turnover_ratio": 0.69,
            "account_receivable_turnover_ratio": 4.36,
            "reinvestment_rate": -295.84,
            "research_to_sale_ratio": 6.56,
            "price_fair": 28.12,
            "eps_avg_yearly": 0.8,
            "eps_latest_yearly": 0.44,
            "eps_growth_yearly": 908.43
        },
        "20163": {
            "year_quarter": 20163,
            "year": 2016,
            "quarter": 3,
            "eps": 0.34,
            "eps_growth_year": 466.67,
            "eps_4q": 0.51,
            "eps_4q_growth_year": -18.25,
            "roe": 2.69,
            "roe_4q": 4,
            "gross_profit": 74152,
            "gross_margin": 37.34,
            "gross_margin_4q_avg": 34.28,
            "net_income": 14261,
            "revenue": 198585,
            "common_shares": 414738,
            "book_valuer_per_share": 12.81,
            "book_valuer_per_share_4q_avg": 12.9,
            "equity": 531352,
            "current_ratio": 349.12,
            "debt_ratio": 23.41,
            "inventory_turnover_ratio": 0.67,
            "account_receivable_turnover_ratio": 3.99,
            "reinvestment_rate": -9.26,
            "research_to_sale_ratio": 7.09,
            "price_fair": 28.12,
            "eps_avg_yearly": 0.8,
            "eps_latest_yearly": 1.36,
            "eps_growth_yearly": 924.34
        },
        "20164": {
            "year_quarter": 20164,
            "year": 2016,
            "quarter": 4,
            "eps": 0.1,
            "eps_growth_year": -3.92,
            "eps_4q": 0.51,
            "eps_4q_growth_year": -21.86,
            "roe": 0.81,
            "roe_4q": 3.9799999999999995,
            "gross_profit": 71709,
            "gross_margin": 38.34,
            "gross_margin_4q_avg": 35.36,
            "net_income": 4344,
            "revenue": 187015,
            "common_shares": 414738,
            "book_valuer_per_share": 13.06,
            "book_valuer_per_share_4q_avg": 12.88,
            "equity": 541448,
            "current_ratio": 397.11,
            "debt_ratio": 21.12,
            "inventory_turnover_ratio": 0.59,
            "account_receivable_turnover_ratio": 3.6,
            "reinvestment_rate": -7.46,
            "research_to_sale_ratio": 7.33,
            "price_fair": 27.03,
            "eps_avg_yearly": 0.77,
            "eps_latest_yearly": 0.4,
            "eps_growth_yearly": 831.51
        },
        "20171": {
            "year_quarter": 20171,
            "year": 2017,
            "quarter": 1,
            "eps": 0.37,
            "eps_growth_year": null,
            "eps_4q": 0.97,
            "eps_4q_growth_year": 246.83,
            "roe": 2.81,
            "roe_4q": 7.49,
            "gross_profit": 71628,
            "gross_margin": 36.03,
            "gross_margin_4q_avg": 36.14,
            "net_income": 15152,
            "revenue": 198783,
            "common_shares": 414738,
            "book_valuer_per_share": 12.9,
            "book_valuer_per_share_4q_avg": 12.88,
            "equity": 535139,
            "current_ratio": 401.89,
            "debt_ratio": 21.1,
            "inventory_turnover_ratio": 0.61,
            "account_receivable_turnover_ratio": 3.68,
            "reinvestment_rate": -22.05,
            "research_to_sale_ratio": 7.19,
            "price_fair": 28.8,
            "eps_avg_yearly": 0.82,
            "eps_latest_yearly": 1.48,
            "eps_growth_yearly": 849.26
        },
        "20172": {
            "year_quarter": 20172,
            "year": 2017,
            "quarter": 2,
            "eps": 0.13,
            "eps_growth_year": -13.33,
            "eps_4q": 0.95,
            "eps_4q_growth_year": 305.89,
            "roe": 1.03,
            "roe_4q": 7.34,
            "gross_profit": 58543,
            "gross_margin": 35,
            "gross_margin_4q_avg": 36.68,
            "net_income": 5484,
            "revenue": 167287,
            "common_shares": 414738,
            "book_valuer_per_share": 12.74,
            "book_valuer_per_share_4q_avg": 12.88,
            "equity": 528221,
            "current_ratio": 388.39,
            "debt_ratio": 21.8,
            "inventory_turnover_ratio": 0.5,
            "account_receivable_turnover_ratio": 3.07,
            "reinvestment_rate": -28.45,
            "research_to_sale_ratio": 8.25,
            "price_fair": 27.6,
            "eps_avg_yearly": 0.79,
            "eps_latest_yearly": 0.52,
            "eps_growth_yearly": 145.01
        },
        "20173": {
            "year_quarter": 20173,
            "year": 2017,
            "quarter": 3,
            "eps": 0.18,
            "eps_growth_year": -47.06,
            "eps_4q": 0.77,
            "eps_4q_growth_year": 50.75,
            "roe": 1.37,
            "roe_4q": 6.020000000000001,
            "gross_profit": 62695,
            "gross_margin": 35.42,
            "gross_margin_4q_avg": 36.2,
            "net_income": 7301,
            "revenue": 176985,
            "common_shares": 416663,
            "book_valuer_per_share": 12.88,
            "book_valuer_per_share_4q_avg": 12.9,
            "equity": 536508,
            "current_ratio": 402.71,
            "debt_ratio": 21.14,
            "inventory_turnover_ratio": 0.51,
            "account_receivable_turnover_ratio": 3.51,
            "reinvestment_rate": -27.92,
            "research_to_sale_ratio": 8.46,
            "price_fair": 28.2,
            "eps_avg_yearly": 0.81,
            "eps_latest_yearly": 0.72,
            "eps_growth_yearly": 170.86
        },
        "20174": {
            "year_quarter": 20174,
            "year": 2017,
            "quarter": 4,
            "eps": 0.1,
            "eps_growth_year": -0.35,
            "eps_4q": 0.77,
            "eps_4q_growth_year": 52.03,
            "roe": 0.81,
            "roe_4q": 6.02,
            "gross_profit": 65660,
            "gross_margin": 34.79,
            "gross_margin_4q_avg": 35.31,
            "net_income": 4349,
            "revenue": 188739,
            "common_shares": 416663,
            "book_valuer_per_share": 12.76,
            "book_valuer_per_share_4q_avg": 12.82,
            "equity": 531765,
            "current_ratio": 415.55,
            "debt_ratio": 20.95,
            "inventory_turnover_ratio": 0.56,
            "account_receivable_turnover_ratio": 4.02,
            "reinvestment_rate": -32.31,
            "research_to_sale_ratio": 8.45,
            "price_fair": 26.3,
            "eps_avg_yearly": 0.75,
            "eps_latest_yearly": 0.4,
            "eps_growth_yearly": 117.69
        },
        "20181": {
            "year_quarter": 20181,
            "year": 2018,
            "quarter": 1,
            "eps": -0.02,
            "eps_growth_year": -105.41,
            "eps_4q": 0.39,
            "eps_4q_growth_year": -59.43,
            "roe": -0.15,
            "roe_4q": 3.0600000000000005,
            "gross_profit": 51428,
            "gross_margin": 32.36,
            "gross_margin_4q_avg": 34.39,
            "net_income": -810,
            "revenue": 158932,
            "common_shares": 416663,
            "book_valuer_per_share": 12.59,
            "book_valuer_per_share_4q_avg": 12.74,
            "equity": 524645,
            "current_ratio": 421.21,
            "debt_ratio": 20.67,
            "inventory_turnover_ratio": 0.51,
            "account_receivable_turnover_ratio": 4.17,
            "reinvestment_rate": -35.88,
            "research_to_sale_ratio": 8.88,
            "price_fair": 26.38,
            "eps_avg_yearly": 0.75,
            "eps_latest_yearly": 0.4,
            "eps_growth_yearly": 138.41
        },
        "20182": {
            "year_quarter": 20182,
            "year": 2018,
            "quarter": 2,
            "eps": -0.22,
            "eps_growth_year": -269.23,
            "eps_4q": 0.04,
            "eps_4q_growth_year": -96.07,
            "roe": -1.78,
            "roe_4q": 0.2500000000000002,
            "gross_profit": 52535,
            "gross_margin": 33.54,
            "gross_margin_4q_avg": 34.03,
            "net_income": -9290,
            "revenue": 156643,
            "common_shares": 416663,
            "book_valuer_per_share": 12.41,
            "book_valuer_per_share_4q_avg": 12.66,
            "equity": 517274,
            "current_ratio": 397.17,
            "debt_ratio": 21.69,
            "inventory_turnover_ratio": 0.49,
            "account_receivable_turnover_ratio": 4.25,
            "reinvestment_rate": -41.06,
            "research_to_sale_ratio": 8.98,
            "price_fair": 24.5,
            "eps_avg_yearly": 0.7,
            "eps_latest_yearly": 0.4,
            "eps_growth_yearly": 118.46
        },
        "20183": {
            "year_quarter": 20183,
            "year": 2018,
            "quarter": 3,
            "eps": -0.07,
            "eps_growth_year": -138.89,
            "eps_4q": -0.21,
            "eps_4q_growth_year": -127.47,
            "roe": -0.6,
            "roe_4q": -1.7199999999999998,
            "gross_profit": 56934,
            "gross_margin": 34.68,
            "gross_margin_4q_avg": 33.84,
            "net_income": -3116,
            "revenue": 164179,
            "common_shares": 416663,
            "book_valuer_per_share": 12.32,
            "book_valuer_per_share_4q_avg": 12.52,
            "equity": 513437,
            "current_ratio": 397.23,
            "debt_ratio": 21.66,
            "inventory_turnover_ratio": 0.5,
            "account_receivable_turnover_ratio": 4.01,
            "reinvestment_rate": -49.97,
            "research_to_sale_ratio": 8.25,
            "price_fair": 24.95,
            "eps_avg_yearly": 0.71,
            "eps_latest_yearly": 0.4,
            "eps_growth_yearly": 151.05
        },
        "20184": {
            "year_quarter": 20184,
            "year": 2018,
            "quarter": 4,
            "eps": 0.17,
            "eps_growth_year": 64.47,
            "eps_4q": -0.15,
            "eps_4q_growth_year": -118.78,
            "roe": 1.38,
            "roe_4q": -1.15,
            "gross_profit": 57305,
            "gross_margin": 30.48,
            "gross_margin_4q_avg": 32.77,
            "net_income": 7153,
            "revenue": 187984,
            "common_shares": 416663,
            "book_valuer_per_share": 12.55,
            "book_valuer_per_share_4q_avg": 12.47,
            "equity": 522994,
            "current_ratio": 374.17,
            "debt_ratio": 21.05,
            "inventory_turnover_ratio": 0.61,
            "account_receivable_turnover_ratio": 4.3,
            "reinvestment_rate": -54.86,
            "research_to_sale_ratio": 6.19,
            "price_fair": 26.18,
            "eps_avg_yearly": 0.75,
            "eps_latest_yearly": 0.4,
            "eps_growth_yearly": 180.44
        },
        "20191": {
            "year_quarter": 20191,
            "year": 2019,
            "quarter": 1,
            "eps": -0.17,
            "eps_growth_year": null,
            "eps_4q": -0.3,
            "eps_4q_growth_year": -175.91,
            "roe": -1.37,
            "roe_4q": -2.37,
            "gross_profit": 41049,
            "gross_margin": 28.01,
            "gross_margin_4q_avg": 31.68,
            "net_income": -7139,
            "revenue": 146565,
            "common_shares": 416663,
            "book_valuer_per_share": 12.4,
            "book_valuer_per_share_4q_avg": 12.42,
            "equity": 516630,
            "current_ratio": 410.82,
            "debt_ratio": 18.9,
            "inventory_turnover_ratio": 0.5,
            "account_receivable_turnover_ratio": 3.32,
            "reinvestment_rate": -64.44,
            "research_to_sale_ratio": 8.93,
            "price_fair": 24.73,
            "eps_avg_yearly": 0.71,
            "eps_latest_yearly": 0.4,
            "eps_growth_yearly": 106.66
        },
        "20192": {
            "year_quarter": 20192,
            "year": 2019,
            "quarter": 2,
            "eps": -0.51,
            "eps_growth_year": null,
            "eps_4q": -0.58,
            "eps_4q_growth_year": -1659.37,
            "roe": -4.15,
            "roe_4q": -4.74,
            "gross_profit": 37836,
            "gross_margin": 26.48,
            "gross_margin_4q_avg": 29.91,
            "net_income": -21068,
            "revenue": 142869,
            "common_shares": 416663,
            "book_valuer_per_share": 11.96,
            "book_valuer_per_share_4q_avg": 12.31,
            "equity": 498534,
            "current_ratio": 422.6,
            "debt_ratio": 18.22,
            "inventory_turnover_ratio": 0.53,
            "account_receivable_turnover_ratio": 3.16,
            "reinvestment_rate": -139.05,
            "research_to_sale_ratio": 9.63,
            "price_fair": 24.33,
            "eps_avg_yearly": 0.7,
            "eps_latest_yearly": 0.4,
            "eps_growth_yearly": 134.28
        },
        "20193": {
            "year_quarter": 20193,
            "year": 2019,
            "quarter": 3,
            "eps": -0.12,
            "eps_growth_year": null,
            "eps_4q": -0.62,
            "eps_4q_growth_year": null,
            "roe": -0.99,
            "roe_4q": -5.130000000000001,
            "gross_profit": 53141,
            "gross_margin": 32.4,
            "gross_margin_4q_avg": 29.34,
            "net_income": -4918,
            "revenue": 163995,
            "common_shares": 416663,
            "book_valuer_per_share": 11.82,
            "book_valuer_per_share_4q_avg": 12.18,
            "equity": 492399,
            "current_ratio": 351.29,
            "debt_ratio": 21.8,
            "inventory_turnover_ratio": 0.61,
            "account_receivable_turnover_ratio": 2.89,
            "reinvestment_rate": -215.21,
            "research_to_sale_ratio": 7.77,
            "price_fair": 26.6,
            "eps_avg_yearly": 0.76,
            "eps_latest_yearly": 0.4,
            "eps_growth_yearly": 193.47
        },
        "20194": {
            "year_quarter": 20194,
            "year": 2019,
            "quarter": 4,
            "eps": 0.3,
            "eps_growth_year": 72.86,
            "eps_4q": -0.5,
            "eps_4q_growth_year": null,
            "roe": 2.51,
            "roe_4q": -4.000000000000001,
            "gross_profit": 61459,
            "gross_margin": 35.23,
            "gross_margin_4q_avg": 30.53,
            "net_income": 12365,
            "revenue": 174456,
            "common_shares": 416663,
            "book_valuer_per_share": 11.82,
            "book_valuer_per_share_4q_avg": 12,
            "equity": 492580,
            "current_ratio": 359.38,
            "debt_ratio": 20.5,
            "inventory_turnover_ratio": 0.68,
            "account_receivable_turnover_ratio": 3.13,
            "reinvestment_rate": -157.7,
            "research_to_sale_ratio": 6.37,
            "price_fair": 28.47,
            "eps_avg_yearly": 0.81,
            "eps_latest_yearly": 0.4,
            "eps_growth_yearly": 170.15
        },
        "20201": {
            "year_quarter": 20201,
            "year": 2020,
            "quarter": 1,
            "eps": -0.35,
            "eps_growth_year": null,
            "eps_4q": -0.68,
            "eps_4q_growth_year": null,
            "roe": -3.03,
            "roe_4q": -5.66,
            "gross_profit": 34914,
            "gross_margin": 28.76,
            "gross_margin_4q_avg": 30.72,
            "net_income": -14751,
            "revenue": 121377,
            "common_shares": 416663,
            "book_valuer_per_share": 11.52,
            "book_valuer_per_share_4q_avg": 11.78,
            "equity": 479968,
            "current_ratio": 360.05,
            "debt_ratio": 20.38,
            "inventory_turnover_ratio": 0.54,
            "account_receivable_turnover_ratio": 2.76,
            "reinvestment_rate": -234.97,
            "research_to_sale_ratio": 9.43,
            "price_fair": 28.47,
            "eps_avg_yearly": 0.81,
            "eps_latest_yearly": 0.4,
            "eps_growth_yearly": 170.15
        },
        "20202": {
            "year_quarter": 20202,
            "year": 2020,
            "quarter": 2,
            "eps": 0.08,
            "eps_growth_year": null,
            "eps_4q": -0.1,
            "eps_4q_growth_year": null,
            "roe": 0.67,
            "roe_4q": -0.8400000000000001,
            "gross_profit": 39701,
            "gross_margin": 32.14,
            "gross_margin_4q_avg": 32.13,
            "net_income": 3181,
            "revenue": 123508,
            "common_shares": 416663,
            "book_valuer_per_share": 11.39,
            "book_valuer_per_share_4q_avg": 11.64,
            "equity": 474652,
            "current_ratio": 388.16,
            "debt_ratio": 19.16,
            "inventory_turnover_ratio": 0.49,
            "account_receivable_turnover_ratio": 2.91,
            "reinvestment_rate": -299.81,
            "research_to_sale_ratio": 8.26,
            "price_fair": 28.47,
            "eps_avg_yearly": 0.81,
            "eps_latest_yearly": 0.4,
            "eps_growth_yearly": 170.15
        },
        "20203": {
            "year_quarter": 20203,
            "year": 2020,
            "quarter": 3,
            "eps": 0.35,
            "eps_growth_year": null,
            "eps_4q": 0.37,
            "eps_4q_growth_year": null,
            "roe": 3.04,
            "roe_4q": 3.19,
            "gross_profit": 50953,
            "gross_margin": 34.41,
            "gross_margin_4q_avg": 32.64,
            "net_income": 14557,
            "revenue": 148070,
            "common_shares": 416663,
            "book_valuer_per_share": 11.63,
            "book_valuer_per_share_4q_avg": 11.59,
            "equity": 484550,
            "current_ratio": 392.58,
            "debt_ratio": 19.24,
            "inventory_turnover_ratio": 0.53,
            "account_receivable_turnover_ratio": 3.58,
            "reinvestment_rate": -277.4,
            "research_to_sale_ratio": 7.33,
            "price_fair": 28.7,
            "eps_avg_yearly": 0.82,
            "eps_latest_yearly": 1.4,
            "eps_growth_yearly": 310.71
        },
        "20204": {
            "year_quarter": 20204,
            "year": 2020,
            "quarter": 4,
            "eps": 0.2,
            "eps_growth_year": -32.76,
            "eps_4q": 0.27,
            "eps_4q_growth_year": null,
            "roe": 1.72,
            "roe_4q": 2.4,
            "gross_profit": 53894,
            "gross_margin": 31.81,
            "gross_margin_4q_avg": 31.78,
            "net_income": 8314,
            "revenue": 169409,
            "common_shares": 416663,
            "book_valuer_per_share": 11.53,
            "book_valuer_per_share_4q_avg": 11.52,
            "equity": 480542,
            "current_ratio": 396.44,
            "debt_ratio": 20.25,
            "inventory_turnover_ratio": 0.66,
            "account_receivable_turnover_ratio": 3.55,
            "reinvestment_rate": -222.27,
            "research_to_sale_ratio": 6.35,
            "price_fair": 31.03,
            "eps_avg_yearly": 0.89,
            "eps_latest_yearly": 0.8,
            "eps_growth_yearly": 329.2
        },
        "20211": {
            "year_quarter": 20211,
            "year": 2021,
            "quarter": 1,
            "eps": -0.3,
            "eps_growth_year": null,
            "eps_4q": 0.32,
            "eps_4q_growth_year": null,
            "roe": -2.65,
            "roe_4q": 2.7800000000000002,
            "gross_profit": 35756,
            "gross_margin": 30.11,
            "gross_margin_4q_avg": 32.12,
            "net_income": -12619,
            "revenue": 118759,
            "common_shares": 416663,
            "book_valuer_per_share": 11.32,
            "book_valuer_per_share_4q_avg": 11.47,
            "equity": 471781,
            "current_ratio": 368.6,
            "debt_ratio": 21.73,
            "inventory_turnover_ratio": 0.48,
            "account_receivable_turnover_ratio": 2.64,
            "reinvestment_rate": null,
            "research_to_sale_ratio": 9.47,
            "price_fair": 26.88,
            "eps_avg_yearly": 0.77,
            "eps_latest_yearly": 0.8,
            "eps_growth_yearly": 179.04
        },
        "20212": {
            "year_quarter": 20212,
            "year": 2021,
            "quarter": 2,
            "eps": 0.22,
            "eps_growth_year": 175,
            "eps_4q": 0.47,
            "eps_4q_growth_year": null,
            "roe": 1.94,
            "roe_4q": 4.05,
            "gross_profit": 48830,
            "gross_margin": 30.58,
            "gross_margin_4q_avg": 31.73,
            "net_income": 9129,
            "revenue": 159656,
            "common_shares": 416663,
            "book_valuer_per_share": 11.22,
            "book_valuer_per_share_4q_avg": 11.43,
            "equity": 467425,
            "current_ratio": 325.48,
            "debt_ratio": 22.51,
            "inventory_turnover_ratio": 0.58,
            "account_receivable_turnover_ratio": 3.83,
            "reinvestment_rate": null,
            "research_to_sale_ratio": 7.02,
            "price_fair": 29.05,
            "eps_avg_yearly": 0.83,
            "eps_latest_yearly": 0.8,
            "eps_growth_yearly": 288.66
        },
        "20213": {
            "year_quarter": 20213,
            "year": 2021,
            "quarter": 3,
            "eps": -0.06,
            "eps_growth_year": -117.14,
            "eps_4q": 0.05,
            "eps_4q_growth_year": -85.49,
            "roe": -0.56,
            "roe_4q": 0.44999999999999996,
            "gross_profit": 45537,
            "gross_margin": 29.91,
            "gross_margin_4q_avg": 30.6,
            "net_income": -2597,
            "revenue": 152265,
            "common_shares": 416663,
            "book_valuer_per_share": 11.13,
            "book_valuer_per_share_4q_avg": 11.3,
            "equity": 463686,
            "current_ratio": 312.17,
            "debt_ratio": 23.67,
            "inventory_turnover_ratio": 0.51,
            "account_receivable_turnover_ratio": 3.35,
            "reinvestment_rate": null,
            "research_to_sale_ratio": 7.77,
            "price_fair": 30.33,
            "eps_avg_yearly": 0.87,
            "eps_latest_yearly": 0.8,
            "eps_growth_yearly": 333.6
        },
        "20214": {
            "year_quarter": 20214,
            "year": 2021,
            "quarter": 4,
            "eps": 0.57,
            "eps_growth_year": 187.78,
            "eps_4q": 0.43,
            "eps_4q_growth_year": 57.85,
            "roe": 5.04,
            "roe_4q": 3.77,
            "gross_profit": 72211,
            "gross_margin": 32.83,
            "gross_margin_4q_avg": 30.86,
            "net_income": 23926,
            "revenue": 219949,
            "common_shares": 416663,
            "book_valuer_per_share": 11.68,
            "book_valuer_per_share_4q_avg": 11.34,
            "equity": 486490,
            "current_ratio": 285.9,
            "debt_ratio": 26.42,
            "inventory_turnover_ratio": 0.66,
            "account_receivable_turnover_ratio": 3.81,
            "reinvestment_rate": -1243.94,
            "research_to_sale_ratio": 5.85,
            "price_fair": 38.5,
            "eps_avg_yearly": 1.1,
            "eps_latest_yearly": 0.8,
            "eps_growth_yearly": 589.29
        },
        "20221": {
            "year_quarter": 20221,
            "year": 2022,
            "quarter": 1,
            "eps": 0.02,
            "eps_growth_year": null,
            "eps_4q": 0.76,
            "eps_4q_growth_year": 134.43,
            "roe": 0.21,
            "roe_4q": 6.629999999999999,
            "gross_profit": 50626,
            "gross_margin": 30.85,
            "gross_margin_4q_avg": 31.04,
            "net_income": 1033,
            "revenue": 164109,
            "common_shares": 416663,
            "book_valuer_per_share": 11.98,
            "book_valuer_per_share_4q_avg": 11.5,
            "equity": 499016,
            "current_ratio": 303.95,
            "debt_ratio": 24.71,
            "inventory_turnover_ratio": 0.44,
            "account_receivable_turnover_ratio": 2.73,
            "reinvestment_rate": -652.33,
            "research_to_sale_ratio": 7.2,
            "price_fair": 26.6,
            "eps_avg_yearly": 0.76,
            "eps_latest_yearly": 0.08,
            "eps_growth_yearly": 264.2
        },
        "20222": {
            "year_quarter": 20222,
            "year": 2022,
            "quarter": 2,
            "eps": -0.31,
            "eps_growth_year": -240.91,
            "eps_4q": 0.23,
            "eps_4q_growth_year": -51.61,
            "roe": -2.63,
            "roe_4q": 2.06,
            "gross_profit": 43057,
            "gross_margin": 29,
            "gross_margin_4q_avg": 30.65,
            "net_income": -12983,
            "revenue": 148482,
            "common_shares": 416663,
            "book_valuer_per_share": 11.73,
            "book_valuer_per_share_4q_avg": 11.63,
            "equity": 488783,
            "current_ratio": 313.21,
            "debt_ratio": 23.77,
            "inventory_turnover_ratio": 0.38,
            "account_receivable_turnover_ratio": 3.01,
            "reinvestment_rate": -6074.73,
            "research_to_sale_ratio": 7.68,
            "price_fair": 26.6,
            "eps_avg_yearly": 0.76,
            "eps_latest_yearly": 0.08,
            "eps_growth_yearly": 264.2
        },
        "20223": {
            "year_quarter": 20223,
            "year": 2022,
            "quarter": 3,
            "eps": -0.33,
            "eps_growth_year": null,
            "eps_4q": -0.04,
            "eps_4q_growth_year": -179.25,
            "roe": -2.78,
            "roe_4q": -0.16000000000000014,
            "gross_profit": 42758,
            "gross_margin": 24.86,
            "gross_margin_4q_avg": 29.39,
            "net_income": -13741,
            "revenue": 171979,
            "common_shares": 416663,
            "book_valuer_per_share": 11.98,
            "book_valuer_per_share_4q_avg": 11.84,
            "equity": 499231,
            "current_ratio": 351.02,
            "debt_ratio": 21.09,
            "inventory_turnover_ratio": 0.48,
            "account_receivable_turnover_ratio": 3.2,
            "reinvestment_rate": null,
            "research_to_sale_ratio": 6.24,
            "price_fair": 26.6,
            "eps_avg_yearly": 0.76,
            "eps_latest_yearly": 0.08,
            "eps_growth_yearly": 264.2
        },
        "20224": {
            "year_quarter": 20224,
            "year": 2022,
            "quarter": 4,
            "eps": -0.22,
            "eps_growth_year": -138.62,
            "eps_4q": -0.84,
            "eps_4q_growth_year": -295.82,
            "roe": -1.88,
            "roe_4q": -7.08,
            "gross_profit": 32908,
            "gross_margin": 21.2,
            "gross_margin_4q_avg": 26.48,
            "net_income": -9241,
            "revenue": 155190,
            "common_shares": 416663,
            "book_valuer_per_share": 11.57,
            "book_valuer_per_share_4q_avg": 11.82,
            "equity": 481899,
            "current_ratio": 356.12,
            "debt_ratio": 20.14,
            "inventory_turnover_ratio": 0.49,
            "account_receivable_turnover_ratio": 3.07,
            "reinvestment_rate": null,
            "research_to_sale_ratio": 6.62,
            "price_fair": 26.6,
            "eps_avg_yearly": 0.76,
            "eps_latest_yearly": 0.08,
            "eps_growth_yearly": 264.2
        },
        "20231": {
            "year_quarter": 20231,
            "year": 2023,
            "quarter": 1,
            "eps": -0.56,
            "eps_growth_year": -2900,
            "eps_4q": -1.42,
            "eps_4q_growth_year": -288.36,
            "roe": -4.98,
            "roe_4q": -12.27,
            "gross_profit": 25186,
            "gross_margin": 18.93,
            "gross_margin_4q_avg": 23.5,
            "net_income": -23353,
            "revenue": 133052,
            "common_shares": 416663,
            "book_valuer_per_share": 10.93,
            "book_valuer_per_share_4q_avg": 11.55,
            "equity": 455612,
            "current_ratio": 411.25,
            "debt_ratio": 16.93,
            "inventory_turnover_ratio": 0.52,
            "account_receivable_turnover_ratio": 2.91,
            "reinvestment_rate": null,
            "research_to_sale_ratio": 8.11,
            "price_fair": 26.6,
            "eps_avg_yearly": 0.76,
            "eps_latest_yearly": 0.08,
            "eps_growth_yearly": 264.2
        }
    },
    "months": {
        "2003-09": {
            "month": "2003-09",
            "price": "33.54",
            "revenue": 63526
        },
        "2003-10": {
            "month": "2003-10",
            "price": "34.25",
            "revenue": 62150
        },
        "2003-11": {
            "month": "2003-11",
            "price": "36.44",
            "revenue": 81900
        },
        "2003-12": {
            "month": "2003-12",
            "price": "37.78",
            "revenue": 122348
        },
        "2004-01": {
            "month": "2004-01",
            "price": "38.75",
            "revenue": 47784
        },
        "2004-02": {
            "month": "2004-02",
            "price": "37.13",
            "revenue": 74238
        },
        "2004-03": {
            "month": "2004-03",
            "price": "38.55",
            "revenue": 79816
        },
        "2004-04": {
            "month": "2004-04",
            "price": "38.36",
            "revenue": 90610
        },
        "2004-05": {
            "month": "2004-05",
            "price": "35.31",
            "revenue": 72811
        },
        "2004-06": {
            "month": "2004-06",
            "price": "34.11",
            "revenue": 111028
        },
        "2004-07": {
            "month": "2004-07",
            "price": "31.38",
            "revenue": 43416
        },
        "2004-08": {
            "month": "2004-08",
            "price": "27.22",
            "revenue": 48634
        },
        "2004-09": {
            "month": "2004-09",
            "price": "23.84",
            "revenue": 62213
        },
        "2004-10": {
            "month": "2004-10",
            "price": "17.30",
            "revenue": 92318
        },
        "2004-11": {
            "month": "2004-11",
            "price": "14.17",
            "revenue": 64894
        },
        "2004-12": {
            "month": "2004-12",
            "price": "13.74",
            "revenue": 77885
        },
        "2005-01": {
            "month": "2005-01",
            "price": "13.38",
            "revenue": 53712
        },
        "2005-02": {
            "month": "2005-02",
            "price": "13.04",
            "revenue": 51161
        },
        "2005-03": {
            "month": "2005-03",
            "price": "14.72",
            "revenue": 90696
        },
        "2005-04": {
            "month": "2005-04",
            "price": "12.92",
            "revenue": 75028
        },
        "2005-05": {
            "month": "2005-05",
            "price": "12.81",
            "revenue": 68225
        },
        "2005-06": {
            "month": "2005-06",
            "price": "13.21",
            "revenue": 61508
        },
        "2005-07": {
            "month": "2005-07",
            "price": "13.06",
            "revenue": 43395
        },
        "2005-08": {
            "month": "2005-08",
            "price": "10.57",
            "revenue": 75342
        },
        "2005-09": {
            "month": "2005-09",
            "price": "9.57",
            "revenue": 95306
        },
        "2005-10": {
            "month": "2005-10",
            "price": "9.56",
            "revenue": 58865
        },
        "2005-11": {
            "month": "2005-11",
            "price": "9.84",
            "revenue": 72451
        },
        "2005-12": {
            "month": "2005-12",
            "price": "10.05",
            "revenue": 81961
        },
        "2006-01": {
            "month": "2006-01",
            "price": "11.73",
            "revenue": 48121
        },
        "2006-02": {
            "month": "2006-02",
            "price": "10.97",
            "revenue": 48389
        },
        "2006-03": {
            "month": "2006-03",
            "price": "10.27",
            "revenue": 95400
        },
        "2006-04": {
            "month": "2006-04",
            "price": "10.29",
            "revenue": 85802
        },
        "2006-05": {
            "month": "2006-05",
            "price": "12.17",
            "revenue": 73948
        },
        "2006-06": {
            "month": "2006-06",
            "price": "14.25",
            "revenue": 96367
        },
        "2006-07": {
            "month": "2006-07",
            "price": "13.21",
            "revenue": 56723
        },
        "2006-08": {
            "month": "2006-08",
            "price": "12.30",
            "revenue": 63358
        },
        "2006-09": {
            "month": "2006-09",
            "price": "11.50",
            "revenue": 63954
        },
        "2006-10": {
            "month": "2006-10",
            "price": "10.19",
            "revenue": 49185
        },
        "2006-11": {
            "month": "2006-11",
            "price": "10.82",
            "revenue": 97356
        },
        "2006-12": {
            "month": "2006-12",
            "price": "12.01",
            "revenue": 64890
        },
        "2007-01": {
            "month": "2007-01",
            "price": "12.40",
            "revenue": 58694
        },
        "2007-02": {
            "month": "2007-02",
            "price": "12.60",
            "revenue": 44885
        },
        "2007-03": {
            "month": "2007-03",
            "price": "13.34",
            "revenue": 86060
        },
        "2007-04": {
            "month": "2007-04",
            "price": "14.12",
            "revenue": 73475
        },
        "2007-05": {
            "month": "2007-05",
            "price": "14.13",
            "revenue": 88721
        },
        "2007-06": {
            "month": "2007-06",
            "price": "17.38",
            "revenue": 63988
        },
        "2007-07": {
            "month": "2007-07",
            "price": "22.79",
            "revenue": 60156
        },
        "2007-08": {
            "month": "2007-08",
            "price": "18.93",
            "revenue": 75555
        },
        "2007-09": {
            "month": "2007-09",
            "price": "15.59",
            "revenue": 71187
        },
        "2007-10": {
            "month": "2007-10",
            "price": "15.62",
            "revenue": 69023
        },
        "2007-11": {
            "month": "2007-11",
            "price": "16.09",
            "revenue": 85937
        },
        "2007-12": {
            "month": "2007-12",
            "price": "13.63",
            "revenue": 78403
        },
        "2008-01": {
            "month": "2008-01",
            "price": "13.21",
            "revenue": 50946
        },
        "2008-02": {
            "month": "2008-02",
            "price": "12.85",
            "revenue": 64963
        },
        "2008-03": {
            "month": "2008-03",
            "price": "13.57",
            "revenue": 84180
        },
        "2008-04": {
            "month": "2008-04",
            "price": "14.28",
            "revenue": 79798
        },
        "2008-05": {
            "month": "2008-05",
            "price": "15.35",
            "revenue": 81816
        },
        "2008-06": {
            "month": "2008-06",
            "price": "14.14",
            "revenue": 88910
        },
        "2008-07": {
            "month": "2008-07",
            "price": "13.36",
            "revenue": 69379
        },
        "2008-08": {
            "month": "2008-08",
            "price": "14.55",
            "revenue": 78676
        },
        "2008-09": {
            "month": "2008-09",
            "price": "12.35",
            "revenue": 77696
        },
        "2008-10": {
            "month": "2008-10",
            "price": "10.25",
            "revenue": 65748
        },
        "2008-11": {
            "month": "2008-11",
            "price": "8.09",
            "revenue": 73966
        },
        "2008-12": {
            "month": "2008-12",
            "price": "6.98",
            "revenue": 54079
        },
        "2009-01": {
            "month": "2009-01",
            "price": "6.98",
            "revenue": 23830
        },
        "2009-02": {
            "month": "2009-02",
            "price": "7.01",
            "revenue": 40068
        },
        "2009-03": {
            "month": "2009-03",
            "price": "7.78",
            "revenue": 43741
        },
        "2009-04": {
            "month": "2009-04",
            "price": "9.12",
            "revenue": 74369
        },
        "2009-05": {
            "month": "2009-05",
            "price": "7.96",
            "revenue": 36217
        },
        "2009-06": {
            "month": "2009-06",
            "price": "7.80",
            "revenue": 61045
        },
        "2009-07": {
            "month": "2009-07",
            "price": "8.38",
            "revenue": 47145
        },
        "2009-08": {
            "month": "2009-08",
            "price": "8.50",
            "revenue": 54319
        },
        "2009-09": {
            "month": "2009-09",
            "price": "8.53",
            "revenue": 57273
        },
        "2009-10": {
            "month": "2009-10",
            "price": "10.89",
            "revenue": 62986
        },
        "2009-11": {
            "month": "2009-11",
            "price": "11.86",
            "revenue": 70176
        },
        "2009-12": {
            "month": "2009-12",
            "price": "11.60",
            "revenue": 63796
        },
        "2010-01": {
            "month": "2010-01",
            "price": "11.69",
            "revenue": 46172
        },
        "2010-02": {
            "month": "2010-02",
            "price": "10.29",
            "revenue": 51068
        },
        "2010-03": {
            "month": "2010-03",
            "price": "11.52",
            "revenue": 72547
        },
        "2010-04": {
            "month": "2010-04",
            "price": "13.35",
            "revenue": 60078
        },
        "2010-05": {
            "month": "2010-05",
            "price": "12.13",
            "revenue": 73785
        },
        "2010-06": {
            "month": "2010-06",
            "price": "12.23",
            "revenue": 82431
        },
        "2010-07": {
            "month": "2010-07",
            "price": "13.53",
            "revenue": 72011
        },
        "2010-08": {
            "month": "2010-08",
            "price": "17.40",
            "revenue": 67488
        },
        "2010-09": {
            "month": "2010-09",
            "price": "16.74",
            "revenue": 75170
        },
        "2010-10": {
            "month": "2010-10",
            "price": "16.70",
            "revenue": 66775
        },
        "2010-11": {
            "month": "2010-11",
            "price": "15.58",
            "revenue": 61119
        },
        "2010-12": {
            "month": "2010-12",
            "price": "15.35",
            "revenue": 76530
        },
        "2011-01": {
            "month": "2011-01",
            "price": "13.70",
            "revenue": 58504
        },
        "2011-02": {
            "month": "2011-02",
            "price": "13.36",
            "revenue": 44275
        },
        "2011-03": {
            "month": "2011-03",
            "price": "12.95",
            "revenue": 71502
        },
        "2011-04": {
            "month": "2011-04",
            "price": "12.79",
            "revenue": 65243
        },
        "2011-05": {
            "month": "2011-05",
            "price": "11.78",
            "revenue": 59029
        },
        "2011-06": {
            "month": "2011-06",
            "price": "11.56",
            "revenue": 63674
        },
        "2011-07": {
            "month": "2011-07",
            "price": "11.76",
            "revenue": 54573
        },
        "2011-08": {
            "month": "2011-08",
            "price": "10.85",
            "revenue": 63806
        },
        "2011-09": {
            "month": "2011-09",
            "price": "10.14",
            "revenue": 69774
        },
        "2011-10": {
            "month": "2011-10",
            "price": "9.94",
            "revenue": 62062
        },
        "2011-11": {
            "month": "2011-11",
            "price": "9.74",
            "revenue": 60245
        },
        "2011-12": {
            "month": "2011-12",
            "price": "8.96",
            "revenue": 56948
        },
        "2012-01": {
            "month": "2012-01",
            "price": "8.56",
            "revenue": 42500
        },
        "2012-02": {
            "month": "2012-02",
            "price": "9.58",
            "revenue": 52496
        },
        "2012-03": {
            "month": "2012-03",
            "price": "9.99",
            "revenue": 88976
        },
        "2012-04": {
            "month": "2012-04",
            "price": "9.65",
            "revenue": 58091
        },
        "2012-05": {
            "month": "2012-05",
            "price": "9.40",
            "revenue": 72497
        },
        "2012-06": {
            "month": "2012-06",
            "price": "9.09",
            "revenue": 62357
        },
        "2012-07": {
            "month": "2012-07",
            "price": "8.88",
            "revenue": 58583
        },
        "2012-08": {
            "month": "2012-08",
            "price": "8.69",
            "revenue": 65594
        },
        "2012-09": {
            "month": "2012-09",
            "price": "9.60",
            "revenue": 73452
        },
        "2012-10": {
            "month": "2012-10",
            "price": "9.23",
            "revenue": 71227
        },
        "2012-11": {
            "month": "2012-11",
            "price": "9.45",
            "revenue": 51923
        },
        "2012-12": {
            "month": "2012-12",
            "price": "9.69",
            "revenue": 73204
        },
        "2013-01": {
            "month": "2013-01",
            "price": "9.90",
            "revenue": 58169
        },
        "2013-02": {
            "month": "2013-02",
            "price": "10.46",
            "revenue": 44678
        },
        "2013-03": {
            "month": "2013-03",
            "price": "10.57",
            "revenue": 65786
        },
        "2013-04": {
            "month": "2013-04",
            "price": "11.29",
            "revenue": 61724
        },
        "2013-05": {
            "month": "2013-05",
            "price": "11.71",
            "revenue": 80933
        },
        "2013-06": {
            "month": "2013-06",
            "price": "11.11",
            "revenue": 63881
        },
        "2013-07": {
            "month": "2013-07",
            "price": "10.98",
            "revenue": 57045
        },
        "2013-08": {
            "month": "2013-08",
            "price": "10.77",
            "revenue": 76203
        },
        "2013-09": {
            "month": "2013-09",
            "price": "10.58",
            "revenue": 68064
        },
        "2013-10": {
            "month": "2013-10",
            "price": "10.54",
            "revenue": 74059
        },
        "2013-11": {
            "month": "2013-11",
            "price": "10.35",
            "revenue": 75461
        },
        "2013-12": {
            "month": "2013-12",
            "price": "10.83",
            "revenue": 81565
        },
        "2014-01": {
            "month": "2014-01",
            "price": "11.62",
            "revenue": 67684
        },
        "2014-02": {
            "month": "2014-02",
            "price": "12.08",
            "revenue": 65401
        },
        "2014-03": {
            "month": "2014-03",
            "price": "12.77",
            "revenue": 73344
        },
        "2014-04": {
            "month": "2014-04",
            "price": "12.51",
            "revenue": 79357
        },
        "2014-05": {
            "month": "2014-05",
            "price": "12.44",
            "revenue": 60990
        },
        "2014-06": {
            "month": "2014-06",
            "price": "12.40",
            "revenue": 72887
        },
        "2014-07": {
            "month": "2014-07",
            "price": "12.14",
            "revenue": 64921
        },
        "2014-08": {
            "month": "2014-08",
            "price": "11.87",
            "revenue": 57417
        },
        "2014-09": {
            "month": "2014-09",
            "price": "12.75",
            "revenue": 69947
        },
        "2014-10": {
            "month": "2014-10",
            "price": "12.75",
            "revenue": 78629
        },
        "2014-11": {
            "month": "2014-11",
            "price": "12.24",
            "revenue": 70357
        },
        "2014-12": {
            "month": "2014-12",
            "price": "12.89",
            "revenue": 78621
        },
        "2015-01": {
            "month": "2015-01",
            "price": "15.16",
            "revenue": 56587
        },
        "2015-02": {
            "month": "2015-02",
            "price": "14.60",
            "revenue": 62865
        },
        "2015-03": {
            "month": "2015-03",
            "price": "14.02",
            "revenue": 78681
        },
        "2015-04": {
            "month": "2015-04",
            "price": "13.82",
            "revenue": 67854
        },
        "2015-05": {
            "month": "2015-05",
            "price": "13.95",
            "revenue": 59230
        },
        "2015-06": {
            "month": "2015-06",
            "price": "12.96",
            "revenue": 88370
        },
        "2015-07": {
            "month": "2015-07",
            "price": "12.94",
            "revenue": 57037
        },
        "2015-08": {
            "month": "2015-08",
            "price": "12.24",
            "revenue": 59122
        },
        "2015-09": {
            "month": "2015-09",
            "price": "10.81",
            "revenue": 77831
        },
        "2015-10": {
            "month": "2015-10",
            "price": "11.10",
            "revenue": 63929
        },
        "2015-11": {
            "month": "2015-11",
            "price": "11.25",
            "revenue": 70814
        },
        "2015-12": {
            "month": "2015-12",
            "price": "10.86",
            "revenue": 80613
        },
        "2016-01": {
            "month": "2016-01",
            "price": "10.95",
            "revenue": 46627
        },
        "2016-02": {
            "month": "2016-02",
            "price": "10.65",
            "revenue": 48202
        },
        "2016-03": {
            "month": "2016-03",
            "price": "10.94",
            "revenue": 62389
        },
        "2016-04": {
            "month": "2016-04",
            "price": "11.08",
            "revenue": 67138
        },
        "2016-05": {
            "month": "2016-05",
            "price": "10.70",
            "revenue": 72352
        },
        "2016-06": {
            "month": "2016-06",
            "price": "10.40",
            "revenue": 59670
        },
        "2016-07": {
            "month": "2016-07",
            "price": "10.34",
            "revenue": 56051
        },
        "2016-08": {
            "month": "2016-08",
            "price": "10.12",
            "revenue": 66517
        },
        "2016-09": {
            "month": "2016-09",
            "price": "10.22",
            "revenue": 76018
        },
        "2016-10": {
            "month": "2016-10",
            "price": "10.13",
            "revenue": 60690
        },
        "2016-11": {
            "month": "2016-11",
            "price": "10.41",
            "revenue": 60711
        },
        "2016-12": {
            "month": "2016-12",
            "price": "10.93",
            "revenue": 65600
        },
        "2017-01": {
            "month": "2017-01",
            "price": "10.65",
            "revenue": 56952
        },
        "2017-02": {
            "month": "2017-02",
            "price": "10.86",
            "revenue": 55369
        },
        "2017-03": {
            "month": "2017-03",
            "price": "11.10",
            "revenue": 86462
        },
        "2017-04": {
            "month": "2017-04",
            "price": "11.24",
            "revenue": 47645
        },
        "2017-05": {
            "month": "2017-05",
            "price": "11.85",
            "revenue": 59460
        },
        "2017-06": {
            "month": "2017-06",
            "price": "12.36",
            "revenue": 60135
        },
        "2017-07": {
            "month": "2017-07",
            "price": "12.34",
            "revenue": 59577
        },
        "2017-08": {
            "month": "2017-08",
            "price": "12.20",
            "revenue": 55465
        },
        "2017-09": {
            "month": "2017-09",
            "price": "12.12",
            "revenue": 61992
        },
        "2017-10": {
            "month": "2017-10",
            "price": "11.92",
            "revenue": 65028
        },
        "2017-11": {
            "month": "2017-11",
            "price": "12.02",
            "revenue": 66842
        },
        "2017-12": {
            "month": "2017-12",
            "price": "12.12",
            "revenue": 56869
        },
        "2018-01": {
            "month": "2018-01",
            "price": "12.09",
            "revenue": 64709
        },
        "2018-02": {
            "month": "2018-02",
            "price": "11.99",
            "revenue": 43307
        },
        "2018-03": {
            "month": "2018-03",
            "price": "12.79",
            "revenue": 50916
        },
        "2018-04": {
            "month": "2018-04",
            "price": "12.12",
            "revenue": 61449
        },
        "2018-05": {
            "month": "2018-05",
            "price": "11.70",
            "revenue": 49104
        },
        "2018-06": {
            "month": "2018-06",
            "price": "11.56",
            "revenue": 46090
        },
        "2018-07": {
            "month": "2018-07",
            "price": "11.41",
            "revenue": 44859
        },
        "2018-08": {
            "month": "2018-08",
            "price": "11.10",
            "revenue": 58322
        },
        "2018-09": {
            "month": "2018-09",
            "price": "10.87",
            "revenue": 60997
        },
        "2018-10": {
            "month": "2018-10",
            "price": "10.51",
            "revenue": 69962
        },
        "2018-11": {
            "month": "2018-11",
            "price": "9.87",
            "revenue": 64268
        },
        "2018-12": {
            "month": "2018-12",
            "price": "11.31",
            "revenue": 53753
        },
        "2019-01": {
            "month": "2019-01",
            "price": "10.85",
            "revenue": 49411
        },
        "2019-02": {
            "month": "2019-02",
            "price": "10.71",
            "revenue": 36126
        },
        "2019-03": {
            "month": "2019-03",
            "price": "10.46",
            "revenue": 61029
        },
        "2019-04": {
            "month": "2019-04",
            "price": "11.12",
            "revenue": 43185
        },
        "2019-05": {
            "month": "2019-05",
            "price": "10.37",
            "revenue": 51166
        },
        "2019-06": {
            "month": "2019-06",
            "price": "10.54",
            "revenue": 48517
        },
        "2019-07": {
            "month": "2019-07",
            "price": "11.30",
            "revenue": 50426
        },
        "2019-08": {
            "month": "2019-08",
            "price": "10.49",
            "revenue": 45515
        },
        "2019-09": {
            "month": "2019-09",
            "price": "10.17",
            "revenue": 68054
        },
        "2019-10": {
            "month": "2019-10",
            "price": "10.55",
            "revenue": 72796
        },
        "2019-11": {
            "month": "2019-11",
            "price": "10.98",
            "revenue": 46228
        },
        "2019-12": {
            "month": "2019-12",
            "price": "10.93",
            "revenue": 55433
        },
        "2020-01": {
            "month": "2020-01",
            "price": "11.41",
            "revenue": 39986
        },
        "2020-02": {
            "month": "2020-02",
            "price": "11.43",
            "revenue": 43914
        },
        "2020-03": {
            "month": "2020-03",
            "price": "10.31",
            "revenue": 37477
        },
        "2020-04": {
            "month": "2020-04",
            "price": "10.08",
            "revenue": 33564
        },
        "2020-05": {
            "month": "2020-05",
            "price": "9.98",
            "revenue": 35105
        },
        "2020-06": {
            "month": "2020-06",
            "price": "9.94",
            "revenue": 54839
        },
        "2020-07": {
            "month": "2020-07",
            "price": "9.87",
            "revenue": 45289
        },
        "2020-08": {
            "month": "2020-08",
            "price": "9.80",
            "revenue": 44915
        },
        "2020-09": {
            "month": "2020-09",
            "price": "10.23",
            "revenue": 57866
        },
        "2020-10": {
            "month": "2020-10",
            "price": "11.16",
            "revenue": 49623
        },
        "2020-11": {
            "month": "2020-11",
            "price": "11.41",
            "revenue": 48286
        },
        "2020-12": {
            "month": "2020-12",
            "price": "11.35",
            "revenue": 71506
        },
        "2021-01": {
            "month": "2021-01",
            "price": "11.34",
            "revenue": 37165
        },
        "2021-02": {
            "month": "2021-02",
            "price": "11.18",
            "revenue": 34022
        },
        "2021-03": {
            "month": "2021-03",
            "price": "11.18",
            "revenue": 47572
        },
        "2021-04": {
            "month": "2021-04",
            "price": "11.79",
            "revenue": 47635
        },
        "2021-05": {
            "month": "2021-05",
            "price": "11.66",
            "revenue": 53496
        },
        "2021-06": {
            "month": "2021-06",
            "price": "11.62",
            "revenue": 58526
        },
        "2021-07": {
            "month": "2021-07",
            "price": "11.89",
            "revenue": 59728
        },
        "2021-08": {
            "month": "2021-08",
            "price": "12.14",
            "revenue": 56322
        },
        "2021-09": {
            "month": "2021-09",
            "price": "12.33",
            "revenue": 36214
        },
        "2021-10": {
            "month": "2021-10",
            "price": "12.27",
            "revenue": 89011
        },
        "2021-11": {
            "month": "2021-11",
            "price": "12.49",
            "revenue": 70708
        },
        "2021-12": {
            "month": "2021-12",
            "price": "12.77",
            "revenue": 60231
        },
        "2022-01": {
            "month": "2022-01",
            "price": "13.46",
            "revenue": 75243
        },
        "2022-02": {
            "month": "2022-02",
            "price": "13.79",
            "revenue": 34643
        },
        "2022-03": {
            "month": "2022-03",
            "price": "13.73",
            "revenue": 54224
        },
        "2022-04": {
            "month": "2022-04",
            "price": "14.14",
            "revenue": 46425
        },
        "2022-05": {
            "month": "2022-05",
            "price": "14.27",
            "revenue": 44987
        },
        "2022-06": {
            "month": "2022-06",
            "price": "13.74",
            "revenue": 57071
        },
        "2022-07": {
            "month": "2022-07",
            "price": "12.92",
            "revenue": 59483
        },
        "2022-08": {
            "month": "2022-08",
            "price": "12.73",
            "revenue": 60406
        },
        "2022-09": {
            "month": "2022-09",
            "price": "12.52",
            "revenue": 52090
        },
        "2022-10": {
            "month": "2022-10",
            "price": "12.46",
            "revenue": 63511
        },
        "2022-11": {
            "month": "2022-11",
            "price": "12.37",
            "revenue": 49216
        },
        "2022-12": {
            "month": "2022-12",
            "price": "12.49",
            "revenue": 42463
        },
        "2023-01": {
            "month": "2023-01",
            "price": "12.07",
            "revenue": 39659
        },
        "2023-02": {
            "month": "2023-02",
            "price": "12.03",
            "revenue": 49485
        },
        "2023-03": {
            "month": "2023-03",
            "price": "11.97",
            "revenue": 43908
        },
        "2023-04": {
            "month": "2023-04",
            "price": "11.77",
            "revenue": 46359
        }
    }
}
