{
    "summary": {
        "stock_name": "德勝",
        "stock_id": "8048",
        "category": "通信網路",
        "main_business": "光纖網路局端、用戶端設備及網管交換器之研發製造及買賣<br>室外無線網路之研發製造及買賣",
        "website_url": "http://www.rubytech.com.tw",
        "ceo": "楊育哲",
        "pe_ratio": 19,
        "report_year_from": 2001,
        "report_year_to": 2023,
        "age": 22,
        "eps_negative_percentage": 0,
        "eps_growth_avg": {
            "last_all": 16.04,
            "last_2y": -7.51,
            "last_4y": 2.71,
            "last_8y": 12.38,
            "last_12y": 13.71,
            "last_16y": null,
            "last_20y": null,
            "at_2006_last_3y": null,
            "at_2007_last_3y": null,
            "at_2008_last_3y": null,
            "at_2009_last_3y": null,
            "at_2010_last_3y": null,
            "at_2011_last_3y": -5.71,
            "at_2012_last_3y": -11.81,
            "at_2013_last_3y": 16.71,
            "at_2014_last_3y": 45.63,
            "at_2015_last_3y": 71.03,
            "at_2016_last_3y": 45.77,
            "at_2017_last_3y": 24.47,
            "at_2018_last_3y": 7.23,
            "at_2019_last_3y": 0.46,
            "at_2020_last_3y": 2.95,
            "at_2021_last_3y": 8.14,
            "at_2022_last_3y": 5.07,
            "at_2023_last_3y": 5.07,
            "at_2006_last_all": null,
            "at_2007_last_all": null,
            "at_2008_last_all": null,
            "at_2009_last_all": 31.16,
            "at_2010_last_all": 2.94,
            "at_2011_last_all": -5.71,
            "at_2012_last_all": 10.55,
            "at_2013_last_all": 21.53,
            "at_2014_last_all": 27.34,
            "at_2015_last_all": 32.66,
            "at_2016_last_all": 26.2,
            "at_2017_last_all": 22.7,
            "at_2018_last_all": 20.03,
            "at_2019_last_all": 21.92,
            "at_2020_last_all": 19.05,
            "at_2021_last_all": 18.54,
            "at_2022_last_all": 16.04,
            "at_2023_last_all": 16.04
        },
        "latest_eps": 2.89,
        "latest_price": 56,
        "latest_roe": 14.2,
        "latest_gross_margin": 29.46,
        "latest_equity": 1122762,
        "latest_revenue": 314333,
        "latest_gross_profit": 92591,
        "latest_net_income": 40404,
        "latest_debt_ratio": 26.44,
        "latest_current_ratio": 322.87,
        "latest_account_receivable_turnover_ratio": 3.58,
        "latest_inventory_turnover_ratio": 0.63,
        "latest_reinvestment_rate": 2.72,
        "latest_research_to_sale_ratio": 7.13
    },
    "eps_dividends": {
        "2001": {
            "cash": 0,
            "stock": 0,
            "eps": 0
        },
        "2002": {
            "cash": 0,
            "stock": 0,
            "eps": 0
        },
        "2003": {
            "cash": 0.3,
            "stock": 0.5,
            "eps": 0
        },
        "2004": {
            "cash": 0.2,
            "stock": 0.3,
            "eps": 0
        },
        "2005": {
            "cash": 0,
            "stock": 0,
            "eps": 0
        },
        "2006": {
            "cash": 0.3,
            "stock": 0.5,
            "eps": 0
        },
        "2007": {
            "cash": 0.36,
            "stock": 0.3,
            "eps": 0.97
        },
        "2008": {
            "cash": 1.14,
            "stock": 0.3,
            "eps": 2.07
        },
        "2009": {
            "cash": 0.6,
            "stock": 0.5,
            "eps": 1.29
        },
        "2010": {
            "cash": 0.2,
            "stock": 0.8,
            "eps": 0.6
        },
        "2011": {
            "cash": 0.2,
            "stock": 0.2,
            "eps": 0.41
        },
        "2012": {
            "cash": 0.4,
            "stock": 0,
            "eps": 0.72
        },
        "2013": {
            "cash": 0.5,
            "stock": 0,
            "eps": 1.27
        },
        "2014": {
            "cash": 0.5,
            "stock": 0.7,
            "eps": 2.06
        },
        "2015": {
            "cash": 1.5,
            "stock": 0,
            "eps": 3.5
        },
        "2016": {
            "cash": 2.5,
            "stock": 0.3,
            "eps": 2.61
        },
        "2017": {
            "cash": 2,
            "stock": 0,
            "eps": 2.38
        },
        "2018": {
            "cash": 2.2,
            "stock": 0,
            "eps": 2.22
        },
        "2019": {
            "cash": 2.2,
            "stock": 0,
            "eps": 3.17
        },
        "2020": {
            "cash": 2.5,
            "stock": 0,
            "eps": 2.68
        },
        "2021": {
            "cash": 2,
            "stock": 0.3,
            "eps": 3
        },
        "2022": {
            "cash": 2.2,
            "stock": 0,
            "eps": 2.43
        },
        "2023": {
            "cash": 2.2,
            "stock": 0.3,
            "eps": 0.74
        }
    },
    "dividends": {
        "2003-06-27": {
            "cash": 0.3,
            "stock": 0.5
        },
        "2004-04-02": {
            "cash": 0.2,
            "stock": 0.3
        },
        "2006-04-04": {
            "cash": 0.3,
            "stock": 0.5
        },
        "2007-04-10": {
            "cash": 0.36,
            "stock": 0.3
        },
        "2008-03-20": {
            "cash": 1.14,
            "stock": 0.3
        },
        "2009-04-16": {
            "cash": 0.6,
            "stock": 0.5
        },
        "2010-03-23": {
            "cash": 0.2,
            "stock": 0.8
        },
        "2011-03-23": {
            "cash": 0.2,
            "stock": 0.2
        },
        "2012-06-12": {
            "cash": 0.4,
            "stock": 0
        },
        "2013-06-13": {
            "cash": 0.5,
            "stock": 0
        },
        "2014-08-15": {
            "cash": 0.5,
            "stock": 0.7
        },
        "2015-07-30": {
            "cash": 1.5,
            "stock": 0
        },
        "2016-08-11": {
            "cash": 2.5,
            "stock": 0.3
        },
        "2017-09-07": {
            "cash": 2,
            "stock": 0
        },
        "2018-07-26": {
            "cash": 2.2,
            "stock": 0
        },
        "2019-07-26": {
            "cash": 2.2,
            "stock": 0
        },
        "2020-07-23": {
            "cash": 2.5,
            "stock": 0
        },
        "2021-10-01": {
            "cash": 2,
            "stock": 0.3
        },
        "2022-07-22": {
            "cash": 2.2,
            "stock": 0
        },
        "2023-03-10": {
            "cash": 2.2,
            "stock": 0.3
        }
    },
    "prices": {
        "200101": "無",
        "200102": "無",
        "200103": "無",
        "200104": "無",
        "200105": "無",
        "200106": "無",
        "200107": "無",
        "200108": "無",
        "200109": "無",
        "200110": "無",
        "200111": "無",
        "200112": "無",
        "200201": "無",
        "200202": "無",
        "200203": "無",
        "200204": "無",
        "200205": "無",
        "200206": "無",
        "200207": "無",
        "200208": "無",
        "200209": "無",
        "200210": "無",
        "200211": "無",
        "200212": "無",
        "200301": "無",
        "200302": "無",
        "200303": "無",
        "200304": "無",
        "200305": "無",
        "200306": "無",
        "200307": "無",
        "200308": "無",
        "200309": "無",
        "200310": "無",
        "200311": "10.58",
        "200312": "9.00",
        "200401": "無",
        "200402": "10.28",
        "200403": "11.57",
        "200404": "9.10",
        "200405": "8.53",
        "200406": "7.30",
        "200407": "6.98",
        "200408": "7.00",
        "200409": "7.55",
        "200410": "7.45",
        "200411": "7.10",
        "200412": "6.92",
        "200501": "6.86",
        "200502": "6.70",
        "200503": "6.95",
        "200504": "5.51",
        "200505": "6.99",
        "200506": "7.61",
        "200507": "7.25",
        "200508": "5.93",
        "200509": "5.80",
        "200510": "5.66",
        "200511": "8.19",
        "200512": "9.57",
        "200601": "9.19",
        "200602": "9.56",
        "200603": "9.40",
        "200604": "9.25",
        "200605": "9.62",
        "200606": "8.95",
        "200607": "7.94",
        "200608": "7.19",
        "200609": "7.21",
        "200610": "6.55",
        "200611": "8.36",
        "200612": "8.59",
        "200701": "9.18",
        "200702": "9.04",
        "200703": "11.86",
        "200704": "11.45",
        "200705": "12.71",
        "200706": "20.92",
        "200707": "24.80",
        "200708": "23.70",
        "200709": "24.36",
        "200710": "23.15",
        "200711": "20.83",
        "200712": "18.18",
        "200801": "17.98",
        "200802": "17.13",
        "200803": "15.45",
        "200804": "16.82",
        "200805": "17.55",
        "200806": "17.68",
        "200807": "15.81",
        "200808": "15.91",
        "200809": "14.83",
        "200810": "12.77",
        "200811": "11.86",
        "200812": "12.77",
        "200901": "13.28",
        "200902": "15.39",
        "200903": "16.23",
        "200904": "17.77",
        "200905": "21.84",
        "200906": "20.71",
        "200907": "26.49",
        "200908": "29.10",
        "200909": "20.70",
        "200910": "21.94",
        "200911": "21.62",
        "200912": "28.71",
        "201001": "27.74",
        "201002": "26.37",
        "201003": "31.03",
        "201004": "32.53",
        "201005": "27.30",
        "201006": "23.76",
        "201007": "23.51",
        "201008": "23.68",
        "201009": "21.15",
        "201010": "21.63",
        "201011": "19.09",
        "201012": "19.67",
        "201101": "18.90",
        "201102": "17.81",
        "201103": "17.84",
        "201104": "18.52",
        "201105": "17.72",
        "201106": "17.50",
        "201107": "14.81",
        "201108": "12.72",
        "201109": "11.93",
        "201110": "12.08",
        "201111": "11.74",
        "201112": "10.99",
        "201201": "11.24",
        "201202": "13.21",
        "201203": "12.75",
        "201204": "10.76",
        "201205": "11.26",
        "201206": "11.86",
        "201207": "11.10",
        "201208": "11.66",
        "201209": "12.66",
        "201210": "11.97",
        "201211": "11.34",
        "201212": "12.10",
        "201301": "12.78",
        "201302": "13.42",
        "201303": "13.06",
        "201304": "14.50",
        "201305": "14.71",
        "201306": "13.79",
        "201307": "14.96",
        "201308": "16.58",
        "201309": "17.82",
        "201310": "19.86",
        "201311": "20.02",
        "201312": "19.65",
        "201401": "20.34",
        "201402": "23.95",
        "201403": "32.87",
        "201404": "32.32",
        "201405": "37.81",
        "201406": "42.80",
        "201407": "40.75",
        "201408": "33.48",
        "201409": "30.81",
        "201410": "30.74",
        "201411": "28.30",
        "201412": "28.79",
        "201501": "30.74",
        "201502": "30.45",
        "201503": "31.40",
        "201504": "33.72",
        "201505": "35.83",
        "201506": "46.79",
        "201507": "56.49",
        "201508": "43.76",
        "201509": "41.64",
        "201510": "43.89",
        "201511": "48.93",
        "201512": "44.25",
        "201601": "41.46",
        "201602": "46.05",
        "201603": "46.02",
        "201604": "41.99",
        "201605": "39.35",
        "201606": "37.98",
        "201607": "37.28",
        "201608": "31.74",
        "201609": "28.54",
        "201610": "27.54",
        "201611": "23.30",
        "201612": "24.86",
        "201701": "24.24",
        "201702": "25.52",
        "201703": "25.89",
        "201704": "25.19",
        "201705": "24.71",
        "201706": "26.81",
        "201707": "27.37",
        "201708": "26.67",
        "201709": "30.34",
        "201710": "32.23",
        "201711": "32.17",
        "201712": "32.61",
        "201801": "31.52",
        "201802": "30.25",
        "201803": "30.81",
        "201804": "31.03",
        "201805": "30.55",
        "201806": "32.02",
        "201807": "31.04",
        "201808": "28.48",
        "201809": "26.42",
        "201810": "25.23",
        "201811": "25.80",
        "201812": "26.51",
        "201901": "28.15",
        "201902": "29.61",
        "201903": "31.48",
        "201904": "35.61",
        "201905": "37.12",
        "201906": "38.15",
        "201907": "40.37",
        "201908": "42.81",
        "201909": "43.37",
        "201910": "39.61",
        "201911": "39.64",
        "201912": "38.49",
        "202001": "39.08",
        "202002": "36.68",
        "202003": "30.64",
        "202004": "32.43",
        "202005": "32.44",
        "202006": "32.86",
        "202007": "29.76",
        "202008": "28.25",
        "202009": "28.19",
        "202010": "27.33",
        "202011": "28.04",
        "202012": "29.23",
        "202101": "30.12",
        "202102": "30.42",
        "202103": "32.45",
        "202104": "36.64",
        "202105": "35.07",
        "202106": "35.30",
        "202107": "37.38",
        "202108": "37.79",
        "202109": "36.40",
        "202110": "34.45",
        "202111": "35.32",
        "202112": "35.49",
        "202201": "34.72",
        "202202": "35.29",
        "202203": "34.34",
        "202204": "34.25",
        "202205": "32.98",
        "202206": "33.10",
        "202207": "29.83",
        "202208": "30.11",
        "202209": "30.06",
        "202210": "29.72",
        "202211": "31.05",
        "202212": "33.28",
        "202301": "33.24",
        "202302": "34.76",
        "202303": "36.95",
        "202304": "39.41",
        "202305": "47.00"
    },
    "quarters": {
        "20011": {
            "year_quarter": 20011,
            "year": 2001,
            "quarter": 1,
            "eps": null,
            "eps_growth_year": null,
            "eps_4q": null,
            "eps_4q_growth_year": null,
            "roe": null,
            "roe_4q": 0,
            "gross_profit": null,
            "gross_margin": null,
            "gross_margin_4q_avg": 0,
            "net_income": null,
            "revenue": null,
            "common_shares": null,
            "book_valuer_per_share": null,
            "book_valuer_per_share_4q_avg": 0,
            "equity": null,
            "current_ratio": null,
            "debt_ratio": null,
            "inventory_turnover_ratio": null,
            "account_receivable_turnover_ratio": null,
            "reinvestment_rate": null,
            "research_to_sale_ratio": null,
            "price_fair": 0,
            "eps_avg_yearly": 0,
            "eps_latest_yearly": 0,
            "eps_growth_yearly": 0
        },
        "20012": {
            "year_quarter": 20012,
            "year": 2001,
            "quarter": 2,
            "eps": null,
            "eps_growth_year": null,
            "eps_4q": null,
            "eps_4q_growth_year": null,
            "roe": null,
            "roe_4q": 0,
            "gross_profit": null,
            "gross_margin": null,
            "gross_margin_4q_avg": 0,
            "net_income": null,
            "revenue": null,
            "common_shares": null,
            "book_valuer_per_share": null,
            "book_valuer_per_share_4q_avg": 0,
            "equity": null,
            "current_ratio": null,
            "debt_ratio": null,
            "inventory_turnover_ratio": null,
            "account_receivable_turnover_ratio": null,
            "reinvestment_rate": null,
            "research_to_sale_ratio": null,
            "price_fair": 0,
            "eps_avg_yearly": 0,
            "eps_latest_yearly": 0,
            "eps_growth_yearly": 0
        },
        "20013": {
            "year_quarter": 20013,
            "year": 2001,
            "quarter": 3,
            "eps": null,
            "eps_growth_year": null,
            "eps_4q": null,
            "eps_4q_growth_year": null,
            "roe": null,
            "roe_4q": 0,
            "gross_profit": null,
            "gross_margin": null,
            "gross_margin_4q_avg": 0,
            "net_income": null,
            "revenue": null,
            "common_shares": null,
            "book_valuer_per_share": null,
            "book_valuer_per_share_4q_avg": 0,
            "equity": null,
            "current_ratio": null,
            "debt_ratio": null,
            "inventory_turnover_ratio": null,
            "account_receivable_turnover_ratio": null,
            "reinvestment_rate": null,
            "research_to_sale_ratio": null,
            "price_fair": 0,
            "eps_avg_yearly": 0,
            "eps_latest_yearly": 0,
            "eps_growth_yearly": 0
        },
        "20014": {
            "year_quarter": 20014,
            "year": 2001,
            "quarter": 4,
            "eps": null,
            "eps_growth_year": null,
            "eps_4q": null,
            "eps_4q_growth_year": null,
            "roe": null,
            "roe_4q": 0,
            "gross_profit": null,
            "gross_margin": null,
            "gross_margin_4q_avg": 0,
            "net_income": null,
            "revenue": null,
            "common_shares": 221092,
            "book_valuer_per_share": 11.84,
            "book_valuer_per_share_4q_avg": 2.96,
            "equity": 261815,
            "current_ratio": 345.45,
            "debt_ratio": 22.51,
            "inventory_turnover_ratio": null,
            "account_receivable_turnover_ratio": null,
            "reinvestment_rate": null,
            "research_to_sale_ratio": null,
            "price_fair": 0,
            "eps_avg_yearly": 0,
            "eps_latest_yearly": 0,
            "eps_growth_yearly": 0
        },
        "20021": {
            "year_quarter": 20021,
            "year": 2002,
            "quarter": 1,
            "eps": null,
            "eps_growth_year": null,
            "eps_4q": null,
            "eps_4q_growth_year": null,
            "roe": null,
            "roe_4q": 0,
            "gross_profit": null,
            "gross_margin": null,
            "gross_margin_4q_avg": 0,
            "net_income": null,
            "revenue": null,
            "common_shares": null,
            "book_valuer_per_share": null,
            "book_valuer_per_share_4q_avg": 2.96,
            "equity": null,
            "current_ratio": null,
            "debt_ratio": null,
            "inventory_turnover_ratio": null,
            "account_receivable_turnover_ratio": null,
            "reinvestment_rate": null,
            "research_to_sale_ratio": null,
            "price_fair": 0,
            "eps_avg_yearly": 0,
            "eps_latest_yearly": 0,
            "eps_growth_yearly": 0
        },
        "20022": {
            "year_quarter": 20022,
            "year": 2002,
            "quarter": 2,
            "eps": null,
            "eps_growth_year": null,
            "eps_4q": null,
            "eps_4q_growth_year": null,
            "roe": null,
            "roe_4q": 0,
            "gross_profit": null,
            "gross_margin": null,
            "gross_margin_4q_avg": 0,
            "net_income": null,
            "revenue": null,
            "common_shares": null,
            "book_valuer_per_share": null,
            "book_valuer_per_share_4q_avg": 2.96,
            "equity": null,
            "current_ratio": null,
            "debt_ratio": null,
            "inventory_turnover_ratio": null,
            "account_receivable_turnover_ratio": null,
            "reinvestment_rate": null,
            "research_to_sale_ratio": null,
            "price_fair": 0,
            "eps_avg_yearly": 0,
            "eps_latest_yearly": 0,
            "eps_growth_yearly": 0
        },
        "20023": {
            "year_quarter": 20023,
            "year": 2002,
            "quarter": 3,
            "eps": null,
            "eps_growth_year": null,
            "eps_4q": null,
            "eps_4q_growth_year": null,
            "roe": null,
            "roe_4q": 0,
            "gross_profit": null,
            "gross_margin": null,
            "gross_margin_4q_avg": 0,
            "net_income": null,
            "revenue": null,
            "common_shares": null,
            "book_valuer_per_share": null,
            "book_valuer_per_share_4q_avg": 2.96,
            "equity": null,
            "current_ratio": null,
            "debt_ratio": null,
            "inventory_turnover_ratio": null,
            "account_receivable_turnover_ratio": null,
            "reinvestment_rate": null,
            "research_to_sale_ratio": null,
            "price_fair": 0,
            "eps_avg_yearly": 0,
            "eps_latest_yearly": 0,
            "eps_growth_yearly": 0
        },
        "20024": {
            "year_quarter": 20024,
            "year": 2002,
            "quarter": 4,
            "eps": null,
            "eps_growth_year": null,
            "eps_4q": null,
            "eps_4q_growth_year": null,
            "roe": null,
            "roe_4q": 0,
            "gross_profit": null,
            "gross_margin": null,
            "gross_margin_4q_avg": 0,
            "net_income": null,
            "revenue": null,
            "common_shares": 279860,
            "book_valuer_per_share": 11.42,
            "book_valuer_per_share_4q_avg": 2.86,
            "equity": 319567,
            "current_ratio": 392.8,
            "debt_ratio": 19.13,
            "inventory_turnover_ratio": null,
            "account_receivable_turnover_ratio": null,
            "reinvestment_rate": null,
            "research_to_sale_ratio": null,
            "price_fair": 0,
            "eps_avg_yearly": 0,
            "eps_latest_yearly": 0,
            "eps_growth_yearly": 0
        },
        "20031": {
            "year_quarter": 20031,
            "year": 2003,
            "quarter": 1,
            "eps": null,
            "eps_growth_year": null,
            "eps_4q": null,
            "eps_4q_growth_year": null,
            "roe": null,
            "roe_4q": 0,
            "gross_profit": null,
            "gross_margin": null,
            "gross_margin_4q_avg": 0,
            "net_income": null,
            "revenue": null,
            "common_shares": null,
            "book_valuer_per_share": null,
            "book_valuer_per_share_4q_avg": 2.86,
            "equity": null,
            "current_ratio": null,
            "debt_ratio": null,
            "inventory_turnover_ratio": null,
            "account_receivable_turnover_ratio": null,
            "reinvestment_rate": null,
            "research_to_sale_ratio": null,
            "price_fair": 0,
            "eps_avg_yearly": 0,
            "eps_latest_yearly": 0,
            "eps_growth_yearly": 0
        },
        "20032": {
            "year_quarter": 20032,
            "year": 2003,
            "quarter": 2,
            "eps": null,
            "eps_growth_year": null,
            "eps_4q": null,
            "eps_4q_growth_year": null,
            "roe": null,
            "roe_4q": 0,
            "gross_profit": null,
            "gross_margin": null,
            "gross_margin_4q_avg": 0,
            "net_income": null,
            "revenue": null,
            "common_shares": null,
            "book_valuer_per_share": null,
            "book_valuer_per_share_4q_avg": 2.86,
            "equity": null,
            "current_ratio": null,
            "debt_ratio": null,
            "inventory_turnover_ratio": null,
            "account_receivable_turnover_ratio": null,
            "reinvestment_rate": null,
            "research_to_sale_ratio": null,
            "price_fair": 0,
            "eps_avg_yearly": 0,
            "eps_latest_yearly": 0,
            "eps_growth_yearly": 0
        },
        "20033": {
            "year_quarter": 20033,
            "year": 2003,
            "quarter": 3,
            "eps": null,
            "eps_growth_year": null,
            "eps_4q": null,
            "eps_4q_growth_year": null,
            "roe": null,
            "roe_4q": 0,
            "gross_profit": null,
            "gross_margin": null,
            "gross_margin_4q_avg": 0,
            "net_income": null,
            "revenue": null,
            "common_shares": null,
            "book_valuer_per_share": null,
            "book_valuer_per_share_4q_avg": 2.86,
            "equity": null,
            "current_ratio": null,
            "debt_ratio": null,
            "inventory_turnover_ratio": null,
            "account_receivable_turnover_ratio": null,
            "reinvestment_rate": null,
            "research_to_sale_ratio": null,
            "price_fair": 0,
            "eps_avg_yearly": 0,
            "eps_latest_yearly": 0,
            "eps_growth_yearly": 0
        },
        "20034": {
            "year_quarter": 20034,
            "year": 2003,
            "quarter": 4,
            "eps": null,
            "eps_growth_year": null,
            "eps_4q": null,
            "eps_4q_growth_year": null,
            "roe": null,
            "roe_4q": 0,
            "gross_profit": null,
            "gross_margin": null,
            "gross_margin_4q_avg": 0,
            "net_income": null,
            "revenue": null,
            "common_shares": 297014,
            "book_valuer_per_share": 11.11,
            "book_valuer_per_share_4q_avg": 2.78,
            "equity": 330015,
            "current_ratio": 413.85,
            "debt_ratio": 19.04,
            "inventory_turnover_ratio": null,
            "account_receivable_turnover_ratio": null,
            "reinvestment_rate": null,
            "research_to_sale_ratio": null,
            "price_fair": 0,
            "eps_avg_yearly": 0,
            "eps_latest_yearly": 0,
            "eps_growth_yearly": 0
        },
        "20041": {
            "year_quarter": 20041,
            "year": 2004,
            "quarter": 1,
            "eps": null,
            "eps_growth_year": null,
            "eps_4q": null,
            "eps_4q_growth_year": null,
            "roe": null,
            "roe_4q": 0,
            "gross_profit": null,
            "gross_margin": null,
            "gross_margin_4q_avg": 0,
            "net_income": null,
            "revenue": null,
            "common_shares": null,
            "book_valuer_per_share": null,
            "book_valuer_per_share_4q_avg": 2.78,
            "equity": null,
            "current_ratio": null,
            "debt_ratio": null,
            "inventory_turnover_ratio": null,
            "account_receivable_turnover_ratio": null,
            "reinvestment_rate": null,
            "research_to_sale_ratio": null,
            "price_fair": 0,
            "eps_avg_yearly": 0,
            "eps_latest_yearly": 0,
            "eps_growth_yearly": 0
        },
        "20042": {
            "year_quarter": 20042,
            "year": 2004,
            "quarter": 2,
            "eps": null,
            "eps_growth_year": null,
            "eps_4q": null,
            "eps_4q_growth_year": null,
            "roe": null,
            "roe_4q": 0,
            "gross_profit": null,
            "gross_margin": null,
            "gross_margin_4q_avg": 0,
            "net_income": null,
            "revenue": null,
            "common_shares": null,
            "book_valuer_per_share": null,
            "book_valuer_per_share_4q_avg": 2.78,
            "equity": null,
            "current_ratio": null,
            "debt_ratio": null,
            "inventory_turnover_ratio": null,
            "account_receivable_turnover_ratio": null,
            "reinvestment_rate": null,
            "research_to_sale_ratio": null,
            "price_fair": 0,
            "eps_avg_yearly": 0,
            "eps_latest_yearly": 0,
            "eps_growth_yearly": 0
        },
        "20043": {
            "year_quarter": 20043,
            "year": 2004,
            "quarter": 3,
            "eps": null,
            "eps_growth_year": null,
            "eps_4q": null,
            "eps_4q_growth_year": null,
            "roe": null,
            "roe_4q": 0,
            "gross_profit": null,
            "gross_margin": null,
            "gross_margin_4q_avg": 0,
            "net_income": null,
            "revenue": null,
            "common_shares": null,
            "book_valuer_per_share": null,
            "book_valuer_per_share_4q_avg": 2.78,
            "equity": null,
            "current_ratio": null,
            "debt_ratio": null,
            "inventory_turnover_ratio": null,
            "account_receivable_turnover_ratio": null,
            "reinvestment_rate": null,
            "research_to_sale_ratio": null,
            "price_fair": 0,
            "eps_avg_yearly": 0,
            "eps_latest_yearly": 0,
            "eps_growth_yearly": 0
        },
        "20044": {
            "year_quarter": 20044,
            "year": 2004,
            "quarter": 4,
            "eps": null,
            "eps_growth_year": null,
            "eps_4q": null,
            "eps_4q_growth_year": null,
            "roe": null,
            "roe_4q": 0,
            "gross_profit": null,
            "gross_margin": null,
            "gross_margin_4q_avg": 0,
            "net_income": null,
            "revenue": null,
            "common_shares": 307631,
            "book_valuer_per_share": 10.54,
            "book_valuer_per_share_4q_avg": 2.64,
            "equity": 324179,
            "current_ratio": 494.85,
            "debt_ratio": 17.56,
            "inventory_turnover_ratio": null,
            "account_receivable_turnover_ratio": null,
            "reinvestment_rate": null,
            "research_to_sale_ratio": null,
            "price_fair": 0,
            "eps_avg_yearly": 0,
            "eps_latest_yearly": 0,
            "eps_growth_yearly": 0
        },
        "20051": {
            "year_quarter": 20051,
            "year": 2005,
            "quarter": 1,
            "eps": null,
            "eps_growth_year": null,
            "eps_4q": null,
            "eps_4q_growth_year": null,
            "roe": null,
            "roe_4q": 0,
            "gross_profit": null,
            "gross_margin": null,
            "gross_margin_4q_avg": 0,
            "net_income": null,
            "revenue": null,
            "common_shares": null,
            "book_valuer_per_share": null,
            "book_valuer_per_share_4q_avg": 2.64,
            "equity": null,
            "current_ratio": null,
            "debt_ratio": null,
            "inventory_turnover_ratio": null,
            "account_receivable_turnover_ratio": null,
            "reinvestment_rate": null,
            "research_to_sale_ratio": null,
            "price_fair": 0,
            "eps_avg_yearly": 0,
            "eps_latest_yearly": 0,
            "eps_growth_yearly": 0
        },
        "20052": {
            "year_quarter": 20052,
            "year": 2005,
            "quarter": 2,
            "eps": null,
            "eps_growth_year": null,
            "eps_4q": null,
            "eps_4q_growth_year": null,
            "roe": null,
            "roe_4q": 0,
            "gross_profit": null,
            "gross_margin": null,
            "gross_margin_4q_avg": 0,
            "net_income": null,
            "revenue": null,
            "common_shares": null,
            "book_valuer_per_share": null,
            "book_valuer_per_share_4q_avg": 2.64,
            "equity": null,
            "current_ratio": null,
            "debt_ratio": null,
            "inventory_turnover_ratio": null,
            "account_receivable_turnover_ratio": null,
            "reinvestment_rate": null,
            "research_to_sale_ratio": null,
            "price_fair": 0,
            "eps_avg_yearly": 0,
            "eps_latest_yearly": 0,
            "eps_growth_yearly": 0
        },
        "20053": {
            "year_quarter": 20053,
            "year": 2005,
            "quarter": 3,
            "eps": null,
            "eps_growth_year": null,
            "eps_4q": null,
            "eps_4q_growth_year": null,
            "roe": null,
            "roe_4q": 0,
            "gross_profit": null,
            "gross_margin": null,
            "gross_margin_4q_avg": 0,
            "net_income": null,
            "revenue": null,
            "common_shares": null,
            "book_valuer_per_share": null,
            "book_valuer_per_share_4q_avg": 2.64,
            "equity": null,
            "current_ratio": null,
            "debt_ratio": null,
            "inventory_turnover_ratio": null,
            "account_receivable_turnover_ratio": null,
            "reinvestment_rate": null,
            "research_to_sale_ratio": null,
            "price_fair": 0,
            "eps_avg_yearly": 0,
            "eps_latest_yearly": 0,
            "eps_growth_yearly": 0
        },
        "20054": {
            "year_quarter": 20054,
            "year": 2005,
            "quarter": 4,
            "eps": null,
            "eps_growth_year": null,
            "eps_4q": null,
            "eps_4q_growth_year": null,
            "roe": null,
            "roe_4q": 0,
            "gross_profit": null,
            "gross_margin": null,
            "gross_margin_4q_avg": 0,
            "net_income": null,
            "revenue": null,
            "common_shares": 307631,
            "book_valuer_per_share": 11.57,
            "book_valuer_per_share_4q_avg": 2.89,
            "equity": 355784,
            "current_ratio": 351.08,
            "debt_ratio": 23.2,
            "inventory_turnover_ratio": null,
            "account_receivable_turnover_ratio": null,
            "reinvestment_rate": null,
            "research_to_sale_ratio": null,
            "price_fair": 0,
            "eps_avg_yearly": 0,
            "eps_latest_yearly": 0,
            "eps_growth_yearly": 0
        },
        "20061": {
            "year_quarter": 20061,
            "year": 2006,
            "quarter": 1,
            "eps": null,
            "eps_growth_year": null,
            "eps_4q": null,
            "eps_4q_growth_year": null,
            "roe": null,
            "roe_4q": 0,
            "gross_profit": null,
            "gross_margin": null,
            "gross_margin_4q_avg": 0,
            "net_income": null,
            "revenue": null,
            "common_shares": null,
            "book_valuer_per_share": null,
            "book_valuer_per_share_4q_avg": 2.89,
            "equity": null,
            "current_ratio": null,
            "debt_ratio": null,
            "inventory_turnover_ratio": null,
            "account_receivable_turnover_ratio": null,
            "reinvestment_rate": null,
            "research_to_sale_ratio": null,
            "price_fair": 0,
            "eps_avg_yearly": 0,
            "eps_latest_yearly": 0,
            "eps_growth_yearly": 0
        },
        "20062": {
            "year_quarter": 20062,
            "year": 2006,
            "quarter": 2,
            "eps": null,
            "eps_growth_year": null,
            "eps_4q": null,
            "eps_4q_growth_year": null,
            "roe": null,
            "roe_4q": 0,
            "gross_profit": null,
            "gross_margin": null,
            "gross_margin_4q_avg": 0,
            "net_income": null,
            "revenue": null,
            "common_shares": null,
            "book_valuer_per_share": null,
            "book_valuer_per_share_4q_avg": 2.89,
            "equity": null,
            "current_ratio": null,
            "debt_ratio": null,
            "inventory_turnover_ratio": null,
            "account_receivable_turnover_ratio": null,
            "reinvestment_rate": null,
            "research_to_sale_ratio": null,
            "price_fair": 0,
            "eps_avg_yearly": 0,
            "eps_latest_yearly": 0,
            "eps_growth_yearly": 0
        },
        "20063": {
            "year_quarter": 20063,
            "year": 2006,
            "quarter": 3,
            "eps": null,
            "eps_growth_year": null,
            "eps_4q": null,
            "eps_4q_growth_year": null,
            "roe": null,
            "roe_4q": 0,
            "gross_profit": null,
            "gross_margin": null,
            "gross_margin_4q_avg": 0,
            "net_income": null,
            "revenue": null,
            "common_shares": null,
            "book_valuer_per_share": null,
            "book_valuer_per_share_4q_avg": 2.89,
            "equity": null,
            "current_ratio": null,
            "debt_ratio": null,
            "inventory_turnover_ratio": null,
            "account_receivable_turnover_ratio": null,
            "reinvestment_rate": null,
            "research_to_sale_ratio": null,
            "price_fair": 0,
            "eps_avg_yearly": 0,
            "eps_latest_yearly": 0,
            "eps_growth_yearly": 0
        },
        "20064": {
            "year_quarter": 20064,
            "year": 2006,
            "quarter": 4,
            "eps": null,
            "eps_growth_year": null,
            "eps_4q": null,
            "eps_4q_growth_year": null,
            "roe": null,
            "roe_4q": 0,
            "gross_profit": null,
            "gross_margin": null,
            "gross_margin_4q_avg": 0,
            "net_income": null,
            "revenue": null,
            "common_shares": 327515,
            "book_valuer_per_share": 11.42,
            "book_valuer_per_share_4q_avg": 2.86,
            "equity": 374009,
            "current_ratio": 319.84,
            "debt_ratio": 25.69,
            "inventory_turnover_ratio": null,
            "account_receivable_turnover_ratio": null,
            "reinvestment_rate": null,
            "research_to_sale_ratio": null,
            "price_fair": 0,
            "eps_avg_yearly": 0,
            "eps_latest_yearly": 0,
            "eps_growth_yearly": 0
        },
        "20071": {
            "year_quarter": 20071,
            "year": 2007,
            "quarter": 1,
            "eps": null,
            "eps_growth_year": null,
            "eps_4q": null,
            "eps_4q_growth_year": null,
            "roe": null,
            "roe_4q": 0,
            "gross_profit": null,
            "gross_margin": null,
            "gross_margin_4q_avg": 0,
            "net_income": null,
            "revenue": null,
            "common_shares": null,
            "book_valuer_per_share": null,
            "book_valuer_per_share_4q_avg": 2.86,
            "equity": null,
            "current_ratio": null,
            "debt_ratio": null,
            "inventory_turnover_ratio": null,
            "account_receivable_turnover_ratio": null,
            "reinvestment_rate": null,
            "research_to_sale_ratio": null,
            "price_fair": 0,
            "eps_avg_yearly": 0,
            "eps_latest_yearly": 0,
            "eps_growth_yearly": 0
        },
        "20072": {
            "year_quarter": 20072,
            "year": 2007,
            "quarter": 2,
            "eps": null,
            "eps_growth_year": null,
            "eps_4q": null,
            "eps_4q_growth_year": null,
            "roe": null,
            "roe_4q": 0,
            "gross_profit": null,
            "gross_margin": null,
            "gross_margin_4q_avg": 0,
            "net_income": null,
            "revenue": null,
            "common_shares": null,
            "book_valuer_per_share": null,
            "book_valuer_per_share_4q_avg": 2.86,
            "equity": null,
            "current_ratio": null,
            "debt_ratio": null,
            "inventory_turnover_ratio": null,
            "account_receivable_turnover_ratio": null,
            "reinvestment_rate": null,
            "research_to_sale_ratio": null,
            "price_fair": 0,
            "eps_avg_yearly": 0,
            "eps_latest_yearly": 0,
            "eps_growth_yearly": 0
        },
        "20073": {
            "year_quarter": 20073,
            "year": 2007,
            "quarter": 3,
            "eps": 0.63,
            "eps_growth_year": null,
            "eps_4q": null,
            "eps_4q_growth_year": null,
            "roe": 5.44,
            "roe_4q": 5.44,
            "gross_profit": 50378,
            "gross_margin": 39.94,
            "gross_margin_4q_avg": 9.99,
            "net_income": 22732,
            "revenue": 126149,
            "common_shares": 341294,
            "book_valuer_per_share": 12.25,
            "book_valuer_per_share_4q_avg": 5.92,
            "equity": 418146,
            "current_ratio": 357.6,
            "debt_ratio": 23.3,
            "inventory_turnover_ratio": 0.9,
            "account_receivable_turnover_ratio": null,
            "reinvestment_rate": null,
            "research_to_sale_ratio": null,
            "price_fair": 0,
            "eps_avg_yearly": 0,
            "eps_latest_yearly": 0,
            "eps_growth_yearly": 0
        },
        "20074": {
            "year_quarter": 20074,
            "year": 2007,
            "quarter": 4,
            "eps": 0.34,
            "eps_growth_year": null,
            "eps_4q": null,
            "eps_4q_growth_year": null,
            "roe": 2.78,
            "roe_4q": 8.22,
            "gross_profit": 50942,
            "gross_margin": 39.39,
            "gross_margin_4q_avg": 19.83,
            "net_income": 11760,
            "revenue": 129314,
            "common_shares": 341294,
            "book_valuer_per_share": 12.56,
            "book_valuer_per_share_4q_avg": 6.2,
            "equity": 428680,
            "current_ratio": 393.69,
            "debt_ratio": 20.32,
            "inventory_turnover_ratio": 1.04,
            "account_receivable_turnover_ratio": null,
            "reinvestment_rate": null,
            "research_to_sale_ratio": null,
            "price_fair": 4.08,
            "eps_avg_yearly": 1.36,
            "eps_latest_yearly": 1.36,
            "eps_growth_yearly": -184.13
        },
        "20081": {
            "year_quarter": 20081,
            "year": 2008,
            "quarter": 1,
            "eps": 0.21,
            "eps_growth_year": null,
            "eps_4q": null,
            "eps_4q_growth_year": null,
            "roe": 1.69,
            "roe_4q": 9.91,
            "gross_profit": 40746,
            "gross_margin": 36.66,
            "gross_margin_4q_avg": 29,
            "net_income": 7277,
            "revenue": 111158,
            "common_shares": 341294,
            "book_valuer_per_share": 12.74,
            "book_valuer_per_share_4q_avg": 9.39,
            "equity": 434903,
            "current_ratio": 406.41,
            "debt_ratio": 19.72,
            "inventory_turnover_ratio": 1.06,
            "account_receivable_turnover_ratio": null,
            "reinvestment_rate": null,
            "research_to_sale_ratio": null,
            "price_fair": 3.3,
            "eps_avg_yearly": 1.1,
            "eps_latest_yearly": 0.84,
            "eps_growth_yearly": -168.53
        },
        "20082": {
            "year_quarter": 20082,
            "year": 2008,
            "quarter": 2,
            "eps": 0.44,
            "eps_growth_year": null,
            "eps_4q": 1.68,
            "eps_4q_growth_year": null,
            "roe": 3.53,
            "roe_4q": 13.440000000000001,
            "gross_profit": 44224,
            "gross_margin": 34.5,
            "gross_margin_4q_avg": 37.62,
            "net_income": 14862,
            "revenue": 128190,
            "common_shares": 341294,
            "book_valuer_per_share": 11.96,
            "book_valuer_per_share_4q_avg": 12.38,
            "equity": 408061,
            "current_ratio": 282.06,
            "debt_ratio": 26.79,
            "inventory_turnover_ratio": 1.4,
            "account_receivable_turnover_ratio": null,
            "reinvestment_rate": null,
            "research_to_sale_ratio": null,
            "price_fair": 46.2,
            "eps_avg_yearly": 1.32,
            "eps_latest_yearly": 1.76,
            "eps_growth_yearly": 33.68
        },
        "20083": {
            "year_quarter": 20083,
            "year": 2008,
            "quarter": 3,
            "eps": 0.52,
            "eps_growth_year": -17.46,
            "eps_4q": 1.47,
            "eps_4q_growth_year": null,
            "roe": 4.47,
            "roe_4q": 12.469999999999999,
            "gross_profit": 50139,
            "gross_margin": 36.35,
            "gross_margin_4q_avg": 36.73,
            "net_income": 18629,
            "revenue": 137930,
            "common_shares": 360523,
            "book_valuer_per_share": 11.81,
            "book_valuer_per_share_4q_avg": 12.27,
            "equity": 425760,
            "current_ratio": 281.07,
            "debt_ratio": 27.82,
            "inventory_turnover_ratio": 1.28,
            "account_receivable_turnover_ratio": null,
            "reinvestment_rate": null,
            "research_to_sale_ratio": null,
            "price_fair": 52.85,
            "eps_avg_yearly": 1.51,
            "eps_latest_yearly": 2.08,
            "eps_growth_yearly": 43.44
        },
        "20084": {
            "year_quarter": 20084,
            "year": 2008,
            "quarter": 4,
            "eps": 0.9,
            "eps_growth_year": 164.71,
            "eps_4q": 2.03,
            "eps_4q_growth_year": null,
            "roe": 7.35,
            "roe_4q": 17.04,
            "gross_profit": 66081,
            "gross_margin": 39.96,
            "gross_margin_4q_avg": 36.87,
            "net_income": 32475,
            "revenue": 165351,
            "common_shares": 360523,
            "book_valuer_per_share": 12.71,
            "book_valuer_per_share_4q_avg": 12.31,
            "equity": 458364,
            "current_ratio": 359.56,
            "debt_ratio": 22.42,
            "inventory_turnover_ratio": 1.46,
            "account_receivable_turnover_ratio": 4.61,
            "reinvestment_rate": null,
            "research_to_sale_ratio": null,
            "price_fair": 67.48,
            "eps_avg_yearly": 1.93,
            "eps_latest_yearly": 3.6,
            "eps_growth_yearly": 93.21
        },
        "20091": {
            "year_quarter": 20091,
            "year": 2009,
            "quarter": 1,
            "eps": 0.27,
            "eps_growth_year": 28.57,
            "eps_4q": 2.08,
            "eps_4q_growth_year": null,
            "roe": 2.12,
            "roe_4q": 17.47,
            "gross_profit": 36516,
            "gross_margin": 38.56,
            "gross_margin_4q_avg": 37.34,
            "net_income": 9844,
            "revenue": 94707,
            "common_shares": 360523,
            "book_valuer_per_share": 13,
            "book_valuer_per_share_4q_avg": 12.37,
            "equity": 468800,
            "current_ratio": 455.53,
            "debt_ratio": 18.23,
            "inventory_turnover_ratio": 1.12,
            "account_receivable_turnover_ratio": 1.54,
            "reinvestment_rate": null,
            "research_to_sale_ratio": null,
            "price_fair": 62.53,
            "eps_avg_yearly": 1.79,
            "eps_latest_yearly": 1.08,
            "eps_growth_yearly": 31.01
        },
        "20092": {
            "year_quarter": 20092,
            "year": 2009,
            "quarter": 2,
            "eps": 0.15,
            "eps_growth_year": -65.91,
            "eps_4q": 1.86,
            "eps_4q_growth_year": 10.75,
            "roe": 1.15,
            "roe_4q": 15.09,
            "gross_profit": 38508,
            "gross_margin": 36.95,
            "gross_margin_4q_avg": 37.96,
            "net_income": 5356,
            "revenue": 104223,
            "common_shares": 360523,
            "book_valuer_per_share": 12.74,
            "book_valuer_per_share_4q_avg": 12.57,
            "equity": 459462,
            "current_ratio": 381.36,
            "debt_ratio": 21.5,
            "inventory_turnover_ratio": 1.26,
            "account_receivable_turnover_ratio": 1.99,
            "reinvestment_rate": null,
            "research_to_sale_ratio": null,
            "price_fair": 18.09,
            "eps_avg_yearly": 1.62,
            "eps_latest_yearly": 0.6,
            "eps_growth_yearly": 1.18
        },
        "20093": {
            "year_quarter": 20093,
            "year": 2009,
            "quarter": 3,
            "eps": 0.23,
            "eps_growth_year": -55.77,
            "eps_4q": 1.44,
            "eps_4q_growth_year": -1.51,
            "roe": 1.8,
            "roe_4q": 12.42,
            "gross_profit": 33911,
            "gross_margin": 37.15,
            "gross_margin_4q_avg": 38.16,
            "net_income": 9032,
            "revenue": 91282,
            "common_shares": 435487,
            "book_valuer_per_share": 12.47,
            "book_valuer_per_share_4q_avg": 12.73,
            "equity": 542968,
            "current_ratio": 488.8,
            "debt_ratio": 16.62,
            "inventory_turnover_ratio": 1,
            "account_receivable_turnover_ratio": 1.7,
            "reinvestment_rate": null,
            "research_to_sale_ratio": null,
            "price_fair": 53.55,
            "eps_avg_yearly": 1.53,
            "eps_latest_yearly": 0.92,
            "eps_growth_yearly": 27.7
        },
        "20094": {
            "year_quarter": 20094,
            "year": 2009,
            "quarter": 4,
            "eps": 0.64,
            "eps_growth_year": -28.89,
            "eps_4q": 1.14,
            "eps_4q_growth_year": -44.01,
            "roe": 4.57,
            "roe_4q": 9.64,
            "gross_profit": 62880,
            "gross_margin": 40.05,
            "gross_margin_4q_avg": 38.18,
            "net_income": 25472,
            "revenue": 157020,
            "common_shares": 435487,
            "book_valuer_per_share": 13.06,
            "book_valuer_per_share_4q_avg": 12.82,
            "equity": 571175,
            "current_ratio": 446.81,
            "debt_ratio": 18.43,
            "inventory_turnover_ratio": 1.76,
            "account_receivable_turnover_ratio": 4.59,
            "reinvestment_rate": null,
            "research_to_sale_ratio": null,
            "price_fair": 57.56,
            "eps_avg_yearly": 1.64,
            "eps_latest_yearly": 2.56,
            "eps_growth_yearly": 103.85
        },
        "20101": {
            "year_quarter": 20101,
            "year": 2010,
            "quarter": 1,
            "eps": 0.15,
            "eps_growth_year": -44.44,
            "eps_4q": 1.06,
            "eps_4q_growth_year": -49.16,
            "roe": 1.15,
            "roe_4q": 8.67,
            "gross_profit": 36328,
            "gross_margin": 37.79,
            "gross_margin_4q_avg": 37.99,
            "net_income": 6611,
            "revenue": 96123,
            "common_shares": 439477,
            "book_valuer_per_share": 13.17,
            "book_valuer_per_share_4q_avg": 12.86,
            "equity": 578808,
            "current_ratio": 478.03,
            "debt_ratio": 15.95,
            "inventory_turnover_ratio": 1.13,
            "account_receivable_turnover_ratio": 1.54,
            "reinvestment_rate": null,
            "research_to_sale_ratio": 14.39,
            "price_fair": 53.9,
            "eps_avg_yearly": 1.54,
            "eps_latest_yearly": 0.6,
            "eps_growth_yearly": 62.84
        },
        "20102": {
            "year_quarter": 20102,
            "year": 2010,
            "quarter": 2,
            "eps": 0.08,
            "eps_growth_year": -45.88,
            "eps_4q": 0.94,
            "eps_4q_growth_year": -49.54,
            "roe": 0.67,
            "roe_4q": 8.190000000000001,
            "gross_profit": 37255,
            "gross_margin": 33.91,
            "gross_margin_4q_avg": 37.23,
            "net_income": 3900,
            "revenue": 109874,
            "common_shares": 440102,
            "book_valuer_per_share": 13.22,
            "book_valuer_per_share_4q_avg": 12.98,
            "equity": 584049,
            "current_ratio": 468.43,
            "debt_ratio": 15.69,
            "inventory_turnover_ratio": 1.16,
            "account_receivable_turnover_ratio": 1.82,
            "reinvestment_rate": null,
            "research_to_sale_ratio": 13.34,
            "price_fair": 50.02,
            "eps_avg_yearly": 1.43,
            "eps_latest_yearly": 0.32,
            "eps_growth_yearly": 40.16
        },
        "20103": {
            "year_quarter": 20103,
            "year": 2010,
            "quarter": 3,
            "eps": 0.12,
            "eps_growth_year": -49.22,
            "eps_4q": 0.86,
            "eps_4q_growth_year": -40.11,
            "roe": 0.96,
            "roe_4q": 7.35,
            "gross_profit": 39895,
            "gross_margin": 34.58,
            "gross_margin_4q_avg": 36.58,
            "net_income": 5618,
            "revenue": 115354,
            "common_shares": 478940,
            "book_valuer_per_share": 12.25,
            "book_valuer_per_share_4q_avg": 12.93,
            "equity": 589683,
            "current_ratio": 418.8,
            "debt_ratio": 17.67,
            "inventory_turnover_ratio": 0.98,
            "account_receivable_turnover_ratio": 1.78,
            "reinvestment_rate": null,
            "research_to_sale_ratio": 13.57,
            "price_fair": 47.25,
            "eps_avg_yearly": 1.35,
            "eps_latest_yearly": 0.48,
            "eps_growth_yearly": 53.48
        },
        "20104": {
            "year_quarter": 20104,
            "year": 2010,
            "quarter": 4,
            "eps": 0.25,
            "eps_growth_year": -61.17,
            "eps_4q": 0.58,
            "eps_4q_growth_year": -48.63,
            "roe": 2.01,
            "roe_4q": 4.789999999999999,
            "gross_profit": 47584,
            "gross_margin": 35.25,
            "gross_margin_4q_avg": 35.38,
            "net_income": 11952,
            "revenue": 134975,
            "common_shares": 478940,
            "book_valuer_per_share": 12.44,
            "book_valuer_per_share_4q_avg": 12.77,
            "equity": 598747,
            "current_ratio": 478.4,
            "debt_ratio": 14.89,
            "inventory_turnover_ratio": 1.1,
            "account_receivable_turnover_ratio": 2,
            "reinvestment_rate": null,
            "research_to_sale_ratio": 8.01,
            "price_fair": 46.31,
            "eps_avg_yearly": 1.32,
            "eps_latest_yearly": 1,
            "eps_growth_yearly": 82.7
        },
        "20111": {
            "year_quarter": 20111,
            "year": 2011,
            "quarter": 1,
            "eps": 0.17,
            "eps_growth_year": 13.33,
            "eps_4q": 0.61,
            "eps_4q_growth_year": -42.1,
            "roe": 1.39,
            "roe_4q": 5.029999999999999,
            "gross_profit": 37412,
            "gross_margin": 35,
            "gross_margin_4q_avg": 34.69,
            "net_income": 8425,
            "revenue": 106897,
            "common_shares": 478940,
            "book_valuer_per_share": 12.56,
            "book_valuer_per_share_4q_avg": 12.62,
            "equity": 615184,
            "current_ratio": 483.04,
            "debt_ratio": 14.87,
            "inventory_turnover_ratio": 0.95,
            "account_receivable_turnover_ratio": 1.68,
            "reinvestment_rate": null,
            "research_to_sale_ratio": 11.86,
            "price_fair": 44.7,
            "eps_avg_yearly": 1.28,
            "eps_latest_yearly": 0.68,
            "eps_growth_yearly": 67.65
        },
        "20112": {
            "year_quarter": 20112,
            "year": 2011,
            "quarter": 2,
            "eps": 0.05,
            "eps_growth_year": -39.22,
            "eps_4q": 0.57,
            "eps_4q_growth_year": -39.45,
            "roe": 0.4,
            "roe_4q": 4.76,
            "gross_profit": 31305,
            "gross_margin": 27.91,
            "gross_margin_4q_avg": 33.19,
            "net_income": 2476,
            "revenue": 112172,
            "common_shares": 489910,
            "book_valuer_per_share": 12.47,
            "book_valuer_per_share_4q_avg": 12.43,
            "equity": 610717,
            "current_ratio": 437.74,
            "debt_ratio": 15.36,
            "inventory_turnover_ratio": 1.13,
            "account_receivable_turnover_ratio": 2.02,
            "reinvestment_rate": 153.72,
            "research_to_sale_ratio": 12.89,
            "price_fair": 42.19,
            "eps_avg_yearly": 1.21,
            "eps_latest_yearly": 0.2,
            "eps_growth_yearly": 44.31
        },
        "20113": {
            "year_quarter": 20113,
            "year": 2011,
            "quarter": 3,
            "eps": 0.08,
            "eps_growth_year": -28.32,
            "eps_4q": 0.54,
            "eps_4q_growth_year": -37.66,
            "roe": 0.68,
            "roe_4q": 4.4799999999999995,
            "gross_profit": 30973,
            "gross_margin": 31.45,
            "gross_margin_4q_avg": 32.4,
            "net_income": 4201,
            "revenue": 98473,
            "common_shares": 501774,
            "book_valuer_per_share": 12.29,
            "book_valuer_per_share_4q_avg": 12.44,
            "equity": 616535,
            "current_ratio": 523.79,
            "debt_ratio": 12.99,
            "inventory_turnover_ratio": 1.08,
            "account_receivable_turnover_ratio": 1.71,
            "reinvestment_rate": 112.9,
            "research_to_sale_ratio": 13.25,
            "price_fair": 40.25,
            "eps_avg_yearly": 1.15,
            "eps_latest_yearly": 0.32,
            "eps_growth_yearly": 56.55
        },
        "20114": {
            "year_quarter": 20114,
            "year": 2011,
            "quarter": 4,
            "eps": 0.11,
            "eps_growth_year": -55.41,
            "eps_4q": 0.42,
            "eps_4q_growth_year": -28.08,
            "roe": 0.89,
            "roe_4q": 3.3600000000000003,
            "gross_profit": 36209,
            "gross_margin": 34.48,
            "gross_margin_4q_avg": 32.21,
            "net_income": 5413,
            "revenue": 105019,
            "common_shares": 501879,
            "book_valuer_per_share": 12.4,
            "book_valuer_per_share_4q_avg": 12.43,
            "equity": 605932,
            "current_ratio": 445.7,
            "debt_ratio": 15.44,
            "inventory_turnover_ratio": 1.24,
            "account_receivable_turnover_ratio": 1.83,
            "reinvestment_rate": 93.29,
            "research_to_sale_ratio": 11.46,
            "price_fair": 38.24,
            "eps_avg_yearly": 1.09,
            "eps_latest_yearly": 0.44,
            "eps_growth_yearly": 77.43
        },
        "20121": {
            "year_quarter": 20121,
            "year": 2012,
            "quarter": 1,
            "eps": 0.21,
            "eps_growth_year": 23.53,
            "eps_4q": 0.46,
            "eps_4q_growth_year": -24.44,
            "roe": 1.7,
            "roe_4q": 3.67,
            "gross_profit": 39764,
            "gross_margin": 36.31,
            "gross_margin_4q_avg": 32.54,
            "net_income": 10369,
            "revenue": 109498,
            "common_shares": 502709,
            "book_valuer_per_share": 12.62,
            "book_valuer_per_share_4q_avg": 12.45,
            "equity": 612883,
            "current_ratio": 472.9,
            "debt_ratio": 14.71,
            "inventory_turnover_ratio": 1.35,
            "account_receivable_turnover_ratio": 2.19,
            "reinvestment_rate": 89.82,
            "research_to_sale_ratio": 11.05,
            "price_fair": 38.24,
            "eps_avg_yearly": 1.09,
            "eps_latest_yearly": 0.84,
            "eps_growth_yearly": 109.71
        },
        "20122": {
            "year_quarter": 20122,
            "year": 2012,
            "quarter": 2,
            "eps": 0.25,
            "eps_growth_year": 399.49,
            "eps_4q": 0.66,
            "eps_4q_growth_year": 16.98,
            "roe": 1.95,
            "roe_4q": 5.22,
            "gross_profit": 39981,
            "gross_margin": 34.23,
            "gross_margin_4q_avg": 34.12,
            "net_income": 11803,
            "revenue": 116817,
            "common_shares": 502709,
            "book_valuer_per_share": 12.47,
            "book_valuer_per_share_4q_avg": 12.45,
            "equity": 597393,
            "current_ratio": 383.97,
            "debt_ratio": 17.87,
            "inventory_turnover_ratio": 1.49,
            "account_receivable_turnover_ratio": 2.1,
            "reinvestment_rate": 87.64,
            "research_to_sale_ratio": 11.23,
            "price_fair": 36.58,
            "eps_avg_yearly": 1.05,
            "eps_latest_yearly": 1,
            "eps_growth_yearly": 87.1
        },
        "20123": {
            "year_quarter": 20123,
            "year": 2012,
            "quarter": 3,
            "eps": 0.14,
            "eps_growth_year": 67,
            "eps_4q": 0.72,
            "eps_4q_growth_year": 32.94,
            "roe": 1.11,
            "roe_4q": 5.6499999999999995,
            "gross_profit": 37073,
            "gross_margin": 30.76,
            "gross_margin_4q_avg": 33.95,
            "net_income": 6685,
            "revenue": 120528,
            "common_shares": 502709,
            "book_valuer_per_share": 12.61,
            "book_valuer_per_share_4q_avg": 12.53,
            "equity": 603091,
            "current_ratio": 405.96,
            "debt_ratio": 18.15,
            "inventory_turnover_ratio": 1.29,
            "account_receivable_turnover_ratio": 1.97,
            "reinvestment_rate": 92.13,
            "research_to_sale_ratio": 10.41,
            "price_fair": 33.25,
            "eps_avg_yearly": 0.95,
            "eps_latest_yearly": 0.56,
            "eps_growth_yearly": 71.55
        },
        "20124": {
            "year_quarter": 20124,
            "year": 2012,
            "quarter": 4,
            "eps": 0.12,
            "eps_growth_year": 7.14,
            "eps_4q": 0.72,
            "eps_4q_growth_year": 71.89,
            "roe": 0.94,
            "roe_4q": 5.7,
            "gross_profit": 43654,
            "gross_margin": 30.7,
            "gross_margin_4q_avg": 33,
            "net_income": 5680,
            "revenue": 142205,
            "common_shares": 502709,
            "book_valuer_per_share": 12.71,
            "book_valuer_per_share_4q_avg": 12.6,
            "equity": 608492,
            "current_ratio": 477.5,
            "debt_ratio": 16.81,
            "inventory_turnover_ratio": 1.49,
            "account_receivable_turnover_ratio": 2.38,
            "reinvestment_rate": 91.09,
            "research_to_sale_ratio": 8.2,
            "price_fair": 26.43,
            "eps_avg_yearly": 0.76,
            "eps_latest_yearly": 0.48,
            "eps_growth_yearly": 49.71
        },
        "20131": {
            "year_quarter": 20131,
            "year": 2013,
            "quarter": 1,
            "eps": 0.19,
            "eps_growth_year": -9.52,
            "eps_4q": 0.7,
            "eps_4q_growth_year": 50.61,
            "roe": 1.51,
            "roe_4q": 5.510000000000001,
            "gross_profit": 39231,
            "gross_margin": 28.31,
            "gross_margin_4q_avg": 31,
            "net_income": 9017,
            "revenue": 138592,
            "common_shares": 503209,
            "book_valuer_per_share": 12.31,
            "book_valuer_per_share_4q_avg": 12.53,
            "equity": 586450,
            "current_ratio": 392.05,
            "debt_ratio": 21.48,
            "inventory_turnover_ratio": 1.4,
            "account_receivable_turnover_ratio": 2.18,
            "reinvestment_rate": 37.11,
            "research_to_sale_ratio": 9.6,
            "price_fair": 25.73,
            "eps_avg_yearly": 0.74,
            "eps_latest_yearly": 0.76,
            "eps_growth_yearly": 81.79
        },
        "20132": {
            "year_quarter": 20132,
            "year": 2013,
            "quarter": 2,
            "eps": 0.29,
            "eps_growth_year": 17.66,
            "eps_4q": 0.74,
            "eps_4q_growth_year": 11.89,
            "roe": 2.41,
            "roe_4q": 5.97,
            "gross_profit": 49981,
            "gross_margin": 29.47,
            "gross_margin_4q_avg": 29.81,
            "net_income": 14002,
            "revenue": 169623,
            "common_shares": 503209,
            "book_valuer_per_share": 12.06,
            "book_valuer_per_share_4q_avg": 12.42,
            "equity": 574634,
            "current_ratio": 320.12,
            "debt_ratio": 25.08,
            "inventory_turnover_ratio": 1.28,
            "account_receivable_turnover_ratio": 2.62,
            "reinvestment_rate": 30.93,
            "research_to_sale_ratio": 9,
            "price_fair": 26.95,
            "eps_avg_yearly": 0.77,
            "eps_latest_yearly": 1.16,
            "eps_growth_yearly": 106.06
        },
        "20133": {
            "year_quarter": 20133,
            "year": 2013,
            "quarter": 3,
            "eps": 0.32,
            "eps_growth_year": 128.87,
            "eps_4q": 0.92,
            "eps_4q_growth_year": 28.8,
            "roe": 2.62,
            "roe_4q": 7.48,
            "gross_profit": 52983,
            "gross_margin": 26.16,
            "gross_margin_4q_avg": 28.66,
            "net_income": 15284,
            "revenue": 202557,
            "common_shares": 503209,
            "book_valuer_per_share": 12.4,
            "book_valuer_per_share_4q_avg": 12.37,
            "equity": 590813,
            "current_ratio": 315.25,
            "debt_ratio": 25.66,
            "inventory_turnover_ratio": 1.24,
            "account_receivable_turnover_ratio": 2.84,
            "reinvestment_rate": 26.89,
            "research_to_sale_ratio": 7.38,
            "price_fair": 27.74,
            "eps_avg_yearly": 0.79,
            "eps_latest_yearly": 1.28,
            "eps_growth_yearly": 95.31
        },
        "20134": {
            "year_quarter": 20134,
            "year": 2013,
            "quarter": 4,
            "eps": 0.47,
            "eps_growth_year": 294.24,
            "eps_4q": 1.27,
            "eps_4q_growth_year": 76.21,
            "roe": 3.7,
            "roe_4q": 10.24,
            "gross_profit": 60269,
            "gross_margin": 24.16,
            "gross_margin_4q_avg": 27.03,
            "net_income": 22298,
            "revenue": 249485,
            "common_shares": 503274,
            "book_valuer_per_share": 12.87,
            "book_valuer_per_share_4q_avg": 12.41,
            "equity": 613349,
            "current_ratio": 260.31,
            "debt_ratio": 31.76,
            "inventory_turnover_ratio": 1.38,
            "account_receivable_turnover_ratio": 3.43,
            "reinvestment_rate": 17.97,
            "research_to_sale_ratio": 6.36,
            "price_fair": 26.25,
            "eps_avg_yearly": 0.75,
            "eps_latest_yearly": 1.88,
            "eps_growth_yearly": 62.47
        },
        "20141": {
            "year_quarter": 20141,
            "year": 2014,
            "quarter": 1,
            "eps": 0.61,
            "eps_growth_year": 221.05,
            "eps_4q": 1.69,
            "eps_4q_growth_year": 142.89,
            "roe": 4.61,
            "roe_4q": 13.34,
            "gross_profit": 70490,
            "gross_margin": 29.05,
            "gross_margin_4q_avg": 27.21,
            "net_income": 29029,
            "revenue": 242612,
            "common_shares": 503274,
            "book_valuer_per_share": 13.56,
            "book_valuer_per_share_4q_avg": 12.72,
            "equity": 646335,
            "current_ratio": 285.7,
            "debt_ratio": 29.29,
            "inventory_turnover_ratio": 1.09,
            "account_receivable_turnover_ratio": 2.91,
            "reinvestment_rate": -34.53,
            "research_to_sale_ratio": 5.96,
            "price_fair": 30.28,
            "eps_avg_yearly": 0.87,
            "eps_latest_yearly": 2.44,
            "eps_growth_yearly": 89.06
        },
        "20142": {
            "year_quarter": 20142,
            "year": 2014,
            "quarter": 2,
            "eps": 0.3,
            "eps_growth_year": 3.45,
            "eps_4q": 1.59,
            "eps_4q_growth_year": 113.51,
            "roe": 2.35,
            "roe_4q": 13.280000000000001,
            "gross_profit": 62606,
            "gross_margin": 24.53,
            "gross_margin_4q_avg": 25.98,
            "net_income": 15389,
            "revenue": 255267,
            "common_shares": 503274,
            "book_valuer_per_share": 13.69,
            "book_valuer_per_share_4q_avg": 13.13,
            "equity": 661595,
            "current_ratio": 296.37,
            "debt_ratio": 28.41,
            "inventory_turnover_ratio": 1.09,
            "account_receivable_turnover_ratio": 3.16,
            "reinvestment_rate": -42.21,
            "research_to_sale_ratio": 6.93,
            "price_fair": 32.2,
            "eps_avg_yearly": 0.92,
            "eps_latest_yearly": 1.2,
            "eps_growth_yearly": 88.02
        },
        "20143": {
            "year_quarter": 20143,
            "year": 2014,
            "quarter": 3,
            "eps": 0.43,
            "eps_growth_year": 34.38,
            "eps_4q": 1.72,
            "eps_4q_growth_year": 85.79,
            "roe": 3.27,
            "roe_4q": 13.93,
            "gross_profit": 55937,
            "gross_margin": 20.91,
            "gross_margin_4q_avg": 24.66,
            "net_income": 21980,
            "revenue": 267485,
            "common_shares": 537105,
            "book_valuer_per_share": 13.17,
            "book_valuer_per_share_4q_avg": 13.32,
            "equity": 681271,
            "current_ratio": 286.69,
            "debt_ratio": 29.6,
            "inventory_turnover_ratio": 1.11,
            "account_receivable_turnover_ratio": 3.1,
            "reinvestment_rate": -36.99,
            "research_to_sale_ratio": 5.64,
            "price_fair": 34.91,
            "eps_avg_yearly": 1,
            "eps_latest_yearly": 1.72,
            "eps_growth_yearly": 86.35
        },
        "20144": {
            "year_quarter": 20144,
            "year": 2014,
            "quarter": 4,
            "eps": 0.72,
            "eps_growth_year": 54.11,
            "eps_4q": 2.01,
            "eps_4q_growth_year": 57.66,
            "roe": 5.34,
            "roe_4q": 15.57,
            "gross_profit": 73166,
            "gross_margin": 25.15,
            "gross_margin_4q_avg": 24.91,
            "net_income": 37293,
            "revenue": 290896,
            "common_shares": 534005,
            "book_valuer_per_share": 13.85,
            "book_valuer_per_share_4q_avg": 13.57,
            "equity": 716461,
            "current_ratio": 355.46,
            "debt_ratio": 24.21,
            "inventory_turnover_ratio": 1.32,
            "account_receivable_turnover_ratio": 2.34,
            "reinvestment_rate": -42.44,
            "research_to_sale_ratio": 5.32,
            "price_fair": 39.03,
            "eps_avg_yearly": 1.12,
            "eps_latest_yearly": 2.88,
            "eps_growth_yearly": 76.13
        },
        "20151": {
            "year_quarter": 20151,
            "year": 2015,
            "quarter": 1,
            "eps": 0.43,
            "eps_growth_year": -29.51,
            "eps_4q": 1.87,
            "eps_4q_growth_year": 10.58,
            "roe": 3.03,
            "roe_4q": 13.989999999999998,
            "gross_profit": 65662,
            "gross_margin": 23.79,
            "gross_margin_4q_avg": 23.6,
            "net_income": 22077,
            "revenue": 276028,
            "common_shares": 526835,
            "book_valuer_per_share": 14.29,
            "book_valuer_per_share_4q_avg": 13.75,
            "equity": 739118,
            "current_ratio": 278.47,
            "debt_ratio": 31.08,
            "inventory_turnover_ratio": 1.34,
            "account_receivable_turnover_ratio": 2.17,
            "reinvestment_rate": -40.68,
            "research_to_sale_ratio": 6.05,
            "price_fair": 41.3,
            "eps_avg_yearly": 1.18,
            "eps_latest_yearly": 1.72,
            "eps_growth_yearly": 74.06
        },
        "20152": {
            "year_quarter": 20152,
            "year": 2015,
            "quarter": 2,
            "eps": 0.97,
            "eps_growth_year": 223.33,
            "eps_4q": 2.55,
            "eps_4q_growth_year": 60.69,
            "roe": 6.97,
            "roe_4q": 18.61,
            "gross_profit": 107615,
            "gross_margin": 21.69,
            "gross_margin_4q_avg": 22.89,
            "net_income": 50415,
            "revenue": 496136,
            "common_shares": 520075,
            "book_valuer_per_share": 13.68,
            "book_valuer_per_share_4q_avg": 13.75,
            "equity": 707327,
            "current_ratio": 195.09,
            "debt_ratio": 45.03,
            "inventory_turnover_ratio": 1.85,
            "account_receivable_turnover_ratio": 2.19,
            "reinvestment_rate": -43.94,
            "research_to_sale_ratio": 3.31,
            "price_fair": 49.35,
            "eps_avg_yearly": 1.41,
            "eps_latest_yearly": 3.88,
            "eps_growth_yearly": 123.1
        },
        "20153": {
            "year_quarter": 20153,
            "year": 2015,
            "quarter": 3,
            "eps": 1.49,
            "eps_growth_year": 246.51,
            "eps_4q": 3.62,
            "eps_4q_growth_year": 110.94,
            "roe": 10.38,
            "roe_4q": 25.720000000000002,
            "gross_profit": 114526,
            "gross_margin": 24.11,
            "gross_margin_4q_avg": 23.69,
            "net_income": 77306,
            "revenue": 474998,
            "common_shares": 519325,
            "book_valuer_per_share": 15.14,
            "book_valuer_per_share_4q_avg": 14.24,
            "equity": 782802,
            "current_ratio": 285.96,
            "debt_ratio": 30.66,
            "inventory_turnover_ratio": 1.98,
            "account_receivable_turnover_ratio": 2.22,
            "reinvestment_rate": -35.89,
            "research_to_sale_ratio": 3.72,
            "price_fair": 61.69,
            "eps_avg_yearly": 1.76,
            "eps_latest_yearly": 5.96,
            "eps_growth_yearly": 121.5
        },
        "20154": {
            "year_quarter": 20154,
            "year": 2015,
            "quarter": 4,
            "eps": 0.61,
            "eps_growth_year": -15.17,
            "eps_4q": 3.51,
            "eps_4q_growth_year": 74.97,
            "roe": 3.94,
            "roe_4q": 24.32,
            "gross_profit": 89635,
            "gross_margin": 24.76,
            "gross_margin_4q_avg": 23.59,
            "net_income": 31635,
            "revenue": 361954,
            "common_shares": 519325,
            "book_valuer_per_share": 15.92,
            "book_valuer_per_share_4q_avg": 14.76,
            "equity": 823480,
            "current_ratio": 294.43,
            "debt_ratio": 30.18,
            "inventory_turnover_ratio": 2.02,
            "account_receivable_turnover_ratio": 3,
            "reinvestment_rate": -33.64,
            "research_to_sale_ratio": 4.91,
            "price_fair": 66.06,
            "eps_avg_yearly": 1.89,
            "eps_latest_yearly": 2.44,
            "eps_growth_yearly": 97.36
        },
        "20161": {
            "year_quarter": 20161,
            "year": 2016,
            "quarter": 1,
            "eps": 0.69,
            "eps_growth_year": 60.47,
            "eps_4q": 3.77,
            "eps_4q_growth_year": 101.62,
            "roe": 4.24,
            "roe_4q": 25.53,
            "gross_profit": 86477,
            "gross_margin": 23.67,
            "gross_margin_4q_avg": 23.56,
            "net_income": 35694,
            "revenue": 365419,
            "common_shares": 517135,
            "book_valuer_per_share": 16.62,
            "book_valuer_per_share_4q_avg": 15.34,
            "equity": 859465,
            "current_ratio": 291.31,
            "debt_ratio": 30.66,
            "inventory_turnover_ratio": 1.6,
            "account_receivable_turnover_ratio": 2.9,
            "reinvestment_rate": -31,
            "research_to_sale_ratio": 4.35,
            "price_fair": 70.26,
            "eps_avg_yearly": 2.01,
            "eps_latest_yearly": 2.76,
            "eps_growth_yearly": 77.91
        },
        "20162": {
            "year_quarter": 20162,
            "year": 2016,
            "quarter": 2,
            "eps": 0.62,
            "eps_growth_year": -36.08,
            "eps_4q": 3.34,
            "eps_4q_growth_year": 31.1,
            "roe": 4.06,
            "roe_4q": 22.62,
            "gross_profit": 106518,
            "gross_margin": 24.45,
            "gross_margin_4q_avg": 24.25,
            "net_income": 33290,
            "revenue": 435734,
            "common_shares": 517135,
            "book_valuer_per_share": 15.13,
            "book_valuer_per_share_4q_avg": 15.7,
            "equity": 782208,
            "current_ratio": 232.59,
            "debt_ratio": 38.17,
            "inventory_turnover_ratio": 1.84,
            "account_receivable_turnover_ratio": 2.57,
            "reinvestment_rate": -29.36,
            "research_to_sale_ratio": 4.02,
            "price_fair": 73.5,
            "eps_avg_yearly": 2.1,
            "eps_latest_yearly": 2.48,
            "eps_growth_yearly": 70.62
        },
        "20163": {
            "year_quarter": 20163,
            "year": 2016,
            "quarter": 3,
            "eps": 0.43,
            "eps_growth_year": -71.14,
            "eps_4q": 2.32,
            "eps_4q_growth_year": -35.9,
            "roe": 2.89,
            "roe_4q": 15.129999999999999,
            "gross_profit": 76900,
            "gross_margin": 23.84,
            "gross_margin_4q_avg": 24.18,
            "net_income": 22902,
            "revenue": 322581,
            "common_shares": 532649,
            "book_valuer_per_share": 15.08,
            "book_valuer_per_share_4q_avg": 15.69,
            "equity": 803261,
            "current_ratio": 300.72,
            "debt_ratio": 29.46,
            "inventory_turnover_ratio": 1.74,
            "account_receivable_turnover_ratio": 1.74,
            "reinvestment_rate": -27.96,
            "research_to_sale_ratio": 5.66,
            "price_fair": 76.04,
            "eps_avg_yearly": 2.17,
            "eps_latest_yearly": 1.72,
            "eps_growth_yearly": 73.95
        },
        "20164": {
            "year_quarter": 20164,
            "year": 2016,
            "quarter": 4,
            "eps": 0.87,
            "eps_growth_year": 42.02,
            "eps_4q": 2.6,
            "eps_4q_growth_year": -25.99,
            "roe": 5.6,
            "roe_4q": 16.79,
            "gross_profit": 80396,
            "gross_margin": 29.09,
            "gross_margin_4q_avg": 25.26,
            "net_income": 46198,
            "revenue": 276363,
            "common_shares": 532649,
            "book_valuer_per_share": 15.9,
            "book_valuer_per_share_4q_avg": 15.68,
            "equity": 845777,
            "current_ratio": 402.51,
            "debt_ratio": 22.36,
            "inventory_turnover_ratio": 1.96,
            "account_receivable_turnover_ratio": 2.52,
            "reinvestment_rate": -20.18,
            "research_to_sale_ratio": 5.79,
            "price_fair": 82.6,
            "eps_avg_yearly": 2.36,
            "eps_latest_yearly": 3.48,
            "eps_growth_yearly": 103.11
        },
        "20171": {
            "year_quarter": 20171,
            "year": 2017,
            "quarter": 1,
            "eps": 0.26,
            "eps_growth_year": -62.32,
            "eps_4q": 2.21,
            "eps_4q_growth_year": -41.42,
            "roe": 1.63,
            "roe_4q": 14.18,
            "gross_profit": 62861,
            "gross_margin": 30.75,
            "gross_margin_4q_avg": 27.03,
            "net_income": 13785,
            "revenue": 204449,
            "common_shares": 532649,
            "book_valuer_per_share": 16.05,
            "book_valuer_per_share_4q_avg": 15.54,
            "equity": 843790,
            "current_ratio": 424.73,
            "debt_ratio": 21.24,
            "inventory_turnover_ratio": 1.87,
            "account_receivable_turnover_ratio": 2.34,
            "reinvestment_rate": -5.42,
            "research_to_sale_ratio": 8.02,
            "price_fair": 83.21,
            "eps_avg_yearly": 2.38,
            "eps_latest_yearly": 1.04,
            "eps_growth_yearly": 71
        },
        "20172": {
            "year_quarter": 20172,
            "year": 2017,
            "quarter": 2,
            "eps": 0.6,
            "eps_growth_year": -3.23,
            "eps_4q": 2.2,
            "eps_4q_growth_year": -34.24,
            "roe": 3.95,
            "roe_4q": 14.07,
            "gross_profit": 80660,
            "gross_margin": 29.12,
            "gross_margin_4q_avg": 28.2,
            "net_income": 31618,
            "revenue": 276947,
            "common_shares": 532649,
            "book_valuer_per_share": 14.55,
            "book_valuer_per_share_4q_avg": 15.4,
            "equity": 758695,
            "current_ratio": 235.81,
            "debt_ratio": 37.57,
            "inventory_turnover_ratio": 1.72,
            "account_receivable_turnover_ratio": 2.67,
            "reinvestment_rate": -4,
            "research_to_sale_ratio": 6.65,
            "price_fair": 85.93,
            "eps_avg_yearly": 2.46,
            "eps_latest_yearly": 2.4,
            "eps_growth_yearly": 90.53
        },
        "20173": {
            "year_quarter": 20173,
            "year": 2017,
            "quarter": 3,
            "eps": 0.84,
            "eps_growth_year": 95.35,
            "eps_4q": 2.6,
            "eps_4q_growth_year": 12.2,
            "roe": 5.62,
            "roe_4q": 16.799999999999997,
            "gross_profit": 90230,
            "gross_margin": 27.29,
            "gross_margin_4q_avg": 29.06,
            "net_income": 43897,
            "revenue": 330678,
            "common_shares": 532649,
            "book_valuer_per_share": 15.41,
            "book_valuer_per_share_4q_avg": 15.48,
            "equity": 802458,
            "current_ratio": 293.71,
            "debt_ratio": 27.85,
            "inventory_turnover_ratio": 1.77,
            "account_receivable_turnover_ratio": 2.76,
            "reinvestment_rate": 10.07,
            "research_to_sale_ratio": 5.42,
            "price_fair": 90.48,
            "eps_avg_yearly": 2.59,
            "eps_latest_yearly": 3.36,
            "eps_growth_yearly": 97.94
        },
        "20174": {
            "year_quarter": 20174,
            "year": 2017,
            "quarter": 4,
            "eps": 0.68,
            "eps_growth_year": -21.8,
            "eps_4q": 2.39,
            "eps_4q_growth_year": -7.8,
            "roe": 4.32,
            "roe_4q": 15.52,
            "gross_profit": 83487,
            "gross_margin": 32.82,
            "gross_margin_4q_avg": 30,
            "net_income": 35379,
            "revenue": 254412,
            "common_shares": 532649,
            "book_valuer_per_share": 16.07,
            "book_valuer_per_share_4q_avg": 15.52,
            "equity": 836639,
            "current_ratio": 359.17,
            "debt_ratio": 23.08,
            "inventory_turnover_ratio": 1.56,
            "account_receivable_turnover_ratio": 2.66,
            "reinvestment_rate": 10.41,
            "research_to_sale_ratio": 6.37,
            "price_fair": 92.31,
            "eps_avg_yearly": 2.64,
            "eps_latest_yearly": 2.72,
            "eps_growth_yearly": 81.46
        },
        "20181": {
            "year_quarter": 20181,
            "year": 2018,
            "quarter": 1,
            "eps": 0.51,
            "eps_growth_year": 96.15,
            "eps_4q": 2.64,
            "eps_4q_growth_year": 19.42,
            "roe": 3.11,
            "roe_4q": 17,
            "gross_profit": 70350,
            "gross_margin": 30.36,
            "gross_margin_4q_avg": 29.9,
            "net_income": 26517,
            "revenue": 231738,
            "common_shares": 532649,
            "book_valuer_per_share": 16.66,
            "book_valuer_per_share_4q_avg": 15.67,
            "equity": 867539,
            "current_ratio": 351.98,
            "debt_ratio": 23.67,
            "inventory_turnover_ratio": 1.51,
            "account_receivable_turnover_ratio": 2.9,
            "reinvestment_rate": 10.6,
            "research_to_sale_ratio": 6.94,
            "price_fair": 91.44,
            "eps_avg_yearly": 2.61,
            "eps_latest_yearly": 2.04,
            "eps_growth_yearly": 67.77
        },
        "20182": {
            "year_quarter": 20182,
            "year": 2018,
            "quarter": 2,
            "eps": 0.71,
            "eps_growth_year": 18.33,
            "eps_4q": 2.74,
            "eps_4q_growth_year": 24.93,
            "roe": 4.48,
            "roe_4q": 17.53,
            "gross_profit": 73178,
            "gross_margin": 31.34,
            "gross_margin_4q_avg": 30.45,
            "net_income": 37115,
            "revenue": 233505,
            "common_shares": 532649,
            "book_valuer_per_share": 15.17,
            "book_valuer_per_share_4q_avg": 15.83,
            "equity": 790166,
            "current_ratio": 251.07,
            "debt_ratio": 32.82,
            "inventory_turnover_ratio": 1.3,
            "account_receivable_turnover_ratio": 2.41,
            "reinvestment_rate": 10.24,
            "research_to_sale_ratio": 8.08,
            "price_fair": 95.03,
            "eps_avg_yearly": 2.72,
            "eps_latest_yearly": 2.84,
            "eps_growth_yearly": 90.27
        },
        "20183": {
            "year_quarter": 20183,
            "year": 2018,
            "quarter": 3,
            "eps": 0.37,
            "eps_growth_year": -55.95,
            "eps_4q": 2.27,
            "eps_4q_growth_year": -12.71,
            "roe": 2.41,
            "roe_4q": 14.32,
            "gross_profit": 63603,
            "gross_margin": 31.33,
            "gross_margin_4q_avg": 31.46,
            "net_income": 19270,
            "revenue": 202978,
            "common_shares": 532649,
            "book_valuer_per_share": 15.5,
            "book_valuer_per_share_4q_avg": 15.85,
            "equity": 807383,
            "current_ratio": 350.05,
            "debt_ratio": 23.37,
            "inventory_turnover_ratio": 1.17,
            "account_receivable_turnover_ratio": 2.23,
            "reinvestment_rate": 10.12,
            "research_to_sale_ratio": 8.97,
            "price_fair": 94.5,
            "eps_avg_yearly": 2.7,
            "eps_latest_yearly": 1.48,
            "eps_growth_yearly": 67.47
        },
        "20184": {
            "year_quarter": 20184,
            "year": 2018,
            "quarter": 4,
            "eps": 0.63,
            "eps_growth_year": -7.55,
            "eps_4q": 2.22,
            "eps_4q_growth_year": -7.27,
            "roe": 3.99,
            "roe_4q": 13.99,
            "gross_profit": 76101,
            "gross_margin": 35.09,
            "gross_margin_4q_avg": 32.03,
            "net_income": 32707,
            "revenue": 216873,
            "common_shares": 532649,
            "book_valuer_per_share": 15.99,
            "book_valuer_per_share_4q_avg": 15.83,
            "equity": 832699,
            "current_ratio": 325.4,
            "debt_ratio": 25.93,
            "inventory_turnover_ratio": 1.24,
            "account_receivable_turnover_ratio": 2.88,
            "reinvestment_rate": 9.95,
            "research_to_sale_ratio": 8.29,
            "price_fair": 93.71,
            "eps_avg_yearly": 2.68,
            "eps_latest_yearly": 2.52,
            "eps_growth_yearly": 68.18
        },
        "20191": {
            "year_quarter": 20191,
            "year": 2019,
            "quarter": 1,
            "eps": 0.76,
            "eps_growth_year": 49.02,
            "eps_4q": 2.44,
            "eps_4q_growth_year": -7.71,
            "roe": 4.57,
            "roe_4q": 15.450000000000001,
            "gross_profit": 77895,
            "gross_margin": 33.18,
            "gross_margin_4q_avg": 32.74,
            "net_income": 39691,
            "revenue": 234780,
            "common_shares": 532649,
            "book_valuer_per_share": 17.07,
            "book_valuer_per_share_4q_avg": 15.93,
            "equity": 902678,
            "current_ratio": 324.93,
            "debt_ratio": 26.39,
            "inventory_turnover_ratio": 1.2,
            "account_receivable_turnover_ratio": 2.85,
            "reinvestment_rate": 9.87,
            "research_to_sale_ratio": 7.65,
            "price_fair": 96.6,
            "eps_avg_yearly": 2.76,
            "eps_latest_yearly": 3.04,
            "eps_growth_yearly": 83.4
        },
        "20192": {
            "year_quarter": 20192,
            "year": 2019,
            "quarter": 2,
            "eps": 0.82,
            "eps_growth_year": 15.49,
            "eps_4q": 2.55,
            "eps_4q_growth_year": -7.02,
            "roe": 5,
            "roe_4q": 15.97,
            "gross_profit": 98228,
            "gross_margin": 33.71,
            "gross_margin_4q_avg": 33.33,
            "net_income": 43277,
            "revenue": 291384,
            "common_shares": 532649,
            "book_valuer_per_share": 15.66,
            "book_valuer_per_share_4q_avg": 16.06,
            "equity": 828307,
            "current_ratio": 238.23,
            "debt_ratio": 35.54,
            "inventory_turnover_ratio": 1.17,
            "account_receivable_turnover_ratio": 3.13,
            "reinvestment_rate": 10.04,
            "research_to_sale_ratio": 6.51,
            "price_fair": 95.29,
            "eps_avg_yearly": 2.72,
            "eps_latest_yearly": 3.28,
            "eps_growth_yearly": 53.98
        },
        "20193": {
            "year_quarter": 20193,
            "year": 2019,
            "quarter": 3,
            "eps": 0.81,
            "eps_growth_year": 118.92,
            "eps_4q": 3,
            "eps_4q_growth_year": 32.12,
            "roe": 5.06,
            "roe_4q": 18.619999999999997,
            "gross_profit": 95199,
            "gross_margin": 34.13,
            "gross_margin_4q_avg": 34.03,
            "net_income": 43028,
            "revenue": 278969,
            "common_shares": 532649,
            "book_valuer_per_share": 16.49,
            "book_valuer_per_share_4q_avg": 16.3,
            "equity": 871974,
            "current_ratio": 321.09,
            "debt_ratio": 26.56,
            "inventory_turnover_ratio": 1.04,
            "account_receivable_turnover_ratio": 2.57,
            "reinvestment_rate": 10.36,
            "research_to_sale_ratio": 6.79,
            "price_fair": 89.34,
            "eps_avg_yearly": 2.55,
            "eps_latest_yearly": 3.24,
            "eps_growth_yearly": 40.28
        },
        "20194": {
            "year_quarter": 20194,
            "year": 2019,
            "quarter": 4,
            "eps": 0.78,
            "eps_growth_year": 24.2,
            "eps_4q": 3.16,
            "eps_4q_growth_year": 42.45,
            "roe": 4.61,
            "roe_4q": 19.240000000000002,
            "gross_profit": 101869,
            "gross_margin": 32.36,
            "gross_margin_4q_avg": 33.35,
            "net_income": 41254,
            "revenue": 314847,
            "common_shares": 532649,
            "book_valuer_per_share": 17.33,
            "book_valuer_per_share_4q_avg": 16.64,
            "equity": 916295,
            "current_ratio": 343.81,
            "debt_ratio": 25.06,
            "inventory_turnover_ratio": 1.52,
            "account_receivable_turnover_ratio": 3.54,
            "reinvestment_rate": 10.89,
            "research_to_sale_ratio": 5.95,
            "price_fair": 90.83,
            "eps_avg_yearly": 2.6,
            "eps_latest_yearly": 3.12,
            "eps_growth_yearly": 54.12
        },
        "20201": {
            "year_quarter": 20201,
            "year": 2020,
            "quarter": 1,
            "eps": 0.14,
            "eps_growth_year": -81.58,
            "eps_4q": 2.55,
            "eps_4q_growth_year": 4.91,
            "roe": 0.82,
            "roe_4q": 15.49,
            "gross_profit": 61595,
            "gross_margin": 33.55,
            "gross_margin_4q_avg": 33.44,
            "net_income": 7456,
            "revenue": 183608,
            "common_shares": 532649,
            "book_valuer_per_share": 17.2,
            "book_valuer_per_share_4q_avg": 16.67,
            "equity": 908962,
            "current_ratio": 376.02,
            "debt_ratio": 22.82,
            "inventory_turnover_ratio": 1.08,
            "account_receivable_turnover_ratio": 3.61,
            "reinvestment_rate": 12.7,
            "research_to_sale_ratio": 11.1,
            "price_fair": 86.01,
            "eps_avg_yearly": 2.46,
            "eps_latest_yearly": 0.56,
            "eps_growth_yearly": 30.32
        },
        "20202": {
            "year_quarter": 20202,
            "year": 2020,
            "quarter": 2,
            "eps": 0.45,
            "eps_growth_year": -45.12,
            "eps_4q": 2.19,
            "eps_4q_growth_year": -14.3,
            "roe": 2.77,
            "roe_4q": 13.259999999999998,
            "gross_profit": 68452,
            "gross_margin": 34.06,
            "gross_margin_4q_avg": 33.53,
            "net_income": 23736,
            "revenue": 200989,
            "common_shares": 532649,
            "book_valuer_per_share": 15.25,
            "book_valuer_per_share_4q_avg": 16.57,
            "equity": 805557,
            "current_ratio": 244.1,
            "debt_ratio": 34.18,
            "inventory_turnover_ratio": 1.02,
            "account_receivable_turnover_ratio": 5.68,
            "reinvestment_rate": 13.52,
            "research_to_sale_ratio": 8.68,
            "price_fair": 84.53,
            "eps_avg_yearly": 2.42,
            "eps_latest_yearly": 1.8,
            "eps_growth_yearly": 88.22
        },
        "20203": {
            "year_quarter": 20203,
            "year": 2020,
            "quarter": 3,
            "eps": 0.35,
            "eps_growth_year": -56.79,
            "eps_4q": 1.73,
            "eps_4q_growth_year": -42.46,
            "roe": 2.29,
            "roe_4q": 10.490000000000002,
            "gross_profit": 57773,
            "gross_margin": 30.6,
            "gross_margin_4q_avg": 32.64,
            "net_income": 18734,
            "revenue": 188777,
            "common_shares": 528869,
            "book_valuer_per_share": 15.76,
            "book_valuer_per_share_4q_avg": 16.39,
            "equity": 832355,
            "current_ratio": 378.67,
            "debt_ratio": 22.19,
            "inventory_turnover_ratio": 0.96,
            "account_receivable_turnover_ratio": 6.11,
            "reinvestment_rate": 14.27,
            "research_to_sale_ratio": 9.73,
            "price_fair": 83.83,
            "eps_avg_yearly": 2.4,
            "eps_latest_yearly": 1.4,
            "eps_growth_yearly": 90.32
        },
        "20204": {
            "year_quarter": 20204,
            "year": 2020,
            "quarter": 4,
            "eps": 1.74,
            "eps_growth_year": 123.24,
            "eps_4q": 2.69,
            "eps_4q_growth_year": -15.04,
            "roe": 10.07,
            "roe_4q": 15.95,
            "gross_profit": 69144,
            "gross_margin": 33.27,
            "gross_margin_4q_avg": 32.87,
            "net_income": 91960,
            "revenue": 207797,
            "common_shares": 528869,
            "book_valuer_per_share": 18.82,
            "book_valuer_per_share_4q_avg": 16.76,
            "equity": 993938,
            "current_ratio": 417.73,
            "debt_ratio": 20.9,
            "inventory_turnover_ratio": 1.15,
            "account_receivable_turnover_ratio": 5.78,
            "reinvestment_rate": 13.42,
            "research_to_sale_ratio": 8.07,
            "price_fair": 91.44,
            "eps_avg_yearly": 2.61,
            "eps_latest_yearly": 6.96,
            "eps_growth_yearly": 164.03
        },
        "20211": {
            "year_quarter": 20211,
            "year": 2021,
            "quarter": 1,
            "eps": 1.25,
            "eps_growth_year": 792.86,
            "eps_4q": 3.8,
            "eps_4q_growth_year": 48.66,
            "roe": 6.3,
            "roe_4q": 21.43,
            "gross_profit": 67100,
            "gross_margin": 34.63,
            "gross_margin_4q_avg": 33.14,
            "net_income": 66136,
            "revenue": 193789,
            "common_shares": 528869,
            "book_valuer_per_share": 20.95,
            "book_valuer_per_share_4q_avg": 17.7,
            "equity": 1106516,
            "current_ratio": 444.32,
            "debt_ratio": 20.09,
            "inventory_turnover_ratio": 0.97,
            "account_receivable_turnover_ratio": 5.11,
            "reinvestment_rate": 12.4,
            "research_to_sale_ratio": 10.68,
            "price_fair": 100.1,
            "eps_avg_yearly": 2.86,
            "eps_latest_yearly": 5,
            "eps_growth_yearly": 174.52
        },
        "20212": {
            "year_quarter": 20212,
            "year": 2021,
            "quarter": 2,
            "eps": 0.77,
            "eps_growth_year": 71.11,
            "eps_4q": 4.12,
            "eps_4q_growth_year": 88.26,
            "roe": 3.6,
            "roe_4q": 22.259999999999998,
            "gross_profit": 72619,
            "gross_margin": 32.67,
            "gross_margin_4q_avg": 32.79,
            "net_income": 40556,
            "revenue": 222306,
            "common_shares": 528869,
            "book_valuer_per_share": 21.71,
            "book_valuer_per_share_4q_avg": 19.31,
            "equity": 1146659,
            "current_ratio": 409.62,
            "debt_ratio": 21.75,
            "inventory_turnover_ratio": 0.9,
            "account_receivable_turnover_ratio": 5.05,
            "reinvestment_rate": 11.97,
            "research_to_sale_ratio": 9.13,
            "price_fair": 101.59,
            "eps_avg_yearly": 2.9,
            "eps_latest_yearly": 3.08,
            "eps_growth_yearly": 132.22
        },
        "20213": {
            "year_quarter": 20213,
            "year": 2021,
            "quarter": 3,
            "eps": 0.35,
            "eps_growth_year": 0,
            "eps_4q": 4.01,
            "eps_4q_growth_year": 131.97,
            "roe": 1.76,
            "roe_4q": 21.73,
            "gross_profit": 65218,
            "gross_margin": 29.56,
            "gross_margin_4q_avg": 32.53,
            "net_income": 19206,
            "revenue": 220649,
            "common_shares": 544712,
            "book_valuer_per_share": 19.13,
            "book_valuer_per_share_4q_avg": 20.15,
            "equity": 1040765,
            "current_ratio": 370.54,
            "debt_ratio": 23.44,
            "inventory_turnover_ratio": 0.74,
            "account_receivable_turnover_ratio": 4.7,
            "reinvestment_rate": 1.12,
            "research_to_sale_ratio": 10.16,
            "price_fair": 97.3,
            "eps_avg_yearly": 2.78,
            "eps_latest_yearly": 1.4,
            "eps_growth_yearly": 108.59
        },
        "20214": {
            "year_quarter": 20214,
            "year": 2021,
            "quarter": 4,
            "eps": 0.63,
            "eps_growth_year": -63.99,
            "eps_4q": 2.94,
            "eps_4q_growth_year": 9.49,
            "roe": 3.16,
            "roe_4q": 14.82,
            "gross_profit": 70212,
            "gross_margin": 28.36,
            "gross_margin_4q_avg": 31.31,
            "net_income": 34112,
            "revenue": 247582,
            "common_shares": 544712,
            "book_valuer_per_share": 20.58,
            "book_valuer_per_share_4q_avg": 20.59,
            "equity": 1119432,
            "current_ratio": 378.89,
            "debt_ratio": 22.93,
            "inventory_turnover_ratio": 0.73,
            "account_receivable_turnover_ratio": 4.48,
            "reinvestment_rate": 2.69,
            "research_to_sale_ratio": 6.8,
            "price_fair": 96.86,
            "eps_avg_yearly": 2.77,
            "eps_latest_yearly": 2.52,
            "eps_growth_yearly": 133.35
        },
        "20221": {
            "year_quarter": 20221,
            "year": 2022,
            "quarter": 1,
            "eps": 0.28,
            "eps_growth_year": -77.6,
            "eps_4q": 2.01,
            "eps_4q_growth_year": -47.11,
            "roe": 1.39,
            "roe_4q": 9.91,
            "gross_profit": 60537,
            "gross_margin": 27.37,
            "gross_margin_4q_avg": 29.49,
            "net_income": 15395,
            "revenue": 221161,
            "common_shares": 544712,
            "book_valuer_per_share": 20.08,
            "book_valuer_per_share_4q_avg": 20.38,
            "equity": 1092064,
            "current_ratio": 381.81,
            "debt_ratio": 22.6,
            "inventory_turnover_ratio": 0.58,
            "account_receivable_turnover_ratio": 2.76,
            "reinvestment_rate": 3.68,
            "research_to_sale_ratio": 9.16,
            "price_fair": 94.85,
            "eps_avg_yearly": 2.71,
            "eps_latest_yearly": 1.12,
            "eps_growth_yearly": 125.71
        },
        "20222": {
            "year_quarter": 20222,
            "year": 2022,
            "quarter": 2,
            "eps": 0.43,
            "eps_growth_year": -44.16,
            "eps_4q": 1.69,
            "eps_4q_growth_year": -58.98,
            "roe": 2.23,
            "roe_4q": 8.540000000000001,
            "gross_profit": 82305,
            "gross_margin": 34.64,
            "gross_margin_4q_avg": 29.98,
            "net_income": 23124,
            "revenue": 237635,
            "common_shares": 544712,
            "book_valuer_per_share": 18.04,
            "book_valuer_per_share_4q_avg": 19.46,
            "equity": 981230,
            "current_ratio": 274.51,
            "debt_ratio": 30.76,
            "inventory_turnover_ratio": 0.49,
            "account_receivable_turnover_ratio": 2.27,
            "reinvestment_rate": 3.43,
            "research_to_sale_ratio": 9.22,
            "price_fair": 92.4,
            "eps_avg_yearly": 2.64,
            "eps_latest_yearly": 1.72,
            "eps_growth_yearly": 129.3
        },
        "20223": {
            "year_quarter": 20223,
            "year": 2022,
            "quarter": 3,
            "eps": 0.98,
            "eps_growth_year": 180,
            "eps_4q": 2.32,
            "eps_4q_growth_year": -42.12,
            "roe": 5.3,
            "roe_4q": 12.08,
            "gross_profit": 82041,
            "gross_margin": 31.39,
            "gross_margin_4q_avg": 30.44,
            "net_income": 53457,
            "revenue": 261372,
            "common_shares": 544712,
            "book_valuer_per_share": 19.06,
            "book_valuer_per_share_4q_avg": 19.44,
            "equity": 1036648,
            "current_ratio": 374.91,
            "debt_ratio": 22.94,
            "inventory_turnover_ratio": 0.54,
            "account_receivable_turnover_ratio": 2.57,
            "reinvestment_rate": 3.48,
            "research_to_sale_ratio": 7.4,
            "price_fair": 97.74,
            "eps_avg_yearly": 2.79,
            "eps_latest_yearly": 3.92,
            "eps_growth_yearly": 173.25
        },
        "20224": {
            "year_quarter": 20224,
            "year": 2022,
            "quarter": 4,
            "eps": 0.74,
            "eps_growth_year": 18,
            "eps_4q": 2.43,
            "eps_4q_growth_year": -17.36,
            "roe": 3.82,
            "roe_4q": 12.74,
            "gross_profit": 101131,
            "gross_margin": 27.77,
            "gross_margin_4q_avg": 30.29,
            "net_income": 40252,
            "revenue": 364131,
            "common_shares": 544712,
            "book_valuer_per_share": 19.65,
            "book_valuer_per_share_4q_avg": 19.21,
            "equity": 1068681,
            "current_ratio": 357.25,
            "debt_ratio": 23.57,
            "inventory_turnover_ratio": 0.83,
            "account_receivable_turnover_ratio": 3.87,
            "reinvestment_rate": 3.07,
            "research_to_sale_ratio": 6.21,
            "price_fair": 98.7,
            "eps_avg_yearly": 2.82,
            "eps_latest_yearly": 2.96,
            "eps_growth_yearly": 149.56
        },
        "20231": {
            "year_quarter": 20231,
            "year": 2023,
            "quarter": 1,
            "eps": 0.74,
            "eps_growth_year": 164.29,
            "eps_4q": 2.89,
            "eps_4q_growth_year": 43.9,
            "roe": 3.69,
            "roe_4q": 15.04,
            "gross_profit": 92591,
            "gross_margin": 29.46,
            "gross_margin_4q_avg": 30.82,
            "net_income": 40404,
            "revenue": 314333,
            "common_shares": 544712,
            "book_valuer_per_share": 20.64,
            "book_valuer_per_share_4q_avg": 19.35,
            "equity": 1122762,
            "current_ratio": 322.87,
            "debt_ratio": 26.44,
            "inventory_turnover_ratio": 0.63,
            "account_receivable_turnover_ratio": 3.58,
            "reinvestment_rate": 2.72,
            "research_to_sale_ratio": 7.13,
            "price_fair": 98.53,
            "eps_avg_yearly": 2.82,
            "eps_latest_yearly": 2.96,
            "eps_growth_yearly": 144.4
        }
    },
    "months": {
        "2003-11": {
            "month": "2003-11",
            "price": "10.58",
            "revenue": 25125
        },
        "2003-12": {
            "month": "2003-12",
            "price": "9.00",
            "revenue": 26253
        },
        "2004-02": {
            "month": "2004-02",
            "price": "10.28",
            "revenue": 17791
        },
        "2004-03": {
            "month": "2004-03",
            "price": "11.57",
            "revenue": 22930
        },
        "2004-04": {
            "month": "2004-04",
            "price": "9.10",
            "revenue": 22736
        },
        "2004-05": {
            "month": "2004-05",
            "price": "8.53",
            "revenue": 20336
        },
        "2004-06": {
            "month": "2004-06",
            "price": "7.30",
            "revenue": 13337
        },
        "2004-07": {
            "month": "2004-07",
            "price": "6.98",
            "revenue": 22604
        },
        "2004-08": {
            "month": "2004-08",
            "price": "7.00",
            "revenue": 17449
        },
        "2004-09": {
            "month": "2004-09",
            "price": "7.55",
            "revenue": 24291
        },
        "2004-10": {
            "month": "2004-10",
            "price": "7.45",
            "revenue": 20356
        },
        "2004-11": {
            "month": "2004-11",
            "price": "7.10",
            "revenue": 28311
        },
        "2004-12": {
            "month": "2004-12",
            "price": "6.92",
            "revenue": 21119
        },
        "2005-01": {
            "month": "2005-01",
            "price": "6.86",
            "revenue": 21283
        },
        "2005-02": {
            "month": "2005-02",
            "price": "6.70",
            "revenue": 20701
        },
        "2005-03": {
            "month": "2005-03",
            "price": "6.95",
            "revenue": 26097
        },
        "2005-04": {
            "month": "2005-04",
            "price": "5.51",
            "revenue": 32255
        },
        "2005-05": {
            "month": "2005-05",
            "price": "6.99",
            "revenue": 30497
        },
        "2005-06": {
            "month": "2005-06",
            "price": "7.61",
            "revenue": 28438
        },
        "2005-07": {
            "month": "2005-07",
            "price": "7.25",
            "revenue": 31347
        },
        "2005-08": {
            "month": "2005-08",
            "price": "5.93",
            "revenue": 37795
        },
        "2005-09": {
            "month": "2005-09",
            "price": "5.80",
            "revenue": 44310
        },
        "2005-10": {
            "month": "2005-10",
            "price": "5.66",
            "revenue": 36169
        },
        "2005-11": {
            "month": "2005-11",
            "price": "8.19",
            "revenue": 40289
        },
        "2005-12": {
            "month": "2005-12",
            "price": "9.57",
            "revenue": 42054
        },
        "2006-01": {
            "month": "2006-01",
            "price": "9.19",
            "revenue": 42042
        },
        "2006-02": {
            "month": "2006-02",
            "price": "9.56",
            "revenue": 27488
        },
        "2006-03": {
            "month": "2006-03",
            "price": "9.40",
            "revenue": 35543
        },
        "2006-04": {
            "month": "2006-04",
            "price": "9.25",
            "revenue": 29867
        },
        "2006-05": {
            "month": "2006-05",
            "price": "9.62",
            "revenue": 31852
        },
        "2006-06": {
            "month": "2006-06",
            "price": "8.95",
            "revenue": 32349
        },
        "2006-07": {
            "month": "2006-07",
            "price": "7.94",
            "revenue": 26913
        },
        "2006-08": {
            "month": "2006-08",
            "price": "7.19",
            "revenue": 36214
        },
        "2006-09": {
            "month": "2006-09",
            "price": "7.21",
            "revenue": 44454
        },
        "2006-10": {
            "month": "2006-10",
            "price": "6.55",
            "revenue": 41717
        },
        "2006-11": {
            "month": "2006-11",
            "price": "8.36",
            "revenue": 52239
        },
        "2006-12": {
            "month": "2006-12",
            "price": "8.59",
            "revenue": 29881
        },
        "2007-01": {
            "month": "2007-01",
            "price": "9.18",
            "revenue": 39841
        },
        "2007-02": {
            "month": "2007-02",
            "price": "9.04",
            "revenue": 30223
        },
        "2007-03": {
            "month": "2007-03",
            "price": "11.86",
            "revenue": 49455
        },
        "2007-04": {
            "month": "2007-04",
            "price": "11.45",
            "revenue": 40253
        },
        "2007-05": {
            "month": "2007-05",
            "price": "12.71",
            "revenue": 50749
        },
        "2007-06": {
            "month": "2007-06",
            "price": "20.92",
            "revenue": 40370
        },
        "2007-07": {
            "month": "2007-07",
            "price": "24.80",
            "revenue": 39607
        },
        "2007-08": {
            "month": "2007-08",
            "price": "23.70",
            "revenue": 42179
        },
        "2007-09": {
            "month": "2007-09",
            "price": "24.36",
            "revenue": 44364
        },
        "2007-10": {
            "month": "2007-10",
            "price": "23.15",
            "revenue": 40789
        },
        "2007-11": {
            "month": "2007-11",
            "price": "20.83",
            "revenue": 45991
        },
        "2007-12": {
            "month": "2007-12",
            "price": "18.18",
            "revenue": 42534
        },
        "2008-01": {
            "month": "2008-01",
            "price": "17.98",
            "revenue": 32680
        },
        "2008-02": {
            "month": "2008-02",
            "price": "17.13",
            "revenue": 31227
        },
        "2008-03": {
            "month": "2008-03",
            "price": "15.45",
            "revenue": 47251
        },
        "2008-04": {
            "month": "2008-04",
            "price": "16.82",
            "revenue": 39740
        },
        "2008-05": {
            "month": "2008-05",
            "price": "17.55",
            "revenue": 41671
        },
        "2008-06": {
            "month": "2008-06",
            "price": "17.68",
            "revenue": 46919
        },
        "2008-07": {
            "month": "2008-07",
            "price": "15.81",
            "revenue": 38463
        },
        "2008-08": {
            "month": "2008-08",
            "price": "15.91",
            "revenue": 44146
        },
        "2008-09": {
            "month": "2008-09",
            "price": "14.83",
            "revenue": 55199
        },
        "2008-10": {
            "month": "2008-10",
            "price": "12.77",
            "revenue": 65662
        },
        "2008-11": {
            "month": "2008-11",
            "price": "11.86",
            "revenue": 53240
        },
        "2008-12": {
            "month": "2008-12",
            "price": "12.77",
            "revenue": 44255
        },
        "2009-01": {
            "month": "2009-01",
            "price": "13.28",
            "revenue": 27299
        },
        "2009-02": {
            "month": "2009-02",
            "price": "15.39",
            "revenue": 40101
        },
        "2009-03": {
            "month": "2009-03",
            "price": "16.23",
            "revenue": 26775
        },
        "2009-04": {
            "month": "2009-04",
            "price": "17.77",
            "revenue": 30277
        },
        "2009-05": {
            "month": "2009-05",
            "price": "21.84",
            "revenue": 33288
        },
        "2009-06": {
            "month": "2009-06",
            "price": "20.71",
            "revenue": 38436
        },
        "2009-07": {
            "month": "2009-07",
            "price": "26.49",
            "revenue": 31195
        },
        "2009-08": {
            "month": "2009-08",
            "price": "29.10",
            "revenue": 29144
        },
        "2009-09": {
            "month": "2009-09",
            "price": "20.70",
            "revenue": 30211
        },
        "2009-10": {
            "month": "2009-10",
            "price": "21.94",
            "revenue": 46405
        },
        "2009-11": {
            "month": "2009-11",
            "price": "21.62",
            "revenue": 60835
        },
        "2009-12": {
            "month": "2009-12",
            "price": "28.71",
            "revenue": 50440
        },
        "2010-01": {
            "month": "2010-01",
            "price": "27.74",
            "revenue": 29753
        },
        "2010-02": {
            "month": "2010-02",
            "price": "26.37",
            "revenue": 30782
        },
        "2010-03": {
            "month": "2010-03",
            "price": "31.03",
            "revenue": 32637
        },
        "2010-04": {
            "month": "2010-04",
            "price": "32.53",
            "revenue": 34895
        },
        "2010-05": {
            "month": "2010-05",
            "price": "27.30",
            "revenue": 31587
        },
        "2010-06": {
            "month": "2010-06",
            "price": "23.76",
            "revenue": 42750
        },
        "2010-07": {
            "month": "2010-07",
            "price": "23.51",
            "revenue": 34634
        },
        "2010-08": {
            "month": "2010-08",
            "price": "23.68",
            "revenue": 35890
        },
        "2010-09": {
            "month": "2010-09",
            "price": "21.15",
            "revenue": 44450
        },
        "2010-10": {
            "month": "2010-10",
            "price": "21.63",
            "revenue": 42006
        },
        "2010-11": {
            "month": "2010-11",
            "price": "19.09",
            "revenue": 47100
        },
        "2010-12": {
            "month": "2010-12",
            "price": "19.67",
            "revenue": 44988
        },
        "2011-01": {
            "month": "2011-01",
            "price": "18.90",
            "revenue": 33845
        },
        "2011-02": {
            "month": "2011-02",
            "price": "17.81",
            "revenue": 31749
        },
        "2011-03": {
            "month": "2011-03",
            "price": "17.84",
            "revenue": 41544
        },
        "2011-04": {
            "month": "2011-04",
            "price": "18.52",
            "revenue": 35686
        },
        "2011-05": {
            "month": "2011-05",
            "price": "17.72",
            "revenue": 39979
        },
        "2011-06": {
            "month": "2011-06",
            "price": "17.50",
            "revenue": 35071
        },
        "2011-07": {
            "month": "2011-07",
            "price": "14.81",
            "revenue": 30297
        },
        "2011-08": {
            "month": "2011-08",
            "price": "12.72",
            "revenue": 36295
        },
        "2011-09": {
            "month": "2011-09",
            "price": "11.93",
            "revenue": 30580
        },
        "2011-10": {
            "month": "2011-10",
            "price": "12.08",
            "revenue": 33320
        },
        "2011-11": {
            "month": "2011-11",
            "price": "11.74",
            "revenue": 37491
        },
        "2011-12": {
            "month": "2011-12",
            "price": "10.99",
            "revenue": 33391
        },
        "2012-01": {
            "month": "2012-01",
            "price": "11.24",
            "revenue": 33096
        },
        "2012-02": {
            "month": "2012-02",
            "price": "13.21",
            "revenue": 35818
        },
        "2012-03": {
            "month": "2012-03",
            "price": "12.75",
            "revenue": 39846
        },
        "2012-04": {
            "month": "2012-04",
            "price": "10.76",
            "revenue": 31584
        },
        "2012-05": {
            "month": "2012-05",
            "price": "11.26",
            "revenue": 46399
        },
        "2012-06": {
            "month": "2012-06",
            "price": "11.86",
            "revenue": 38076
        },
        "2012-07": {
            "month": "2012-07",
            "price": "11.10",
            "revenue": 34765
        },
        "2012-08": {
            "month": "2012-08",
            "price": "11.66",
            "revenue": 46831
        },
        "2012-09": {
            "month": "2012-09",
            "price": "12.66",
            "revenue": 38281
        },
        "2012-10": {
            "month": "2012-10",
            "price": "11.97",
            "revenue": 50504
        },
        "2012-11": {
            "month": "2012-11",
            "price": "11.34",
            "revenue": 48372
        },
        "2012-12": {
            "month": "2012-12",
            "price": "12.10",
            "revenue": 42800
        },
        "2013-01": {
            "month": "2013-01",
            "price": "12.78",
            "revenue": 43988
        },
        "2013-02": {
            "month": "2013-02",
            "price": "13.42",
            "revenue": 42366
        },
        "2013-03": {
            "month": "2013-03",
            "price": "13.06",
            "revenue": 52238
        },
        "2013-04": {
            "month": "2013-04",
            "price": "14.50",
            "revenue": 50996
        },
        "2013-05": {
            "month": "2013-05",
            "price": "14.71",
            "revenue": 48802
        },
        "2013-06": {
            "month": "2013-06",
            "price": "13.79",
            "revenue": 69825
        },
        "2013-07": {
            "month": "2013-07",
            "price": "14.96",
            "revenue": 78649
        },
        "2013-08": {
            "month": "2013-08",
            "price": "16.58",
            "revenue": 63800
        },
        "2013-09": {
            "month": "2013-09",
            "price": "17.82",
            "revenue": 60108
        },
        "2013-10": {
            "month": "2013-10",
            "price": "19.86",
            "revenue": 81117
        },
        "2013-11": {
            "month": "2013-11",
            "price": "20.02",
            "revenue": 79671
        },
        "2013-12": {
            "month": "2013-12",
            "price": "19.65",
            "revenue": 88697
        },
        "2014-01": {
            "month": "2014-01",
            "price": "20.34",
            "revenue": 80306
        },
        "2014-02": {
            "month": "2014-02",
            "price": "23.95",
            "revenue": 81859
        },
        "2014-03": {
            "month": "2014-03",
            "price": "32.87",
            "revenue": 80447
        },
        "2014-04": {
            "month": "2014-04",
            "price": "32.32",
            "revenue": 84330
        },
        "2014-05": {
            "month": "2014-05",
            "price": "37.81",
            "revenue": 82601
        },
        "2014-06": {
            "month": "2014-06",
            "price": "42.80",
            "revenue": 88336
        },
        "2014-07": {
            "month": "2014-07",
            "price": "40.75",
            "revenue": 83521
        },
        "2014-08": {
            "month": "2014-08",
            "price": "33.48",
            "revenue": 88317
        },
        "2014-09": {
            "month": "2014-09",
            "price": "30.81",
            "revenue": 95647
        },
        "2014-10": {
            "month": "2014-10",
            "price": "30.74",
            "revenue": 96542
        },
        "2014-11": {
            "month": "2014-11",
            "price": "28.30",
            "revenue": 96957
        },
        "2014-12": {
            "month": "2014-12",
            "price": "28.79",
            "revenue": 97397
        },
        "2015-01": {
            "month": "2015-01",
            "price": "30.74",
            "revenue": 84651
        },
        "2015-02": {
            "month": "2015-02",
            "price": "30.45",
            "revenue": 87453
        },
        "2015-03": {
            "month": "2015-03",
            "price": "31.40",
            "revenue": 103924
        },
        "2015-04": {
            "month": "2015-04",
            "price": "33.72",
            "revenue": 120721
        },
        "2015-05": {
            "month": "2015-05",
            "price": "35.83",
            "revenue": 170147
        },
        "2015-06": {
            "month": "2015-06",
            "price": "46.79",
            "revenue": 205268
        },
        "2015-07": {
            "month": "2015-07",
            "price": "56.49",
            "revenue": 184770
        },
        "2015-08": {
            "month": "2015-08",
            "price": "43.76",
            "revenue": 154539
        },
        "2015-09": {
            "month": "2015-09",
            "price": "41.64",
            "revenue": 135689
        },
        "2015-10": {
            "month": "2015-10",
            "price": "43.89",
            "revenue": 105967
        },
        "2015-11": {
            "month": "2015-11",
            "price": "48.93",
            "revenue": 121420
        },
        "2015-12": {
            "month": "2015-12",
            "price": "44.25",
            "revenue": 134567
        },
        "2016-01": {
            "month": "2016-01",
            "price": "41.46",
            "revenue": 115226
        },
        "2016-02": {
            "month": "2016-02",
            "price": "46.05",
            "revenue": 101630
        },
        "2016-03": {
            "month": "2016-03",
            "price": "46.02",
            "revenue": 148563
        },
        "2016-04": {
            "month": "2016-04",
            "price": "41.99",
            "revenue": 137915
        },
        "2016-05": {
            "month": "2016-05",
            "price": "39.35",
            "revenue": 138151
        },
        "2016-06": {
            "month": "2016-06",
            "price": "37.98",
            "revenue": 159668
        },
        "2016-07": {
            "month": "2016-07",
            "price": "37.28",
            "revenue": 120766
        },
        "2016-08": {
            "month": "2016-08",
            "price": "31.74",
            "revenue": 100577
        },
        "2016-09": {
            "month": "2016-09",
            "price": "28.54",
            "revenue": 101238
        },
        "2016-10": {
            "month": "2016-10",
            "price": "27.54",
            "revenue": 100290
        },
        "2016-11": {
            "month": "2016-11",
            "price": "23.30",
            "revenue": 100473
        },
        "2016-12": {
            "month": "2016-12",
            "price": "24.86",
            "revenue": 75600
        },
        "2017-01": {
            "month": "2017-01",
            "price": "24.24",
            "revenue": 60512
        },
        "2017-02": {
            "month": "2017-02",
            "price": "25.52",
            "revenue": 59237
        },
        "2017-03": {
            "month": "2017-03",
            "price": "25.89",
            "revenue": 84700
        },
        "2017-04": {
            "month": "2017-04",
            "price": "25.19",
            "revenue": 81410
        },
        "2017-05": {
            "month": "2017-05",
            "price": "24.71",
            "revenue": 87613
        },
        "2017-06": {
            "month": "2017-06",
            "price": "26.81",
            "revenue": 107924
        },
        "2017-07": {
            "month": "2017-07",
            "price": "27.37",
            "revenue": 111148
        },
        "2017-08": {
            "month": "2017-08",
            "price": "26.67",
            "revenue": 116478
        },
        "2017-09": {
            "month": "2017-09",
            "price": "30.34",
            "revenue": 103052
        },
        "2017-10": {
            "month": "2017-10",
            "price": "32.23",
            "revenue": 101702
        },
        "2017-11": {
            "month": "2017-11",
            "price": "32.17",
            "revenue": 76180
        },
        "2017-12": {
            "month": "2017-12",
            "price": "32.61",
            "revenue": 76530
        },
        "2018-01": {
            "month": "2018-01",
            "price": "31.52",
            "revenue": 76452
        },
        "2018-02": {
            "month": "2018-02",
            "price": "30.25",
            "revenue": 74593
        },
        "2018-03": {
            "month": "2018-03",
            "price": "30.81",
            "revenue": 80693
        },
        "2018-04": {
            "month": "2018-04",
            "price": "31.03",
            "revenue": 75810
        },
        "2018-05": {
            "month": "2018-05",
            "price": "30.55",
            "revenue": 82066
        },
        "2018-06": {
            "month": "2018-06",
            "price": "32.02",
            "revenue": 75629
        },
        "2018-07": {
            "month": "2018-07",
            "price": "31.04",
            "revenue": 65971
        },
        "2018-08": {
            "month": "2018-08",
            "price": "28.48",
            "revenue": 66928
        },
        "2018-09": {
            "month": "2018-09",
            "price": "26.42",
            "revenue": 70079
        },
        "2018-10": {
            "month": "2018-10",
            "price": "25.23",
            "revenue": 60919
        },
        "2018-11": {
            "month": "2018-11",
            "price": "25.80",
            "revenue": 74228
        },
        "2018-12": {
            "month": "2018-12",
            "price": "26.51",
            "revenue": 81726
        },
        "2019-01": {
            "month": "2019-01",
            "price": "28.15",
            "revenue": 72390
        },
        "2019-02": {
            "month": "2019-02",
            "price": "29.61",
            "revenue": 70118
        },
        "2019-03": {
            "month": "2019-03",
            "price": "31.48",
            "revenue": 92272
        },
        "2019-04": {
            "month": "2019-04",
            "price": "35.61",
            "revenue": 91933
        },
        "2019-05": {
            "month": "2019-05",
            "price": "37.12",
            "revenue": 93546
        },
        "2019-06": {
            "month": "2019-06",
            "price": "38.15",
            "revenue": 105905
        },
        "2019-07": {
            "month": "2019-07",
            "price": "40.37",
            "revenue": 110072
        },
        "2019-08": {
            "month": "2019-08",
            "price": "42.81",
            "revenue": 110553
        },
        "2019-09": {
            "month": "2019-09",
            "price": "43.37",
            "revenue": 58344
        },
        "2019-10": {
            "month": "2019-10",
            "price": "39.61",
            "revenue": 147255
        },
        "2019-11": {
            "month": "2019-11",
            "price": "39.64",
            "revenue": 80749
        },
        "2019-12": {
            "month": "2019-12",
            "price": "38.49",
            "revenue": 86843
        },
        "2020-01": {
            "month": "2020-01",
            "price": "39.08",
            "revenue": 58234
        },
        "2020-02": {
            "month": "2020-02",
            "price": "36.68",
            "revenue": 61083
        },
        "2020-03": {
            "month": "2020-03",
            "price": "30.64",
            "revenue": 64291
        },
        "2020-04": {
            "month": "2020-04",
            "price": "32.43",
            "revenue": 66248
        },
        "2020-05": {
            "month": "2020-05",
            "price": "32.44",
            "revenue": 66863
        },
        "2020-06": {
            "month": "2020-06",
            "price": "32.86",
            "revenue": 67878
        },
        "2020-07": {
            "month": "2020-07",
            "price": "29.76",
            "revenue": 65144
        },
        "2020-08": {
            "month": "2020-08",
            "price": "28.25",
            "revenue": 62710
        },
        "2020-09": {
            "month": "2020-09",
            "price": "28.19",
            "revenue": 60923
        },
        "2020-10": {
            "month": "2020-10",
            "price": "27.33",
            "revenue": 60095
        },
        "2020-11": {
            "month": "2020-11",
            "price": "28.04",
            "revenue": 71692
        },
        "2020-12": {
            "month": "2020-12",
            "price": "29.23",
            "revenue": 76010
        },
        "2021-01": {
            "month": "2021-01",
            "price": "30.12",
            "revenue": 70488
        },
        "2021-02": {
            "month": "2021-02",
            "price": "30.42",
            "revenue": 59592
        },
        "2021-03": {
            "month": "2021-03",
            "price": "32.45",
            "revenue": 63709
        },
        "2021-04": {
            "month": "2021-04",
            "price": "36.64",
            "revenue": 72417
        },
        "2021-05": {
            "month": "2021-05",
            "price": "35.07",
            "revenue": 69715
        },
        "2021-06": {
            "month": "2021-06",
            "price": "35.30",
            "revenue": 80174
        },
        "2021-07": {
            "month": "2021-07",
            "price": "37.38",
            "revenue": 69142
        },
        "2021-08": {
            "month": "2021-08",
            "price": "37.79",
            "revenue": 66269
        },
        "2021-09": {
            "month": "2021-09",
            "price": "36.40",
            "revenue": 85238
        },
        "2021-10": {
            "month": "2021-10",
            "price": "34.45",
            "revenue": 92541
        },
        "2021-11": {
            "month": "2021-11",
            "price": "35.32",
            "revenue": 80915
        },
        "2021-12": {
            "month": "2021-12",
            "price": "35.49",
            "revenue": 74126
        },
        "2022-01": {
            "month": "2022-01",
            "price": "34.72",
            "revenue": 56904
        },
        "2022-02": {
            "month": "2022-02",
            "price": "35.29",
            "revenue": 83805
        },
        "2022-03": {
            "month": "2022-03",
            "price": "34.34",
            "revenue": 80452
        },
        "2022-04": {
            "month": "2022-04",
            "price": "34.25",
            "revenue": 76879
        },
        "2022-05": {
            "month": "2022-05",
            "price": "32.98",
            "revenue": 78758
        },
        "2022-06": {
            "month": "2022-06",
            "price": "33.10",
            "revenue": 81998
        },
        "2022-07": {
            "month": "2022-07",
            "price": "29.83",
            "revenue": 80635
        },
        "2022-08": {
            "month": "2022-08",
            "price": "30.11",
            "revenue": 82030
        },
        "2022-09": {
            "month": "2022-09",
            "price": "30.06",
            "revenue": 98707
        },
        "2022-10": {
            "month": "2022-10",
            "price": "29.72",
            "revenue": 105796
        },
        "2022-11": {
            "month": "2022-11",
            "price": "31.05",
            "revenue": 129199
        },
        "2022-12": {
            "month": "2022-12",
            "price": "33.28",
            "revenue": 129136
        },
        "2023-01": {
            "month": "2023-01",
            "price": "33.24",
            "revenue": 90560
        },
        "2023-02": {
            "month": "2023-02",
            "price": "34.76",
            "revenue": 104321
        },
        "2023-03": {
            "month": "2023-03",
            "price": "36.95",
            "revenue": 119452
        },
        "2023-04": {
            "month": "2023-04",
            "price": "39.41",
            "revenue": 176577
        }
    }
}
