{
    "summary": {
        "stock_name": "晶采",
        "stock_id": "8049",
        "category": "光電",
        "main_business": "資料儲存及處理設備製造.電子零組件製造業.<br>其他機械器具零售(液晶顯示器及液晶顯示模組及觸控螢幕).<br>事務性機器設備零售",
        "website_url": "http://www.ampire.com.tw",
        "ceo": "陳志湧",
        "pe_ratio": 9,
        "report_year_from": 2001,
        "report_year_to": 2023,
        "age": 22,
        "eps_negative_percentage": 31,
        "eps_growth_avg": {
            "last_all": -11.66,
            "last_2y": 21.59,
            "last_4y": 20.56,
            "last_8y": 25.92,
            "last_12y": 8.1,
            "last_16y": -0.91,
            "last_20y": null,
            "at_2006_last_3y": -54.64,
            "at_2007_last_3y": -76.7,
            "at_2008_last_3y": -100,
            "at_2009_last_3y": -100,
            "at_2010_last_3y": -72.12,
            "at_2011_last_3y": -72.12,
            "at_2012_last_3y": -72.12,
            "at_2013_last_3y": -72.12,
            "at_2014_last_3y": -42.24,
            "at_2015_last_3y": 41.34,
            "at_2016_last_3y": 40.95,
            "at_2017_last_3y": 32.63,
            "at_2018_last_3y": 41.02,
            "at_2019_last_3y": 21.46,
            "at_2020_last_3y": 9.51,
            "at_2021_last_3y": 14.25,
            "at_2022_last_3y": 13.42,
            "at_2023_last_3y": 13.42,
            "at_2006_last_all": -54.64,
            "at_2007_last_all": -65.98,
            "at_2008_last_all": -65.98,
            "at_2009_last_all": -65.98,
            "at_2010_last_all": -61.63,
            "at_2011_last_all": -68.02,
            "at_2012_last_all": -68.02,
            "at_2013_last_all": -68.02,
            "at_2014_last_all": -56.09,
            "at_2015_last_all": -40.68,
            "at_2016_last_all": -31.7,
            "at_2017_last_all": -27.76,
            "at_2018_last_all": -20.78,
            "at_2019_last_all": -19.97,
            "at_2020_last_all": -19.02,
            "at_2021_last_all": -15.76,
            "at_2022_last_all": -11.66,
            "at_2023_last_all": -11.66
        },
        "latest_eps": 3.99,
        "latest_price": 36.35,
        "latest_roe": 22.02,
        "latest_gross_margin": 27.63,
        "latest_equity": 2263651,
        "latest_revenue": 599646,
        "latest_gross_profit": 165679,
        "latest_net_income": 92614,
        "latest_debt_ratio": 17.15,
        "latest_current_ratio": 382.89,
        "latest_account_receivable_turnover_ratio": 2.01,
        "latest_inventory_turnover_ratio": 0.85,
        "latest_reinvestment_rate": 5.58,
        "latest_research_to_sale_ratio": 1.54
    },
    "eps_dividends": {
        "2001": {
            "cash": 0,
            "stock": 0,
            "eps": 0
        },
        "2002": {
            "cash": 0,
            "stock": 0,
            "eps": 2.81
        },
        "2003": {
            "cash": 0,
            "stock": 2,
            "eps": 1.86
        },
        "2004": {
            "cash": 0,
            "stock": 1,
            "eps": 1.3
        },
        "2005": {
            "cash": 0,
            "stock": 1,
            "eps": -0.34
        },
        "2006": {
            "cash": 0,
            "stock": 0,
            "eps": 0.68
        },
        "2007": {
            "cash": 0,
            "stock": 0,
            "eps": -0.25
        },
        "2008": {
            "cash": 0,
            "stock": 0,
            "eps": -2.73
        },
        "2009": {
            "cash": 0,
            "stock": 0,
            "eps": 0.52
        },
        "2010": {
            "cash": 0,
            "stock": 0,
            "eps": 0.29
        },
        "2011": {
            "cash": 0,
            "stock": 0,
            "eps": -0.97
        },
        "2012": {
            "cash": 0,
            "stock": 0,
            "eps": -0.82
        },
        "2013": {
            "cash": 0,
            "stock": 0,
            "eps": 0.58
        },
        "2014": {
            "cash": 0,
            "stock": 0,
            "eps": 0.67
        },
        "2015": {
            "cash": 0,
            "stock": 0,
            "eps": 1.12
        },
        "2016": {
            "cash": 1,
            "stock": 0,
            "eps": 1.57
        },
        "2017": {
            "cash": 1,
            "stock": 0,
            "eps": 1.69
        },
        "2018": {
            "cash": 1,
            "stock": 0,
            "eps": 2.52
        },
        "2019": {
            "cash": 2,
            "stock": 0,
            "eps": 2.24
        },
        "2020": {
            "cash": 2,
            "stock": 0,
            "eps": 2.07
        },
        "2021": {
            "cash": 2,
            "stock": 0,
            "eps": 2.62
        },
        "2022": {
            "cash": 2,
            "stock": 0,
            "eps": 3.82
        },
        "2023": {
            "cash": 3,
            "stock": 0,
            "eps": 0.78
        }
    },
    "dividends": {
        "2003-07-31": {
            "cash": 0,
            "stock": 1.81
        },
        "2004-03-26": {
            "cash": 0,
            "stock": 0.9
        },
        "2005-04-06": {
            "cash": 0,
            "stock": 0.72
        },
        "2007-04-03": {
            "cash": 0.08,
            "stock": 0.32
        },
        "2014-10-15": {
            "cash": 0.11,
            "stock": 0
        },
        "2015-10-16": {
            "cash": 0.3,
            "stock": 0
        },
        "2016-08-31": {
            "cash": 0.85,
            "stock": 0
        },
        "2017-09-21": {
            "cash": 1.3,
            "stock": 0
        },
        "2018-09-17": {
            "cash": 1.4,
            "stock": 0
        },
        "2019-09-12": {
            "cash": 2,
            "stock": 0
        },
        "2020-09-11": {
            "cash": 1.8,
            "stock": 0
        },
        "2021-09-16": {
            "cash": 1.65,
            "stock": 0
        },
        "2022-09-08": {
            "cash": 2.1,
            "stock": 0
        },
        "2023-02-22": {
            "cash": 3,
            "stock": 0
        }
    },
    "prices": {
        "200101": "無",
        "200102": "無",
        "200103": "無",
        "200104": "無",
        "200105": "無",
        "200106": "無",
        "200107": "無",
        "200108": "無",
        "200109": "無",
        "200110": "無",
        "200111": "無",
        "200112": "無",
        "200201": "無",
        "200202": "無",
        "200203": "無",
        "200204": "無",
        "200205": "無",
        "200206": "無",
        "200207": "無",
        "200208": "無",
        "200209": "無",
        "200210": "無",
        "200211": "無",
        "200212": "無",
        "200301": "無",
        "200302": "無",
        "200303": "無",
        "200304": "無",
        "200305": "無",
        "200306": "無",
        "200307": "無",
        "200308": "無",
        "200309": "無",
        "200310": "18.81",
        "200311": "19.00",
        "200312": "20.32",
        "200401": "28.49",
        "200402": "26.24",
        "200403": "31.11",
        "200404": "32.31",
        "200405": "25.27",
        "200406": "21.73",
        "200407": "18.49",
        "200408": "15.62",
        "200409": "15.93",
        "200410": "13.94",
        "200411": "12.39",
        "200412": "12.42",
        "200501": "11.61",
        "200502": "13.04",
        "200503": "14.10",
        "200504": "12.88",
        "200505": "11.12",
        "200506": "11.71",
        "200507": "12.38",
        "200508": "10.85",
        "200509": "8.57",
        "200510": "8.45",
        "200511": "7.18",
        "200512": "9.32",
        "200601": "11.30",
        "200602": "9.04",
        "200603": "8.37",
        "200604": "9.43",
        "200605": "8.64",
        "200606": "8.49",
        "200607": "12.36",
        "200608": "10.83",
        "200609": "8.97",
        "200610": "9.32",
        "200611": "10.42",
        "200612": "11.54",
        "200701": "12.93",
        "200702": "12.88",
        "200703": "12.73",
        "200704": "15.04",
        "200705": "14.30",
        "200706": "24.44",
        "200707": "33.41",
        "200708": "31.62",
        "200709": "24.62",
        "200710": "22.31",
        "200711": "18.35",
        "200712": "14.34",
        "200801": "12.11",
        "200802": "11.88",
        "200803": "14.09",
        "200804": "16.49",
        "200805": "14.52",
        "200806": "11.87",
        "200807": "7.67",
        "200808": "7.35",
        "200809": "5.72",
        "200810": "4.59",
        "200811": "3.34",
        "200812": "3.39",
        "200901": "3.49",
        "200902": "3.55",
        "200903": "5.08",
        "200904": "6.98",
        "200905": "7.67",
        "200906": "9.71",
        "200907": "10.42",
        "200908": "12.14",
        "200909": "12.34",
        "200910": "11.71",
        "200911": "11.80",
        "200912": "17.46",
        "201001": "17.16",
        "201002": "15.01",
        "201003": "19.76",
        "201004": "24.04",
        "201005": "22.18",
        "201006": "23.16",
        "201007": "21.95",
        "201008": "19.64",
        "201009": "18.32",
        "201010": "17.04",
        "201011": "14.31",
        "201012": "15.06",
        "201101": "13.80",
        "201102": "13.25",
        "201103": "14.77",
        "201104": "16.15",
        "201105": "13.10",
        "201106": "12.04",
        "201107": "10.28",
        "201108": "7.76",
        "201109": "7.14",
        "201110": "7.10",
        "201111": "5.83",
        "201112": "4.86",
        "201201": "5.16",
        "201202": "7.23",
        "201203": "6.91",
        "201204": "5.91",
        "201205": "5.88",
        "201206": "5.30",
        "201207": "5.24",
        "201208": "5.19",
        "201209": "5.53",
        "201210": "5.19",
        "201211": "4.68",
        "201212": "4.96",
        "201301": "5.17",
        "201302": "5.23",
        "201303": "6.09",
        "201304": "7.52",
        "201305": "8.71",
        "201306": "8.61",
        "201307": "8.34",
        "201308": "8.21",
        "201309": "8.12",
        "201310": "7.61",
        "201311": "6.96",
        "201312": "6.99",
        "201401": "7.77",
        "201402": "8.79",
        "201403": "10.01",
        "201404": "9.62",
        "201405": "9.48",
        "201406": "9.74",
        "201407": "9.77",
        "201408": "9.09",
        "201409": "9.21",
        "201410": "7.66",
        "201411": "7.26",
        "201412": "7.59",
        "201501": "8.22",
        "201502": "8.22",
        "201503": "8.35",
        "201504": "8.25",
        "201505": "8.48",
        "201506": "7.73",
        "201507": "7.65",
        "201508": "7.60",
        "201509": "8.46",
        "201510": "9.41",
        "201511": "9.90",
        "201512": "10.69",
        "201601": "10.06",
        "201602": "12.33",
        "201603": "14.74",
        "201604": "13.64",
        "201605": "12.82",
        "201606": "13.51",
        "201607": "15.58",
        "201608": "15.22",
        "201609": "14.15",
        "201610": "13.67",
        "201611": "12.73",
        "201612": "12.69",
        "201701": "13.77",
        "201702": "14.91",
        "201703": "16.02",
        "201704": "16.61",
        "201705": "16.27",
        "201706": "16.77",
        "201707": "16.87",
        "201708": "18.38",
        "201709": "18.68",
        "201710": "17.96",
        "201711": "17.32",
        "201712": "16.80",
        "201801": "17.40",
        "201802": "16.52",
        "201803": "16.84",
        "201804": "17.79",
        "201805": "17.95",
        "201806": "18.32",
        "201807": "18.81",
        "201808": "18.87",
        "201809": "18.73",
        "201810": "17.50",
        "201811": "18.42",
        "201812": "18.77",
        "201901": "19.77",
        "201902": "22.50",
        "201903": "24.53",
        "201904": "26.19",
        "201905": "23.59",
        "201906": "24.61",
        "201907": "25.65",
        "201908": "24.23",
        "201909": "22.58",
        "201910": "22.19",
        "201911": "21.23",
        "201912": "21.18",
        "202001": "20.77",
        "202002": "20.02",
        "202003": "18.04",
        "202004": "19.58",
        "202005": "21.63",
        "202006": "22.02",
        "202007": "22.62",
        "202008": "21.26",
        "202009": "19.48",
        "202010": "19.08",
        "202011": "19.72",
        "202012": "20.52",
        "202101": "20.83",
        "202102": "21.47",
        "202103": "23.64",
        "202104": "25.66",
        "202105": "23.55",
        "202106": "23.70",
        "202107": "24.57",
        "202108": "24.62",
        "202109": "23.04",
        "202110": "23.16",
        "202111": "24.81",
        "202112": "25.13",
        "202201": "25.68",
        "202202": "25.63",
        "202203": "26.52",
        "202204": "25.93",
        "202205": "24.98",
        "202206": "25.32",
        "202207": "25.41",
        "202208": "26.43",
        "202209": "28.71",
        "202210": "26.71",
        "202211": "27.54",
        "202212": "29.81",
        "202301": "31.40",
        "202302": "33.86",
        "202303": "38.91",
        "202304": "38.78",
        "202305": "37.23"
    },
    "quarters": {
        "20011": {
            "year_quarter": 20011,
            "year": 2001,
            "quarter": 1,
            "eps": null,
            "eps_growth_year": null,
            "eps_4q": null,
            "eps_4q_growth_year": null,
            "roe": null,
            "gross_profit": null,
            "gross_margin": null,
            "net_income": null,
            "revenue": null,
            "common_shares": null,
            "equity": null,
            "current_ratio": null,
            "debt_ratio": null,
            "inventory_turnover_ratio": null,
            "account_receivable_turnover_ratio": null,
            "reinvestment_rate": null,
            "research_to_sale_ratio": null,
            "price_fair": 0,
            "eps_avg_yearly": 0,
            "eps_latest_yearly": 0,
            "eps_growth_yearly": 0
        },
        "20012": {
            "year_quarter": 20012,
            "year": 2001,
            "quarter": 2,
            "eps": null,
            "eps_growth_year": null,
            "eps_4q": null,
            "eps_4q_growth_year": null,
            "roe": null,
            "gross_profit": null,
            "gross_margin": null,
            "net_income": null,
            "revenue": null,
            "common_shares": null,
            "equity": null,
            "current_ratio": null,
            "debt_ratio": null,
            "inventory_turnover_ratio": null,
            "account_receivable_turnover_ratio": null,
            "reinvestment_rate": null,
            "research_to_sale_ratio": null,
            "price_fair": 0,
            "eps_avg_yearly": 0,
            "eps_latest_yearly": 0,
            "eps_growth_yearly": 0
        },
        "20013": {
            "year_quarter": 20013,
            "year": 2001,
            "quarter": 3,
            "eps": null,
            "eps_growth_year": null,
            "eps_4q": null,
            "eps_4q_growth_year": null,
            "roe": null,
            "gross_profit": null,
            "gross_margin": null,
            "net_income": null,
            "revenue": null,
            "common_shares": null,
            "equity": null,
            "current_ratio": null,
            "debt_ratio": null,
            "inventory_turnover_ratio": null,
            "account_receivable_turnover_ratio": null,
            "reinvestment_rate": null,
            "research_to_sale_ratio": null,
            "price_fair": 0,
            "eps_avg_yearly": 0,
            "eps_latest_yearly": 0,
            "eps_growth_yearly": 0
        },
        "20014": {
            "year_quarter": 20014,
            "year": 2001,
            "quarter": 4,
            "eps": null,
            "eps_growth_year": null,
            "eps_4q": null,
            "eps_4q_growth_year": null,
            "roe": null,
            "gross_profit": null,
            "gross_margin": null,
            "net_income": null,
            "revenue": null,
            "common_shares": 360000,
            "equity": 260257,
            "current_ratio": 161.2,
            "debt_ratio": 45.02,
            "inventory_turnover_ratio": null,
            "account_receivable_turnover_ratio": null,
            "reinvestment_rate": null,
            "research_to_sale_ratio": null,
            "price_fair": 0,
            "eps_avg_yearly": 0,
            "eps_latest_yearly": 0,
            "eps_growth_yearly": 0
        },
        "20021": {
            "year_quarter": 20021,
            "year": 2002,
            "quarter": 1,
            "eps": 0.83,
            "eps_growth_year": null,
            "eps_4q": null,
            "eps_4q_growth_year": null,
            "roe": 10.87,
            "gross_profit": 30410,
            "gross_margin": 20.29,
            "net_income": 29908,
            "revenue": 149873,
            "common_shares": 360000,
            "equity": 290151,
            "current_ratio": 159.57,
            "debt_ratio": 44.88,
            "inventory_turnover_ratio": 1.16,
            "account_receivable_turnover_ratio": null,
            "reinvestment_rate": null,
            "research_to_sale_ratio": null,
            "price_fair": 0,
            "eps_avg_yearly": 0,
            "eps_latest_yearly": 0,
            "eps_growth_yearly": 0
        },
        "20022": {
            "year_quarter": 20022,
            "year": 2002,
            "quarter": 2,
            "eps": 0,
            "eps_growth_year": null,
            "eps_4q": null,
            "eps_4q_growth_year": null,
            "roe": -0.02,
            "gross_profit": 43025,
            "gross_margin": 24.79,
            "net_income": -46,
            "revenue": 173553,
            "common_shares": 360000,
            "equity": 289303,
            "current_ratio": 157.37,
            "debt_ratio": 45.07,
            "inventory_turnover_ratio": 1.25,
            "account_receivable_turnover_ratio": null,
            "reinvestment_rate": null,
            "research_to_sale_ratio": null,
            "price_fair": 0,
            "eps_avg_yearly": 0,
            "eps_latest_yearly": 0,
            "eps_growth_yearly": 0
        },
        "20023": {
            "year_quarter": 20023,
            "year": 2002,
            "quarter": 3,
            "eps": 0.64,
            "eps_growth_year": null,
            "eps_4q": null,
            "eps_4q_growth_year": null,
            "roe": 5.61,
            "gross_profit": 34470,
            "gross_margin": 17.62,
            "net_income": 16722,
            "revenue": 195665,
            "common_shares": 259920,
            "equity": 307218,
            "current_ratio": 140.55,
            "debt_ratio": 50.37,
            "inventory_turnover_ratio": 1.31,
            "account_receivable_turnover_ratio": null,
            "reinvestment_rate": null,
            "research_to_sale_ratio": null,
            "price_fair": 0,
            "eps_avg_yearly": 0,
            "eps_latest_yearly": 0,
            "eps_growth_yearly": 0
        },
        "20024": {
            "year_quarter": 20024,
            "year": 2002,
            "quarter": 4,
            "eps": 1.34,
            "eps_growth_year": null,
            "eps_4q": 3.13,
            "eps_4q_growth_year": null,
            "roe": 10.76,
            "gross_profit": 108598,
            "gross_margin": 23.74,
            "net_income": 34906,
            "revenue": 457382,
            "common_shares": 259920,
            "equity": 341879,
            "current_ratio": 137.73,
            "debt_ratio": 61.3,
            "inventory_turnover_ratio": 1.74,
            "account_receivable_turnover_ratio": null,
            "reinvestment_rate": null,
            "research_to_sale_ratio": null,
            "price_fair": 187.6,
            "eps_avg_yearly": 5.36,
            "eps_latest_yearly": 5.36,
            "eps_growth_yearly": 437.5
        },
        "20031": {
            "year_quarter": 20031,
            "year": 2003,
            "quarter": 1,
            "eps": 0.77,
            "eps_growth_year": -7.23,
            "eps_4q": 2.76,
            "eps_4q_growth_year": null,
            "roe": 5.66,
            "gross_profit": 62801,
            "gross_margin": 21.97,
            "net_income": 19915,
            "revenue": 285845,
            "common_shares": 259920,
            "equity": 361641,
            "current_ratio": 143.45,
            "debt_ratio": 56.16,
            "inventory_turnover_ratio": 0.87,
            "account_receivable_turnover_ratio": null,
            "reinvestment_rate": null,
            "research_to_sale_ratio": null,
            "price_fair": 147.7,
            "eps_avg_yearly": 4.22,
            "eps_latest_yearly": 3.08,
            "eps_growth_yearly": 133.68
        },
        "20032": {
            "year_quarter": 20032,
            "year": 2003,
            "quarter": 2,
            "eps": 0.34,
            "eps_growth_year": null,
            "eps_4q": 3.09,
            "eps_4q_growth_year": null,
            "roe": 2.42,
            "gross_profit": 36814,
            "gross_margin": 16.77,
            "net_income": 8861,
            "revenue": 219555,
            "common_shares": 259920,
            "equity": 370275,
            "current_ratio": 150.92,
            "debt_ratio": 52.42,
            "inventory_turnover_ratio": 0.71,
            "account_receivable_turnover_ratio": null,
            "reinvestment_rate": null,
            "research_to_sale_ratio": null,
            "price_fair": 80.55,
            "eps_avg_yearly": 3.27,
            "eps_latest_yearly": 1.36,
            "eps_growth_yearly": 14.66
        },
        "20033": {
            "year_quarter": 20033,
            "year": 2003,
            "quarter": 3,
            "eps": 0.41,
            "eps_growth_year": -35.94,
            "eps_4q": 2.63,
            "eps_4q_growth_year": null,
            "roe": 2.56,
            "gross_profit": 38202,
            "gross_margin": 16.3,
            "net_income": 11773,
            "revenue": 234319,
            "common_shares": 360000,
            "equity": 550817,
            "current_ratio": 277.91,
            "debt_ratio": 30.88,
            "inventory_turnover_ratio": 0.79,
            "account_receivable_turnover_ratio": null,
            "reinvestment_rate": null,
            "research_to_sale_ratio": null,
            "price_fair": 100.1,
            "eps_avg_yearly": 2.86,
            "eps_latest_yearly": 1.64,
            "eps_growth_yearly": 31.58
        },
        "20034": {
            "year_quarter": 20034,
            "year": 2003,
            "quarter": 4,
            "eps": 0.34,
            "eps_growth_year": -74.63,
            "eps_4q": 1.48,
            "eps_4q_growth_year": -52.56,
            "roe": 2.17,
            "gross_profit": 54741,
            "gross_margin": 20.04,
            "net_income": 12051,
            "revenue": 273104,
            "common_shares": 431027,
            "equity": 561160,
            "current_ratio": 201.67,
            "debt_ratio": 42.12,
            "inventory_turnover_ratio": 0.77,
            "account_receivable_turnover_ratio": null,
            "reinvestment_rate": null,
            "research_to_sale_ratio": null,
            "price_fair": 55.31,
            "eps_avg_yearly": 2.56,
            "eps_latest_yearly": 1.36,
            "eps_growth_yearly": 11.61
        },
        "20041": {
            "year_quarter": 20041,
            "year": 2004,
            "quarter": 1,
            "eps": 0.25,
            "eps_growth_year": -67.53,
            "eps_4q": 1,
            "eps_4q_growth_year": -63.8,
            "roe": 1.93,
            "gross_profit": 60494,
            "gross_margin": 17.14,
            "net_income": 10885,
            "revenue": 352891,
            "common_shares": 431027,
            "equity": 569400,
            "current_ratio": 169.28,
            "debt_ratio": 48.7,
            "inventory_turnover_ratio": 0.8,
            "account_receivable_turnover_ratio": null,
            "reinvestment_rate": null,
            "research_to_sale_ratio": null,
            "price_fair": 6.9,
            "eps_avg_yearly": 2.3,
            "eps_latest_yearly": 1,
            "eps_growth_yearly": -7.97
        },
        "20042": {
            "year_quarter": 20042,
            "year": 2004,
            "quarter": 2,
            "eps": 0.44,
            "eps_growth_year": 29.41,
            "eps_4q": 1.18,
            "eps_4q_growth_year": -61.79,
            "roe": 3.57,
            "gross_profit": 76592,
            "gross_margin": 15.74,
            "net_income": 20669,
            "revenue": 486709,
            "common_shares": 473000,
            "equity": 589685,
            "current_ratio": 211.56,
            "debt_ratio": 62.81,
            "inventory_turnover_ratio": 0.9,
            "account_receivable_turnover_ratio": null,
            "reinvestment_rate": null,
            "research_to_sale_ratio": null,
            "price_fair": 77.8,
            "eps_avg_yearly": 2.22,
            "eps_latest_yearly": 1.76,
            "eps_growth_yearly": 36.59
        },
        "20043": {
            "year_quarter": 20043,
            "year": 2004,
            "quarter": 3,
            "eps": 0.64,
            "eps_growth_year": 56.1,
            "eps_4q": 1.56,
            "eps_4q_growth_year": -40.74,
            "roe": 5.11,
            "gross_profit": 90710,
            "gross_margin": 19.81,
            "net_income": 30426,
            "revenue": 457976,
            "common_shares": 473000,
            "equity": 601434,
            "current_ratio": 192.49,
            "debt_ratio": 62.73,
            "inventory_turnover_ratio": 0.72,
            "account_receivable_turnover_ratio": null,
            "reinvestment_rate": null,
            "research_to_sale_ratio": null,
            "price_fair": 79.28,
            "eps_avg_yearly": 2.27,
            "eps_latest_yearly": 2.56,
            "eps_growth_yearly": 54.75
        },
        "20044": {
            "year_quarter": 20044,
            "year": 2004,
            "quarter": 4,
            "eps": -0.03,
            "eps_growth_year": -108.82,
            "eps_4q": 1.29,
            "eps_4q_growth_year": -13.07,
            "roe": -0.25,
            "gross_profit": 55568,
            "gross_margin": 11.71,
            "net_income": -1457,
            "revenue": 474596,
            "common_shares": 473000,
            "equity": 584624,
            "current_ratio": 190.06,
            "debt_ratio": 61.97,
            "inventory_turnover_ratio": 0.82,
            "account_receivable_turnover_ratio": null,
            "reinvestment_rate": null,
            "research_to_sale_ratio": null,
            "price_fair": 79.28,
            "eps_avg_yearly": 2.27,
            "eps_latest_yearly": 2.56,
            "eps_growth_yearly": 54.75
        },
        "20051": {
            "year_quarter": 20051,
            "year": 2005,
            "quarter": 1,
            "eps": 0.13,
            "eps_growth_year": -48,
            "eps_4q": 1.2,
            "eps_4q_growth_year": 19.7,
            "roe": 1.03,
            "gross_profit": 36997,
            "gross_margin": 10.26,
            "net_income": 6043,
            "revenue": 360497,
            "common_shares": 473000,
            "equity": 588836,
            "current_ratio": 252.72,
            "debt_ratio": 55.45,
            "inventory_turnover_ratio": 0.71,
            "account_receivable_turnover_ratio": null,
            "reinvestment_rate": null,
            "research_to_sale_ratio": null,
            "price_fair": 79.28,
            "eps_avg_yearly": 2.27,
            "eps_latest_yearly": 2.56,
            "eps_growth_yearly": 54.75
        },
        "20052": {
            "year_quarter": 20052,
            "year": 2005,
            "quarter": 2,
            "eps": -0.81,
            "eps_growth_year": -284.09,
            "eps_4q": -0.04,
            "eps_4q_growth_year": -103.81,
            "roe": -6.52,
            "gross_profit": 19897,
            "gross_margin": 8.03,
            "net_income": -37134,
            "revenue": 247838,
            "common_shares": 473000,
            "equity": 550523,
            "current_ratio": 309.97,
            "debt_ratio": 52.51,
            "inventory_turnover_ratio": 0.6,
            "account_receivable_turnover_ratio": null,
            "reinvestment_rate": null,
            "research_to_sale_ratio": null,
            "price_fair": 79.28,
            "eps_avg_yearly": 2.27,
            "eps_latest_yearly": 2.56,
            "eps_growth_yearly": 54.75
        },
        "20053": {
            "year_quarter": 20053,
            "year": 2005,
            "quarter": 3,
            "eps": 0.07,
            "eps_growth_year": -89.06,
            "eps_4q": -0.63,
            "eps_4q_growth_year": -140.23,
            "roe": 0.59,
            "gross_profit": 42822,
            "gross_margin": 13.04,
            "net_income": 3271,
            "revenue": 328356,
            "common_shares": 509114,
            "equity": 557752,
            "current_ratio": 271.5,
            "debt_ratio": 54.31,
            "inventory_turnover_ratio": 0.84,
            "account_receivable_turnover_ratio": null,
            "reinvestment_rate": null,
            "research_to_sale_ratio": null,
            "price_fair": 79.28,
            "eps_avg_yearly": 2.27,
            "eps_latest_yearly": 2.56,
            "eps_growth_yearly": 54.75
        },
        "20054": {
            "year_quarter": 20054,
            "year": 2005,
            "quarter": 4,
            "eps": 0.27,
            "eps_growth_year": null,
            "eps_4q": -0.3,
            "eps_4q_growth_year": -123.53,
            "roe": 2.33,
            "gross_profit": 59551,
            "gross_margin": 15.04,
            "net_income": 13096,
            "revenue": 395863,
            "common_shares": 509114,
            "equity": 564233,
            "current_ratio": 233.51,
            "debt_ratio": 56.03,
            "inventory_turnover_ratio": 0.94,
            "account_receivable_turnover_ratio": null,
            "reinvestment_rate": 142.11,
            "research_to_sale_ratio": null,
            "price_fair": 74.67,
            "eps_avg_yearly": 2.13,
            "eps_latest_yearly": 1.08,
            "eps_growth_yearly": 175.65
        },
        "20061": {
            "year_quarter": 20061,
            "year": 2006,
            "quarter": 1,
            "eps": -0.06,
            "eps_growth_year": -146.15,
            "eps_4q": -0.52,
            "eps_4q_growth_year": -143.29,
            "roe": -0.48,
            "gross_profit": 39018,
            "gross_margin": 12.07,
            "net_income": -2717,
            "revenue": 323143,
            "common_shares": 509114,
            "equity": 561213,
            "current_ratio": 288.97,
            "debt_ratio": 52.18,
            "inventory_turnover_ratio": 0.79,
            "account_receivable_turnover_ratio": null,
            "reinvestment_rate": 40.99,
            "research_to_sale_ratio": null,
            "price_fair": 74.67,
            "eps_avg_yearly": 2.13,
            "eps_latest_yearly": 1.08,
            "eps_growth_yearly": 175.65
        },
        "20062": {
            "year_quarter": 20062,
            "year": 2006,
            "quarter": 2,
            "eps": 0.25,
            "eps_growth_year": null,
            "eps_4q": 0.53,
            "eps_4q_growth_year": null,
            "roe": 2.15,
            "gross_profit": 63383,
            "gross_margin": 16.28,
            "net_income": 12156,
            "revenue": 389385,
            "common_shares": 509114,
            "equity": 571925,
            "current_ratio": 117.47,
            "debt_ratio": 57.02,
            "inventory_turnover_ratio": 0.94,
            "account_receivable_turnover_ratio": null,
            "reinvestment_rate": 39.02,
            "research_to_sale_ratio": null,
            "price_fair": 74.67,
            "eps_avg_yearly": 2.13,
            "eps_latest_yearly": 1.08,
            "eps_growth_yearly": 175.65
        },
        "20063": {
            "year_quarter": 20063,
            "year": 2006,
            "quarter": 3,
            "eps": 0.5,
            "eps_growth_year": 614.29,
            "eps_4q": 0.97,
            "eps_4q_growth_year": null,
            "roe": 4.06,
            "gross_profit": 58335,
            "gross_margin": 15.41,
            "net_income": 23791,
            "revenue": 378603,
            "common_shares": 509114,
            "equity": 600800,
            "current_ratio": 119,
            "debt_ratio": 57.04,
            "inventory_turnover_ratio": 0.88,
            "account_receivable_turnover_ratio": null,
            "reinvestment_rate": 29.64,
            "research_to_sale_ratio": null,
            "price_fair": 74.2,
            "eps_avg_yearly": 2.12,
            "eps_latest_yearly": 2,
            "eps_growth_yearly": 198.08
        },
        "20064": {
            "year_quarter": 20064,
            "year": 2006,
            "quarter": 4,
            "eps": -0.01,
            "eps_growth_year": -103.7,
            "eps_4q": 0.68,
            "eps_4q_growth_year": null,
            "roe": -0.1,
            "gross_profit": 42345,
            "gross_margin": 14.72,
            "net_income": -611,
            "revenue": 287614,
            "common_shares": 509114,
            "equity": 597478,
            "current_ratio": 123.03,
            "debt_ratio": 54.88,
            "inventory_turnover_ratio": 0.61,
            "account_receivable_turnover_ratio": null,
            "reinvestment_rate": 203.73,
            "research_to_sale_ratio": null,
            "price_fair": 61.6,
            "eps_avg_yearly": 1.76,
            "eps_latest_yearly": 2,
            "eps_growth_yearly": 171.48
        },
        "20071": {
            "year_quarter": 20071,
            "year": 2007,
            "quarter": 1,
            "eps": 0.18,
            "eps_growth_year": null,
            "eps_4q": 0.93,
            "eps_4q_growth_year": null,
            "roe": 1.42,
            "gross_profit": 37985,
            "gross_margin": 12.3,
            "net_income": 8532,
            "revenue": 308747,
            "common_shares": 509114,
            "equity": 602032,
            "current_ratio": 133.54,
            "debt_ratio": 48.72,
            "inventory_turnover_ratio": 0.74,
            "account_receivable_turnover_ratio": null,
            "reinvestment_rate": 46.96,
            "research_to_sale_ratio": null,
            "price_fair": 55.83,
            "eps_avg_yearly": 1.6,
            "eps_latest_yearly": 2,
            "eps_growth_yearly": 214.18
        },
        "20072": {
            "year_quarter": 20072,
            "year": 2007,
            "quarter": 2,
            "eps": -0.1,
            "eps_growth_year": -140,
            "eps_4q": 0.53,
            "eps_4q_growth_year": 0.51,
            "roe": -0.75,
            "gross_profit": 40950,
            "gross_margin": 13.12,
            "net_income": -4553,
            "revenue": 312066,
            "common_shares": 509114,
            "equity": 619093,
            "current_ratio": 129.7,
            "debt_ratio": 52.4,
            "inventory_turnover_ratio": 0.82,
            "account_receivable_turnover_ratio": null,
            "reinvestment_rate": 49.44,
            "research_to_sale_ratio": null,
            "price_fair": 57,
            "eps_avg_yearly": 1.63,
            "eps_latest_yearly": 2,
            "eps_growth_yearly": 276.69
        },
        "20073": {
            "year_quarter": 20073,
            "year": 2007,
            "quarter": 3,
            "eps": 0.21,
            "eps_growth_year": -58,
            "eps_4q": 0.27,
            "eps_4q_growth_year": -71.77,
            "roe": 1.49,
            "gross_profit": 50318,
            "gross_margin": 12.58,
            "net_income": 10900,
            "revenue": 400085,
            "common_shares": 509114,
            "equity": 842657,
            "current_ratio": 315.86,
            "debt_ratio": 39.3,
            "inventory_turnover_ratio": 0.95,
            "account_receivable_turnover_ratio": null,
            "reinvestment_rate": 28.01,
            "research_to_sale_ratio": null,
            "price_fair": 56.93,
            "eps_avg_yearly": 1.63,
            "eps_latest_yearly": 2,
            "eps_growth_yearly": 309.08
        },
        "20074": {
            "year_quarter": 20074,
            "year": 2007,
            "quarter": 4,
            "eps": -0.54,
            "eps_growth_year": null,
            "eps_4q": -0.27,
            "eps_4q_growth_year": -139.71,
            "roe": -3.57,
            "gross_profit": 56364,
            "gross_margin": 16.23,
            "net_income": -29703,
            "revenue": 347275,
            "common_shares": 627003,
            "equity": 819736,
            "current_ratio": 198.31,
            "debt_ratio": 45.96,
            "inventory_turnover_ratio": 0.69,
            "account_receivable_turnover_ratio": null,
            "reinvestment_rate": 487.6,
            "research_to_sale_ratio": null,
            "price_fair": 58.8,
            "eps_avg_yearly": 1.68,
            "eps_latest_yearly": 2,
            "eps_growth_yearly": 384.56
        },
        "20081": {
            "year_quarter": 20081,
            "year": 2008,
            "quarter": 1,
            "eps": -0.74,
            "eps_growth_year": -511.11,
            "eps_4q": -1.11,
            "eps_4q_growth_year": -219.98,
            "roe": -5.9,
            "gross_profit": -4702,
            "gross_margin": -1.61,
            "net_income": -46665,
            "revenue": 292354,
            "common_shares": 627003,
            "equity": 762169,
            "current_ratio": 149.44,
            "debt_ratio": 52.56,
            "inventory_turnover_ratio": 0.59,
            "account_receivable_turnover_ratio": null,
            "reinvestment_rate": 5614.76,
            "research_to_sale_ratio": null,
            "price_fair": 64.75,
            "eps_avg_yearly": 1.85,
            "eps_latest_yearly": 2,
            "eps_growth_yearly": 507.17
        },
        "20082": {
            "year_quarter": 20082,
            "year": 2008,
            "quarter": 2,
            "eps": -2.23,
            "eps_growth_year": null,
            "eps_4q": -3.28,
            "eps_4q_growth_year": -714.05,
            "roe": -20.2,
            "gross_profit": -63651,
            "gross_margin": -19.55,
            "net_income": -139919,
            "revenue": 325579,
            "common_shares": 627003,
            "equity": 623092,
            "current_ratio": 130.16,
            "debt_ratio": 56.73,
            "inventory_turnover_ratio": 0.8,
            "account_receivable_turnover_ratio": null,
            "reinvestment_rate": null,
            "research_to_sale_ratio": null,
            "price_fair": 65.8,
            "eps_avg_yearly": 1.88,
            "eps_latest_yearly": 2,
            "eps_growth_yearly": 574.89
        },
        "20083": {
            "year_quarter": 20083,
            "year": 2008,
            "quarter": 3,
            "eps": -0.06,
            "eps_growth_year": -128.57,
            "eps_4q": -3.03,
            "eps_4q_growth_year": -1203.94,
            "roe": -0.66,
            "gross_profit": 60000,
            "gross_margin": 15.37,
            "net_income": -4329,
            "revenue": 390365,
            "common_shares": 727003,
            "equity": 690191,
            "current_ratio": 149.81,
            "debt_ratio": 54.92,
            "inventory_turnover_ratio": 0.77,
            "account_receivable_turnover_ratio": null,
            "reinvestment_rate": null,
            "research_to_sale_ratio": null,
            "price_fair": 53.9,
            "eps_avg_yearly": 1.54,
            "eps_latest_yearly": 2,
            "eps_growth_yearly": 771.43
        },
        "20084": {
            "year_quarter": 20084,
            "year": 2008,
            "quarter": 4,
            "eps": 0.3,
            "eps_growth_year": null,
            "eps_4q": -2.64,
            "eps_4q_growth_year": null,
            "roe": 2.77,
            "gross_profit": 33262,
            "gross_margin": 10.04,
            "net_income": 19461,
            "revenue": 331306,
            "common_shares": 727003,
            "equity": 714572,
            "current_ratio": 165.9,
            "debt_ratio": 48.09,
            "inventory_turnover_ratio": 0.78,
            "account_receivable_turnover_ratio": 3.48,
            "reinvestment_rate": null,
            "research_to_sale_ratio": null,
            "price_fair": 53.9,
            "eps_avg_yearly": 1.54,
            "eps_latest_yearly": 2,
            "eps_growth_yearly": 771.43
        },
        "20091": {
            "year_quarter": 20091,
            "year": 2009,
            "quarter": 1,
            "eps": -0.33,
            "eps_growth_year": null,
            "eps_4q": -2.04,
            "eps_4q_growth_year": null,
            "roe": -3.37,
            "gross_profit": -3169,
            "gross_margin": -1.8,
            "net_income": -23760,
            "revenue": 176164,
            "common_shares": 727003,
            "equity": 695484,
            "current_ratio": 172.71,
            "debt_ratio": 45.25,
            "inventory_turnover_ratio": 0.58,
            "account_receivable_turnover_ratio": 1.1,
            "reinvestment_rate": null,
            "research_to_sale_ratio": null,
            "price_fair": 53.9,
            "eps_avg_yearly": 1.54,
            "eps_latest_yearly": 2,
            "eps_growth_yearly": 771.43
        },
        "20092": {
            "year_quarter": 20092,
            "year": 2009,
            "quarter": 2,
            "eps": -0.13,
            "eps_growth_year": null,
            "eps_4q": -0.25,
            "eps_4q_growth_year": null,
            "roe": -1.34,
            "gross_profit": 40418,
            "gross_margin": 17.9,
            "net_income": -9236,
            "revenue": 225834,
            "common_shares": 727003,
            "equity": 680750,
            "current_ratio": 185.96,
            "debt_ratio": 44.4,
            "inventory_turnover_ratio": 0.66,
            "account_receivable_turnover_ratio": 1.69,
            "reinvestment_rate": null,
            "research_to_sale_ratio": null,
            "price_fair": 53.9,
            "eps_avg_yearly": 1.54,
            "eps_latest_yearly": 2,
            "eps_growth_yearly": 771.43
        },
        "20093": {
            "year_quarter": 20093,
            "year": 2009,
            "quarter": 3,
            "eps": 0.33,
            "eps_growth_year": null,
            "eps_4q": 0.15,
            "eps_4q_growth_year": null,
            "roe": 3.51,
            "gross_profit": 67556,
            "gross_margin": 21.24,
            "net_income": 24328,
            "revenue": 318027,
            "common_shares": 727003,
            "equity": 705940,
            "current_ratio": 119.1,
            "debt_ratio": 46.29,
            "inventory_turnover_ratio": 0.92,
            "account_receivable_turnover_ratio": 1.57,
            "reinvestment_rate": null,
            "research_to_sale_ratio": null,
            "price_fair": 53.9,
            "eps_avg_yearly": 1.54,
            "eps_latest_yearly": 2,
            "eps_growth_yearly": 771.43
        },
        "20094": {
            "year_quarter": 20094,
            "year": 2009,
            "quarter": 4,
            "eps": 0.65,
            "eps_growth_year": 116.67,
            "eps_4q": 0.46,
            "eps_4q_growth_year": null,
            "roe": 6.06,
            "gross_profit": 89838,
            "gross_margin": 25.6,
            "net_income": 48850,
            "revenue": 350883,
            "common_shares": 877003,
            "equity": 905935,
            "current_ratio": 167.8,
            "debt_ratio": 35.27,
            "inventory_turnover_ratio": 1.03,
            "account_receivable_turnover_ratio": 2.14,
            "reinvestment_rate": null,
            "research_to_sale_ratio": null,
            "price_fair": 80.5,
            "eps_avg_yearly": 2.3,
            "eps_latest_yearly": 2.6,
            "eps_growth_yearly": 393.94
        },
        "20101": {
            "year_quarter": 20101,
            "year": 2010,
            "quarter": 1,
            "eps": 0.45,
            "eps_growth_year": null,
            "eps_4q": 1.17,
            "eps_4q_growth_year": null,
            "roe": 4.23,
            "gross_profit": 83216,
            "gross_margin": 22.81,
            "net_income": 39097,
            "revenue": 364877,
            "common_shares": 877003,
            "equity": 943930,
            "current_ratio": 156.81,
            "debt_ratio": 38.39,
            "inventory_turnover_ratio": 1.02,
            "account_receivable_turnover_ratio": 1.1,
            "reinvestment_rate": null,
            "research_to_sale_ratio": 1.27,
            "price_fair": 74.67,
            "eps_avg_yearly": 2.13,
            "eps_latest_yearly": 1.8,
            "eps_growth_yearly": 221.6
        },
        "20102": {
            "year_quarter": 20102,
            "year": 2010,
            "quarter": 2,
            "eps": 0.25,
            "eps_growth_year": null,
            "eps_4q": 1.45,
            "eps_4q_growth_year": null,
            "roe": 2.31,
            "gross_profit": 89380,
            "gross_margin": 22.02,
            "net_income": 23411,
            "revenue": 405970,
            "common_shares": 906595,
            "equity": 1083846,
            "current_ratio": 175.41,
            "debt_ratio": 34.93,
            "inventory_turnover_ratio": 0.91,
            "account_receivable_turnover_ratio": 1.22,
            "reinvestment_rate": null,
            "research_to_sale_ratio": 1.35,
            "price_fair": 64.75,
            "eps_avg_yearly": 1.85,
            "eps_latest_yearly": 1,
            "eps_growth_yearly": 121.76
        },
        "20103": {
            "year_quarter": 20103,
            "year": 2010,
            "quarter": 3,
            "eps": -0.12,
            "eps_growth_year": -135.46,
            "eps_4q": 1.07,
            "eps_4q_growth_year": 630.47,
            "roe": -1.02,
            "gross_profit": 52961,
            "gross_margin": 12.95,
            "net_income": -10982,
            "revenue": 409094,
            "common_shares": 938598,
            "equity": 1068285,
            "current_ratio": 140.99,
            "debt_ratio": 37.87,
            "inventory_turnover_ratio": 0.94,
            "account_receivable_turnover_ratio": 1.29,
            "reinvestment_rate": null,
            "research_to_sale_ratio": 1.56,
            "price_fair": 63,
            "eps_avg_yearly": 1.8,
            "eps_latest_yearly": 1,
            "eps_growth_yearly": 29.01
        },
        "20104": {
            "year_quarter": 20104,
            "year": 2010,
            "quarter": 4,
            "eps": -0.29,
            "eps_growth_year": -144.18,
            "eps_4q": 0.19,
            "eps_4q_growth_year": -59.36,
            "roe": -2.7,
            "gross_profit": 23467,
            "gross_margin": 7.55,
            "net_income": -31258,
            "revenue": 310969,
            "common_shares": 1088598,
            "equity": 1244439,
            "current_ratio": 227.97,
            "debt_ratio": 23.04,
            "inventory_turnover_ratio": 0.81,
            "account_receivable_turnover_ratio": 1.19,
            "reinvestment_rate": null,
            "research_to_sale_ratio": 1.62,
            "price_fair": 63,
            "eps_avg_yearly": 1.8,
            "eps_latest_yearly": 1,
            "eps_growth_yearly": 29.01
        },
        "20111": {
            "year_quarter": 20111,
            "year": 2011,
            "quarter": 1,
            "eps": -0.11,
            "eps_growth_year": -124.44,
            "eps_4q": -0.28,
            "eps_4q_growth_year": -123.94,
            "roe": -0.95,
            "gross_profit": 20244,
            "gross_margin": 7.15,
            "net_income": -11784,
            "revenue": 283276,
            "common_shares": 1088598,
            "equity": 1235611,
            "current_ratio": 219.21,
            "debt_ratio": 22.66,
            "inventory_turnover_ratio": 0.77,
            "account_receivable_turnover_ratio": 1.37,
            "reinvestment_rate": null,
            "research_to_sale_ratio": 2.11,
            "price_fair": 63,
            "eps_avg_yearly": 1.8,
            "eps_latest_yearly": 1,
            "eps_growth_yearly": 29.01
        },
        "20112": {
            "year_quarter": 20112,
            "year": 2011,
            "quarter": 2,
            "eps": 0.01,
            "eps_growth_year": -97.05,
            "eps_4q": -0.49,
            "eps_4q_growth_year": -133.82,
            "roe": 0.06,
            "gross_profit": 49150,
            "gross_margin": 12.61,
            "net_income": 801,
            "revenue": 389664,
            "common_shares": 1088598,
            "equity": 1229601,
            "current_ratio": 181.44,
            "debt_ratio": 30.29,
            "inventory_turnover_ratio": 0.97,
            "account_receivable_turnover_ratio": 1.53,
            "reinvestment_rate": null,
            "research_to_sale_ratio": 1.56,
            "price_fair": 63,
            "eps_avg_yearly": 1.8,
            "eps_latest_yearly": 1,
            "eps_growth_yearly": 29.01
        },
        "20113": {
            "year_quarter": 20113,
            "year": 2011,
            "quarter": 3,
            "eps": -0.32,
            "eps_growth_year": null,
            "eps_4q": -0.71,
            "eps_4q_growth_year": -166.47,
            "roe": -2.88,
            "gross_profit": -3845,
            "gross_margin": -0.99,
            "net_income": -35146,
            "revenue": 388712,
            "common_shares": 1088598,
            "equity": 1208940,
            "current_ratio": 173.9,
            "debt_ratio": 30.94,
            "inventory_turnover_ratio": 1.14,
            "account_receivable_turnover_ratio": 1.18,
            "reinvestment_rate": null,
            "research_to_sale_ratio": 1.43,
            "price_fair": 63,
            "eps_avg_yearly": 1.8,
            "eps_latest_yearly": 1,
            "eps_growth_yearly": 29.01
        },
        "20114": {
            "year_quarter": 20114,
            "year": 2011,
            "quarter": 4,
            "eps": -0.55,
            "eps_growth_year": null,
            "eps_4q": -0.98,
            "eps_4q_growth_year": -625.15,
            "roe": -5.1,
            "gross_profit": 10267,
            "gross_margin": 3.1,
            "net_income": -60308,
            "revenue": 330937,
            "common_shares": 1088598,
            "equity": 1154551,
            "current_ratio": 371.12,
            "debt_ratio": 31.9,
            "inventory_turnover_ratio": 0.99,
            "account_receivable_turnover_ratio": 1.13,
            "reinvestment_rate": null,
            "research_to_sale_ratio": 1.54,
            "price_fair": 63,
            "eps_avg_yearly": 1.8,
            "eps_latest_yearly": 1,
            "eps_growth_yearly": 29.01
        },
        "20121": {
            "year_quarter": 20121,
            "year": 2012,
            "quarter": 1,
            "eps": -0.18,
            "eps_growth_year": null,
            "eps_4q": -1.05,
            "eps_4q_growth_year": null,
            "roe": -1.68,
            "gross_profit": 26748,
            "gross_margin": 9.48,
            "net_income": -19153,
            "revenue": 282188,
            "common_shares": 1088598,
            "equity": 1128726,
            "current_ratio": 281.69,
            "debt_ratio": 34.99,
            "inventory_turnover_ratio": 0.77,
            "account_receivable_turnover_ratio": 1.29,
            "reinvestment_rate": null,
            "research_to_sale_ratio": 2.1,
            "price_fair": 63,
            "eps_avg_yearly": 1.8,
            "eps_latest_yearly": 1,
            "eps_growth_yearly": 29.01
        },
        "20122": {
            "year_quarter": 20122,
            "year": 2012,
            "quarter": 2,
            "eps": -0.06,
            "eps_growth_year": -894.16,
            "eps_4q": -1.11,
            "eps_4q_growth_year": null,
            "roe": -0.56,
            "gross_profit": 34479,
            "gross_margin": 11.01,
            "net_income": -6357,
            "revenue": 313096,
            "common_shares": 1088598,
            "equity": 1125345,
            "current_ratio": 344.61,
            "debt_ratio": 32.62,
            "inventory_turnover_ratio": 0.81,
            "account_receivable_turnover_ratio": 1.59,
            "reinvestment_rate": null,
            "research_to_sale_ratio": 2.08,
            "price_fair": 63,
            "eps_avg_yearly": 1.8,
            "eps_latest_yearly": 1,
            "eps_growth_yearly": 29.01
        },
        "20123": {
            "year_quarter": 20123,
            "year": 2012,
            "quarter": 3,
            "eps": -0.04,
            "eps_growth_year": null,
            "eps_4q": -0.84,
            "eps_4q_growth_year": null,
            "roe": -0.39,
            "gross_profit": 43388,
            "gross_margin": 13.25,
            "net_income": -4335,
            "revenue": 327551,
            "common_shares": 1088598,
            "equity": 1109939,
            "current_ratio": 395.28,
            "debt_ratio": 31.68,
            "inventory_turnover_ratio": 0.82,
            "account_receivable_turnover_ratio": 1.75,
            "reinvestment_rate": null,
            "research_to_sale_ratio": 1.87,
            "price_fair": 63,
            "eps_avg_yearly": 1.8,
            "eps_latest_yearly": 1,
            "eps_growth_yearly": 29.01
        },
        "20124": {
            "year_quarter": 20124,
            "year": 2012,
            "quarter": 4,
            "eps": -0.54,
            "eps_growth_year": null,
            "eps_4q": -0.81,
            "eps_4q_growth_year": null,
            "roe": -5.34,
            "gross_profit": -14598,
            "gross_margin": -4.87,
            "net_income": -57679,
            "revenue": 299778,
            "common_shares": 1088598,
            "equity": 1051345,
            "current_ratio": 157.31,
            "debt_ratio": 32.59,
            "inventory_turnover_ratio": 0.99,
            "account_receivable_turnover_ratio": 1.74,
            "reinvestment_rate": null,
            "research_to_sale_ratio": 1.94,
            "price_fair": 63,
            "eps_avg_yearly": 1.8,
            "eps_latest_yearly": 1,
            "eps_growth_yearly": 29.01
        },
        "20131": {
            "year_quarter": 20131,
            "year": 2013,
            "quarter": 1,
            "eps": 0.08,
            "eps_growth_year": null,
            "eps_4q": -0.56,
            "eps_4q_growth_year": null,
            "roe": 0.77,
            "gross_profit": 42018,
            "gross_margin": 13.67,
            "net_income": 8108,
            "revenue": 307283,
            "common_shares": 1088598,
            "equity": 1056217,
            "current_ratio": 158.94,
            "debt_ratio": 32.89,
            "inventory_turnover_ratio": 0.94,
            "account_receivable_turnover_ratio": 1.85,
            "reinvestment_rate": null,
            "research_to_sale_ratio": 2.11,
            "price_fair": 63,
            "eps_avg_yearly": 1.8,
            "eps_latest_yearly": 1,
            "eps_growth_yearly": 29.01
        },
        "20132": {
            "year_quarter": 20132,
            "year": 2013,
            "quarter": 2,
            "eps": 0.25,
            "eps_growth_year": null,
            "eps_4q": -0.25,
            "eps_4q_growth_year": null,
            "roe": 2.53,
            "gross_profit": 80381,
            "gross_margin": 20.14,
            "net_income": 27211,
            "revenue": 399173,
            "common_shares": 1088598,
            "equity": 1093192,
            "current_ratio": 159.64,
            "debt_ratio": 35.48,
            "inventory_turnover_ratio": 1.08,
            "account_receivable_turnover_ratio": 1.9,
            "reinvestment_rate": null,
            "research_to_sale_ratio": 1.55,
            "price_fair": 56,
            "eps_avg_yearly": 1.6,
            "eps_latest_yearly": 1,
            "eps_growth_yearly": 234.26
        },
        "20133": {
            "year_quarter": 20133,
            "year": 2013,
            "quarter": 3,
            "eps": 0.04,
            "eps_growth_year": null,
            "eps_4q": -0.17,
            "eps_4q_growth_year": null,
            "roe": 0.38,
            "gross_profit": 58273,
            "gross_margin": 15.57,
            "net_income": 4150,
            "revenue": 374261,
            "common_shares": 1088598,
            "equity": 1095056,
            "current_ratio": 167.84,
            "debt_ratio": 34.51,
            "inventory_turnover_ratio": 0.98,
            "account_receivable_turnover_ratio": 1.57,
            "reinvestment_rate": null,
            "research_to_sale_ratio": 1.85,
            "price_fair": 45.92,
            "eps_avg_yearly": 1.31,
            "eps_latest_yearly": 0.16,
            "eps_growth_yearly": 120.2
        },
        "20134": {
            "year_quarter": 20134,
            "year": 2013,
            "quarter": 4,
            "eps": 0.21,
            "eps_growth_year": null,
            "eps_4q": 0.58,
            "eps_4q_growth_year": null,
            "roe": 2.08,
            "gross_profit": 26357,
            "gross_margin": 8.65,
            "net_income": 23080,
            "revenue": 304577,
            "common_shares": 1088598,
            "equity": 1119726,
            "current_ratio": 181.7,
            "debt_ratio": 32.38,
            "inventory_turnover_ratio": 0.91,
            "account_receivable_turnover_ratio": 1.52,
            "reinvestment_rate": null,
            "research_to_sale_ratio": 2.31,
            "price_fair": 33.6,
            "eps_avg_yearly": 0.96,
            "eps_latest_yearly": 0.84,
            "eps_growth_yearly": 382.63
        },
        "20141": {
            "year_quarter": 20141,
            "year": 2014,
            "quarter": 1,
            "eps": 0.23,
            "eps_growth_year": 187.5,
            "eps_4q": 0.69,
            "eps_4q_growth_year": null,
            "roe": 2.2,
            "gross_profit": 62605,
            "gross_margin": 18.6,
            "net_income": 25571,
            "revenue": 336566,
            "common_shares": 1158348,
            "equity": 1204498,
            "current_ratio": 204.64,
            "debt_ratio": 30.13,
            "inventory_turnover_ratio": 0.93,
            "account_receivable_turnover_ratio": 1.81,
            "reinvestment_rate": null,
            "research_to_sale_ratio": 2.09,
            "price_fair": 27.44,
            "eps_avg_yearly": 0.78,
            "eps_latest_yearly": 0.92,
            "eps_growth_yearly": 414.86
        },
        "20142": {
            "year_quarter": 20142,
            "year": 2014,
            "quarter": 2,
            "eps": 0.18,
            "eps_growth_year": -28,
            "eps_4q": 0.62,
            "eps_4q_growth_year": null,
            "roe": 1.7,
            "gross_profit": 64239,
            "gross_margin": 17.4,
            "net_income": 20736,
            "revenue": 369094,
            "common_shares": 1199723,
            "equity": 1242105,
            "current_ratio": 222.04,
            "debt_ratio": 28.61,
            "inventory_turnover_ratio": 0.99,
            "account_receivable_turnover_ratio": 1.92,
            "reinvestment_rate": null,
            "research_to_sale_ratio": 1.99,
            "price_fair": 25.48,
            "eps_avg_yearly": 0.73,
            "eps_latest_yearly": 0.72,
            "eps_growth_yearly": 433.03
        },
        "20143": {
            "year_quarter": 20143,
            "year": 2014,
            "quarter": 3,
            "eps": 0.07,
            "eps_growth_year": 75,
            "eps_4q": 0.62,
            "eps_4q_growth_year": null,
            "roe": 0.65,
            "gross_profit": 40939,
            "gross_margin": 13.08,
            "net_income": 8279,
            "revenue": 313046,
            "common_shares": 1291848,
            "equity": 1301769,
            "current_ratio": 279.32,
            "debt_ratio": 23.24,
            "inventory_turnover_ratio": 0.88,
            "account_receivable_turnover_ratio": 1.73,
            "reinvestment_rate": null,
            "research_to_sale_ratio": 2.23,
            "price_fair": 22.87,
            "eps_avg_yearly": 0.65,
            "eps_latest_yearly": 0.28,
            "eps_growth_yearly": 320.12
        },
        "20144": {
            "year_quarter": 20144,
            "year": 2014,
            "quarter": 4,
            "eps": 0.19,
            "eps_growth_year": -11.02,
            "eps_4q": 0.61,
            "eps_4q_growth_year": 5.04,
            "roe": 1.86,
            "gross_profit": 56013,
            "gross_margin": 17.41,
            "net_income": 24817,
            "revenue": 321730,
            "common_shares": 1314443,
            "equity": 1367756,
            "current_ratio": 429.12,
            "debt_ratio": 16.01,
            "inventory_turnover_ratio": 0.9,
            "account_receivable_turnover_ratio": 1.91,
            "reinvestment_rate": null,
            "research_to_sale_ratio": 2.33,
            "price_fair": 23.4,
            "eps_avg_yearly": 0.67,
            "eps_latest_yearly": 0.76,
            "eps_growth_yearly": 372.34
        },
        "20151": {
            "year_quarter": 20151,
            "year": 2015,
            "quarter": 1,
            "eps": 0.19,
            "eps_growth_year": -17.39,
            "eps_4q": 0.61,
            "eps_4q_growth_year": -12.55,
            "roe": 1.77,
            "gross_profit": 74031,
            "gross_margin": 21.93,
            "net_income": 24218,
            "revenue": 337652,
            "common_shares": 1314443,
            "equity": 1375583,
            "current_ratio": 478.82,
            "debt_ratio": 14.56,
            "inventory_turnover_ratio": 0.95,
            "account_receivable_turnover_ratio": 2.12,
            "reinvestment_rate": null,
            "research_to_sale_ratio": 2.22,
            "price_fair": 23.8,
            "eps_avg_yearly": 0.68,
            "eps_latest_yearly": 0.76,
            "eps_growth_yearly": 325.8
        },
        "20152": {
            "year_quarter": 20152,
            "year": 2015,
            "quarter": 2,
            "eps": 0.25,
            "eps_growth_year": 38.89,
            "eps_4q": 0.69,
            "eps_4q_growth_year": 12.08,
            "roe": 2.32,
            "gross_profit": 81260,
            "gross_margin": 22.1,
            "net_income": 31809,
            "revenue": 367677,
            "common_shares": 1291443,
            "equity": 1368946,
            "current_ratio": 350.3,
            "debt_ratio": 19.17,
            "inventory_turnover_ratio": 1.03,
            "account_receivable_turnover_ratio": 2.18,
            "reinvestment_rate": -2450.09,
            "research_to_sale_ratio": 2.1,
            "price_fair": 25.04,
            "eps_avg_yearly": 0.72,
            "eps_latest_yearly": 1,
            "eps_growth_yearly": 303.64
        },
        "20153": {
            "year_quarter": 20153,
            "year": 2015,
            "quarter": 3,
            "eps": 0.4,
            "eps_growth_year": 471.43,
            "eps_4q": 1.1,
            "eps_4q_growth_year": 78.26,
            "roe": 3.75,
            "gross_profit": 101917,
            "gross_margin": 24.03,
            "net_income": 51002,
            "revenue": 424159,
            "common_shares": 1271443,
            "equity": 1349242,
            "current_ratio": 357.99,
            "debt_ratio": 19.59,
            "inventory_turnover_ratio": 1.2,
            "account_receivable_turnover_ratio": 2.19,
            "reinvestment_rate": -363.97,
            "research_to_sale_ratio": 1.85,
            "price_fair": 28.14,
            "eps_avg_yearly": 0.8,
            "eps_latest_yearly": 1.6,
            "eps_growth_yearly": 297.27
        },
        "20154": {
            "year_quarter": 20154,
            "year": 2015,
            "quarter": 4,
            "eps": 0.28,
            "eps_growth_year": 47.95,
            "eps_4q": 1.19,
            "eps_4q_growth_year": 95.98,
            "roe": 2.44,
            "gross_profit": 91140,
            "gross_margin": 24.03,
            "net_income": 33052,
            "revenue": 379321,
            "common_shares": 1215343,
            "equity": 1358072,
            "current_ratio": 356.3,
            "debt_ratio": 19.87,
            "inventory_turnover_ratio": 1.08,
            "account_receivable_turnover_ratio": 1.8,
            "reinvestment_rate": -141.07,
            "research_to_sale_ratio": 2.37,
            "price_fair": 29.15,
            "eps_avg_yearly": 0.83,
            "eps_latest_yearly": 1.12,
            "eps_growth_yearly": 259.34
        },
        "20161": {
            "year_quarter": 20161,
            "year": 2016,
            "quarter": 1,
            "eps": 0.29,
            "eps_growth_year": 52.63,
            "eps_4q": 1.27,
            "eps_4q_growth_year": 109.21,
            "roe": 2.42,
            "gross_profit": 97365,
            "gross_margin": 25.35,
            "net_income": 33504,
            "revenue": 384119,
            "common_shares": 1178643,
            "equity": 1407049,
            "current_ratio": 375.18,
            "debt_ratio": 18.1,
            "inventory_turnover_ratio": 1.03,
            "account_receivable_turnover_ratio": 2.02,
            "reinvestment_rate": -156.71,
            "research_to_sale_ratio": 2.18,
            "price_fair": 30.1,
            "eps_avg_yearly": 0.86,
            "eps_latest_yearly": 1.16,
            "eps_growth_yearly": 238.92
        },
        "20162": {
            "year_quarter": 20162,
            "year": 2016,
            "quarter": 2,
            "eps": 0.52,
            "eps_growth_year": 108,
            "eps_4q": 1.51,
            "eps_4q_growth_year": 119.48,
            "roe": 4.39,
            "gross_profit": 112306,
            "gross_margin": 26.12,
            "net_income": 60960,
            "revenue": 429993,
            "common_shares": 1178643,
            "equity": 1368369,
            "current_ratio": 281.85,
            "debt_ratio": 23.49,
            "inventory_turnover_ratio": 1.19,
            "account_receivable_turnover_ratio": 2.23,
            "reinvestment_rate": -110.33,
            "research_to_sale_ratio": 2.02,
            "price_fair": 33.38,
            "eps_avg_yearly": 0.95,
            "eps_latest_yearly": 2.08,
            "eps_growth_yearly": 244.94
        },
        "20163": {
            "year_quarter": 20163,
            "year": 2016,
            "quarter": 3,
            "eps": 0.27,
            "eps_growth_year": -32.5,
            "eps_4q": 1.35,
            "eps_4q_growth_year": 22.62,
            "roe": 2.26,
            "gross_profit": 89566,
            "gross_margin": 23.99,
            "net_income": 31348,
            "revenue": 373365,
            "common_shares": 1178643,
            "equity": 1410134,
            "current_ratio": 396.76,
            "debt_ratio": 16.67,
            "inventory_turnover_ratio": 1.05,
            "account_receivable_turnover_ratio": 1.81,
            "reinvestment_rate": -81.57,
            "research_to_sale_ratio": 2.19,
            "price_fair": 33.7,
            "eps_avg_yearly": 0.96,
            "eps_latest_yearly": 1.08,
            "eps_growth_yearly": 213.71
        },
        "20164": {
            "year_quarter": 20164,
            "year": 2016,
            "quarter": 4,
            "eps": 0.49,
            "eps_growth_year": 75.87,
            "eps_4q": 1.56,
            "eps_4q_growth_year": 31.01,
            "roe": 4.06,
            "gross_profit": 105567,
            "gross_margin": 26.48,
            "net_income": 58323,
            "revenue": 398653,
            "common_shares": 1182343,
            "equity": 1466272,
            "current_ratio": 365.54,
            "debt_ratio": 19.03,
            "inventory_turnover_ratio": 0.94,
            "account_receivable_turnover_ratio": 2.07,
            "reinvestment_rate": -51.57,
            "research_to_sale_ratio": 2.05,
            "price_fair": 36.03,
            "eps_avg_yearly": 1.03,
            "eps_latest_yearly": 1.96,
            "eps_growth_yearly": 221.19
        },
        "20171": {
            "year_quarter": 20171,
            "year": 2017,
            "quarter": 1,
            "eps": 0.34,
            "eps_growth_year": 17.24,
            "eps_4q": 1.61,
            "eps_4q_growth_year": 26.95,
            "roe": 2.69,
            "gross_profit": 107932,
            "gross_margin": 23.58,
            "net_income": 39951,
            "revenue": 457661,
            "common_shares": 1182343,
            "equity": 1506686,
            "current_ratio": 377.15,
            "debt_ratio": 18.74,
            "inventory_turnover_ratio": 1.04,
            "account_receivable_turnover_ratio": 2.27,
            "reinvestment_rate": -20.93,
            "research_to_sale_ratio": 1.85,
            "price_fair": 36.75,
            "eps_avg_yearly": 1.05,
            "eps_latest_yearly": 1.36,
            "eps_growth_yearly": 199.71
        },
        "20172": {
            "year_quarter": 20172,
            "year": 2017,
            "quarter": 2,
            "eps": 0.53,
            "eps_growth_year": 1.92,
            "eps_4q": 1.63,
            "eps_4q_growth_year": 7.67,
            "roe": 4.33,
            "gross_profit": 103596,
            "gross_margin": 23.23,
            "net_income": 63190,
            "revenue": 445883,
            "common_shares": 1182343,
            "equity": 1410809,
            "current_ratio": 258.27,
            "debt_ratio": 27.35,
            "inventory_turnover_ratio": 1.02,
            "account_receivable_turnover_ratio": 2.05,
            "reinvestment_rate": -20.44,
            "research_to_sale_ratio": 2.01,
            "price_fair": 39.2,
            "eps_avg_yearly": 1.12,
            "eps_latest_yearly": 2.12,
            "eps_growth_yearly": 160.56
        },
        "20173": {
            "year_quarter": 20173,
            "year": 2017,
            "quarter": 3,
            "eps": 0.42,
            "eps_growth_year": 55.56,
            "eps_4q": 1.79,
            "eps_4q_growth_year": 32.53,
            "roe": 3.47,
            "gross_profit": 93170,
            "gross_margin": 20.14,
            "net_income": 49743,
            "revenue": 462673,
            "common_shares": 1182343,
            "equity": 1458085,
            "current_ratio": 407.3,
            "debt_ratio": 17.69,
            "inventory_turnover_ratio": 1.12,
            "account_receivable_turnover_ratio": 2.04,
            "reinvestment_rate": -15.96,
            "research_to_sale_ratio": 1.87,
            "price_fair": 42.53,
            "eps_avg_yearly": 1.22,
            "eps_latest_yearly": 1.68,
            "eps_growth_yearly": 176.37
        },
        "20174": {
            "year_quarter": 20174,
            "year": 2017,
            "quarter": 4,
            "eps": 0.4,
            "eps_growth_year": -19.41,
            "eps_4q": 1.69,
            "eps_4q_growth_year": 8.55,
            "roe": 3.17,
            "gross_profit": 100463,
            "gross_margin": 23.99,
            "net_income": 47001,
            "revenue": 418745,
            "common_shares": 1182343,
            "equity": 1504592,
            "current_ratio": 357,
            "debt_ratio": 18.61,
            "inventory_turnover_ratio": 0.98,
            "account_receivable_turnover_ratio": 1.94,
            "reinvestment_rate": 2.51,
            "research_to_sale_ratio": 2.07,
            "price_fair": 44.19,
            "eps_avg_yearly": 1.26,
            "eps_latest_yearly": 1.6,
            "eps_growth_yearly": 68.93
        },
        "20181": {
            "year_quarter": 20181,
            "year": 2018,
            "quarter": 1,
            "eps": 0.47,
            "eps_growth_year": 38.24,
            "eps_4q": 1.82,
            "eps_4q_growth_year": 13.08,
            "roe": 3.64,
            "gross_profit": 97338,
            "gross_margin": 22.98,
            "net_income": 55652,
            "revenue": 423488,
            "common_shares": 1182798,
            "equity": 1550882,
            "current_ratio": 375.72,
            "debt_ratio": 18.2,
            "inventory_turnover_ratio": 1,
            "account_receivable_turnover_ratio": 2.05,
            "reinvestment_rate": -67.54,
            "research_to_sale_ratio": 1.87,
            "price_fair": 46.29,
            "eps_avg_yearly": 1.32,
            "eps_latest_yearly": 1.88,
            "eps_growth_yearly": 70.92
        },
        "20182": {
            "year_quarter": 20182,
            "year": 2018,
            "quarter": 2,
            "eps": 0.73,
            "eps_growth_year": 37.74,
            "eps_4q": 2.02,
            "eps_4q_growth_year": 23.76,
            "roe": 5.73,
            "gross_profit": 120928,
            "gross_margin": 25.88,
            "net_income": 86327,
            "revenue": 467302,
            "common_shares": 1182798,
            "equity": 1460304,
            "current_ratio": 251.5,
            "debt_ratio": 27.99,
            "inventory_turnover_ratio": 1.03,
            "account_receivable_turnover_ratio": 2.19,
            "reinvestment_rate": -58.51,
            "research_to_sale_ratio": 1.88,
            "price_fair": 51.1,
            "eps_avg_yearly": 1.46,
            "eps_latest_yearly": 2.92,
            "eps_growth_yearly": 90.19
        },
        "20183": {
            "year_quarter": 20183,
            "year": 2018,
            "quarter": 3,
            "eps": 0.72,
            "eps_growth_year": 71.43,
            "eps_4q": 2.32,
            "eps_4q_growth_year": 29.65,
            "roe": 5.69,
            "gross_profit": 162861,
            "gross_margin": 29.75,
            "net_income": 84965,
            "revenue": 547422,
            "common_shares": 1182798,
            "equity": 1524966,
            "current_ratio": 362.77,
            "debt_ratio": 19.96,
            "inventory_turnover_ratio": 1.05,
            "account_receivable_turnover_ratio": 2.05,
            "reinvestment_rate": -51.55,
            "research_to_sale_ratio": 1.48,
            "price_fair": 56.79,
            "eps_avg_yearly": 1.62,
            "eps_latest_yearly": 2.88,
            "eps_growth_yearly": 105.12
        },
        "20184": {
            "year_quarter": 20184,
            "year": 2018,
            "quarter": 4,
            "eps": 0.6,
            "eps_growth_year": 50.19,
            "eps_4q": 2.52,
            "eps_4q_growth_year": 48.81,
            "roe": 4.55,
            "gross_profit": 134682,
            "gross_margin": 26.52,
            "net_income": 70619,
            "revenue": 507785,
            "common_shares": 1182798,
            "equity": 1575850,
            "current_ratio": 394.75,
            "debt_ratio": 19.09,
            "inventory_turnover_ratio": 0.99,
            "account_receivable_turnover_ratio": 1.77,
            "reinvestment_rate": -47.6,
            "research_to_sale_ratio": 1.4,
            "price_fair": 60.38,
            "eps_avg_yearly": 1.73,
            "eps_latest_yearly": 2.4,
            "eps_growth_yearly": 58.1
        },
        "20191": {
            "year_quarter": 20191,
            "year": 2019,
            "quarter": 1,
            "eps": 0.62,
            "eps_growth_year": 31.91,
            "eps_4q": 2.67,
            "eps_4q_growth_year": 46.3,
            "roe": 4.53,
            "gross_profit": 126954,
            "gross_margin": 25.07,
            "net_income": 73490,
            "revenue": 506421,
            "common_shares": 1182798,
            "equity": 1669667,
            "current_ratio": 396.99,
            "debt_ratio": 19.27,
            "inventory_turnover_ratio": 1.09,
            "account_receivable_turnover_ratio": 1.89,
            "reinvestment_rate": -43.68,
            "research_to_sale_ratio": 1.57,
            "price_fair": 64.14,
            "eps_avg_yearly": 1.83,
            "eps_latest_yearly": 2.48,
            "eps_growth_yearly": 58.93
        },
        "20192": {
            "year_quarter": 20192,
            "year": 2019,
            "quarter": 2,
            "eps": 0.63,
            "eps_growth_year": -13.7,
            "eps_4q": 2.57,
            "eps_4q_growth_year": 27.21,
            "roe": 4.71,
            "gross_profit": 137867,
            "gross_margin": 27.66,
            "net_income": 74612,
            "revenue": 498515,
            "common_shares": 1182798,
            "equity": 1498359,
            "current_ratio": 241.1,
            "debt_ratio": 31.46,
            "inventory_turnover_ratio": 1.03,
            "account_receivable_turnover_ratio": 1.83,
            "reinvestment_rate": -44.22,
            "research_to_sale_ratio": 1.83,
            "price_fair": 67.46,
            "eps_avg_yearly": 1.93,
            "eps_latest_yearly": 2.52,
            "eps_growth_yearly": 51.44
        },
        "20193": {
            "year_quarter": 20193,
            "year": 2019,
            "quarter": 3,
            "eps": 0.56,
            "eps_growth_year": -22.22,
            "eps_4q": 2.41,
            "eps_4q_growth_year": 3.94,
            "roe": 4.26,
            "gross_profit": 128192,
            "gross_margin": 26.34,
            "net_income": 66019,
            "revenue": 486721,
            "common_shares": 1182798,
            "equity": 1599776,
            "current_ratio": 412.73,
            "debt_ratio": 18.18,
            "inventory_turnover_ratio": 0.96,
            "account_receivable_turnover_ratio": 1.88,
            "reinvestment_rate": -40.15,
            "research_to_sale_ratio": 1.77,
            "price_fair": 68.86,
            "eps_avg_yearly": 1.97,
            "eps_latest_yearly": 2.24,
            "eps_growth_yearly": 33.66
        },
        "20194": {
            "year_quarter": 20194,
            "year": 2019,
            "quarter": 4,
            "eps": 0.43,
            "eps_growth_year": -27.38,
            "eps_4q": 2.24,
            "eps_4q_growth_year": -10.81,
            "roe": 3.16,
            "gross_profit": 112415,
            "gross_margin": 26.76,
            "net_income": 51282,
            "revenue": 420095,
            "common_shares": 1182798,
            "equity": 1641522,
            "current_ratio": 456.64,
            "debt_ratio": 16.75,
            "inventory_turnover_ratio": 0.85,
            "account_receivable_turnover_ratio": 1.87,
            "reinvestment_rate": -39.65,
            "research_to_sale_ratio": 1.64,
            "price_fair": 70.18,
            "eps_avg_yearly": 2.01,
            "eps_latest_yearly": 1.72,
            "eps_growth_yearly": 35.36
        },
        "20201": {
            "year_quarter": 20201,
            "year": 2020,
            "quarter": 1,
            "eps": 0.43,
            "eps_growth_year": -30.65,
            "eps_4q": 2.05,
            "eps_4q_growth_year": -23.17,
            "roe": 3.07,
            "gross_profit": 96917,
            "gross_margin": 25.19,
            "net_income": 50412,
            "revenue": 384744,
            "common_shares": 1182798,
            "equity": 1645751,
            "current_ratio": 432.24,
            "debt_ratio": 18.37,
            "inventory_turnover_ratio": 0.79,
            "account_receivable_turnover_ratio": 1.9,
            "reinvestment_rate": -45.58,
            "research_to_sale_ratio": 2.14,
            "price_fair": 71.4,
            "eps_avg_yearly": 2.04,
            "eps_latest_yearly": 1.72,
            "eps_growth_yearly": 34.47
        },
        "20202": {
            "year_quarter": 20202,
            "year": 2020,
            "quarter": 2,
            "eps": 0.75,
            "eps_growth_year": 19.05,
            "eps_4q": 2.17,
            "eps_4q_growth_year": -15.58,
            "roe": 5.55,
            "gross_profit": 168003,
            "gross_margin": 29.23,
            "net_income": 88661,
            "revenue": 574831,
            "common_shares": 1182798,
            "equity": 1548152,
            "current_ratio": 277.51,
            "debt_ratio": 28,
            "inventory_turnover_ratio": 1.08,
            "account_receivable_turnover_ratio": 2.45,
            "reinvestment_rate": -46.95,
            "research_to_sale_ratio": 1.37,
            "price_fair": 73.41,
            "eps_avg_yearly": 2.1,
            "eps_latest_yearly": 3,
            "eps_growth_yearly": 33.25
        },
        "20203": {
            "year_quarter": 20203,
            "year": 2020,
            "quarter": 3,
            "eps": 0.46,
            "eps_growth_year": -17.86,
            "eps_4q": 2.07,
            "eps_4q_growth_year": -14.17,
            "roe": 3.42,
            "gross_profit": 110368,
            "gross_margin": 26.01,
            "net_income": 54041,
            "revenue": 424291,
            "common_shares": 1182798,
            "equity": 1611070,
            "current_ratio": 490.74,
            "debt_ratio": 15.28,
            "inventory_turnover_ratio": 0.91,
            "account_receivable_turnover_ratio": 1.83,
            "reinvestment_rate": -36.54,
            "research_to_sale_ratio": 1.9,
            "price_fair": 75.08,
            "eps_avg_yearly": 2.15,
            "eps_latest_yearly": 1.84,
            "eps_growth_yearly": 35.6
        },
        "20204": {
            "year_quarter": 20204,
            "year": 2020,
            "quarter": 4,
            "eps": 0.43,
            "eps_growth_year": -0.98,
            "eps_4q": 2.06,
            "eps_4q_growth_year": -8.1,
            "roe": 3.08,
            "gross_profit": 90995,
            "gross_margin": 23.26,
            "net_income": 50780,
            "revenue": 391256,
            "common_shares": 1182798,
            "equity": 1689454,
            "current_ratio": 398.5,
            "debt_ratio": 20.02,
            "inventory_turnover_ratio": 0.92,
            "account_receivable_turnover_ratio": 2.06,
            "reinvestment_rate": -35.94,
            "research_to_sale_ratio": 1.95,
            "price_fair": 50.26,
            "eps_avg_yearly": 2.13,
            "eps_latest_yearly": 1.72,
            "eps_growth_yearly": 13.6
        },
        "20211": {
            "year_quarter": 20211,
            "year": 2021,
            "quarter": 1,
            "eps": 0.66,
            "eps_growth_year": 53.49,
            "eps_4q": 2.3,
            "eps_4q_growth_year": 12.17,
            "roe": 4.41,
            "gross_profit": 115516,
            "gross_margin": 26.48,
            "net_income": 78335,
            "revenue": 436307,
            "common_shares": 1182798,
            "equity": 1864285,
            "current_ratio": 384,
            "debt_ratio": 19.45,
            "inventory_turnover_ratio": 0.92,
            "account_receivable_turnover_ratio": 2.25,
            "reinvestment_rate": -33.91,
            "research_to_sale_ratio": 1.72,
            "price_fair": 77.35,
            "eps_avg_yearly": 2.21,
            "eps_latest_yearly": 2.64,
            "eps_growth_yearly": 34.62
        },
        "20212": {
            "year_quarter": 20212,
            "year": 2021,
            "quarter": 2,
            "eps": 0.68,
            "eps_growth_year": -9.33,
            "eps_4q": 2.22,
            "eps_4q_growth_year": 2.6,
            "roe": 4.15,
            "gross_profit": 138275,
            "gross_margin": 26.8,
            "net_income": 79883,
            "revenue": 515996,
            "common_shares": 1182798,
            "equity": 1982802,
            "current_ratio": 354.6,
            "debt_ratio": 20.76,
            "inventory_turnover_ratio": 0.92,
            "account_receivable_turnover_ratio": 2.23,
            "reinvestment_rate": -32.02,
            "research_to_sale_ratio": 1.66,
            "price_fair": 70.59,
            "eps_avg_yearly": 2.25,
            "eps_latest_yearly": 2.72,
            "eps_growth_yearly": 21.41
        },
        "20213": {
            "year_quarter": 20213,
            "year": 2021,
            "quarter": 3,
            "eps": 0.67,
            "eps_growth_year": 45.65,
            "eps_4q": 2.44,
            "eps_4q_growth_year": 17.89,
            "roe": 4.1,
            "gross_profit": 138004,
            "gross_margin": 25.56,
            "net_income": 79114,
            "revenue": 540027,
            "common_shares": 1182798,
            "equity": 1876595,
            "current_ratio": 348.91,
            "debt_ratio": 20.33,
            "inventory_turnover_ratio": 0.83,
            "account_receivable_turnover_ratio": 2.17,
            "reinvestment_rate": -30.29,
            "research_to_sale_ratio": 1.48,
            "price_fair": 80.85,
            "eps_avg_yearly": 2.31,
            "eps_latest_yearly": 2.68,
            "eps_growth_yearly": 26.23
        },
        "20214": {
            "year_quarter": 20214,
            "year": 2021,
            "quarter": 4,
            "eps": 0.61,
            "eps_growth_year": 41.29,
            "eps_4q": 2.61,
            "eps_4q_growth_year": 26.73,
            "roe": 3.7,
            "gross_profit": 118493,
            "gross_margin": 22.23,
            "net_income": 71747,
            "revenue": 533147,
            "common_shares": 1182798,
            "equity": 1999578,
            "current_ratio": 368.85,
            "debt_ratio": 18.9,
            "inventory_turnover_ratio": 0.8,
            "account_receivable_turnover_ratio": 2.26,
            "reinvestment_rate": -38.09,
            "research_to_sale_ratio": 1.19,
            "price_fair": 82.69,
            "eps_avg_yearly": 2.36,
            "eps_latest_yearly": 2.44,
            "eps_growth_yearly": 25.18
        },
        "20221": {
            "year_quarter": 20221,
            "year": 2022,
            "quarter": 1,
            "eps": 0.61,
            "eps_growth_year": -7.58,
            "eps_4q": 2.56,
            "eps_4q_growth_year": 11.41,
            "roe": 3.58,
            "gross_profit": 107133,
            "gross_margin": 22.1,
            "net_income": 72090,
            "revenue": 484655,
            "common_shares": 1182798,
            "equity": 2024334,
            "current_ratio": 393.5,
            "debt_ratio": 18.34,
            "inventory_turnover_ratio": 0.7,
            "account_receivable_turnover_ratio": 2.1,
            "reinvestment_rate": 2.33,
            "research_to_sale_ratio": 1.72,
            "price_fair": 73.86,
            "eps_avg_yearly": 2.4,
            "eps_latest_yearly": 2.44,
            "eps_growth_yearly": 20.81
        },
        "20222": {
            "year_quarter": 20222,
            "year": 2022,
            "quarter": 2,
            "eps": 1.09,
            "eps_growth_year": 60.29,
            "eps_4q": 2.97,
            "eps_4q_growth_year": 33.76,
            "roe": 6.65,
            "gross_profit": 164893,
            "gross_margin": 27.89,
            "net_income": 128891,
            "revenue": 591321,
            "common_shares": 1182798,
            "equity": 1852958,
            "current_ratio": 223.19,
            "debt_ratio": 31.15,
            "inventory_turnover_ratio": 0.73,
            "account_receivable_turnover_ratio": 2.14,
            "reinvestment_rate": 2.52,
            "research_to_sale_ratio": 1.54,
            "price_fair": 87.06,
            "eps_avg_yearly": 2.49,
            "eps_latest_yearly": 4.36,
            "eps_growth_yearly": 26.65
        },
        "20223": {
            "year_quarter": 20223,
            "year": 2022,
            "quarter": 3,
            "eps": 1.1,
            "eps_growth_year": 64.18,
            "eps_4q": 3.41,
            "eps_4q_growth_year": 39.87,
            "roe": 6.84,
            "gross_profit": 193738,
            "gross_margin": 29.39,
            "net_income": 130264,
            "revenue": 659184,
            "common_shares": 1182798,
            "equity": 1957142,
            "current_ratio": 314.49,
            "debt_ratio": 21.07,
            "inventory_turnover_ratio": 0.73,
            "account_receivable_turnover_ratio": 2.09,
            "reinvestment_rate": 3.03,
            "research_to_sale_ratio": 1.38,
            "price_fair": 90.39,
            "eps_avg_yearly": 2.58,
            "eps_latest_yearly": 4.4,
            "eps_growth_yearly": 27.22
        },
        "20224": {
            "year_quarter": 20224,
            "year": 2022,
            "quarter": 4,
            "eps": 1.02,
            "eps_growth_year": 67.87,
            "eps_4q": 3.82,
            "eps_4q_growth_year": 46.14,
            "roe": 5.95,
            "gross_profit": 225348,
            "gross_margin": 32.82,
            "net_income": 120439,
            "revenue": 686519,
            "common_shares": 1182798,
            "equity": 2089766,
            "current_ratio": 351.2,
            "debt_ratio": 18.95,
            "inventory_turnover_ratio": 0.77,
            "account_receivable_turnover_ratio": 2.06,
            "reinvestment_rate": 5.46,
            "research_to_sale_ratio": 1.33,
            "price_fair": 94.06,
            "eps_avg_yearly": 2.69,
            "eps_latest_yearly": 4.08,
            "eps_growth_yearly": 29.57
        },
        "20231": {
            "year_quarter": 20231,
            "year": 2023,
            "quarter": 1,
            "eps": 0.78,
            "eps_growth_year": 27.87,
            "eps_4q": 3.99,
            "eps_4q_growth_year": 55.93,
            "roe": 4.25,
            "gross_profit": 165679,
            "gross_margin": 27.63,
            "net_income": 92614,
            "revenue": 599646,
            "common_shares": 1182798,
            "equity": 2263651,
            "current_ratio": 382.89,
            "debt_ratio": 17.15,
            "inventory_turnover_ratio": 0.85,
            "account_receivable_turnover_ratio": 2.01,
            "reinvestment_rate": 5.58,
            "research_to_sale_ratio": 1.54,
            "price_fair": 89.61,
            "eps_avg_yearly": 2.73,
            "eps_latest_yearly": 3.12,
            "eps_growth_yearly": 22.85
        }
    },
    "months": {
        "2003-10": {
            "month": "2003-10",
            "price": "18.81",
            "revenue": 83175
        },
        "2003-11": {
            "month": "2003-11",
            "price": "19.00",
            "revenue": 92075
        },
        "2003-12": {
            "month": "2003-12",
            "price": "20.32",
            "revenue": 97853
        },
        "2004-01": {
            "month": "2004-01",
            "price": "28.49",
            "revenue": 68890
        },
        "2004-02": {
            "month": "2004-02",
            "price": "26.24",
            "revenue": 133348
        },
        "2004-03": {
            "month": "2004-03",
            "price": "31.11",
            "revenue": 150653
        },
        "2004-04": {
            "month": "2004-04",
            "price": "32.31",
            "revenue": 174792
        },
        "2004-05": {
            "month": "2004-05",
            "price": "25.27",
            "revenue": 153811
        },
        "2004-06": {
            "month": "2004-06",
            "price": "21.73",
            "revenue": 158106
        },
        "2004-07": {
            "month": "2004-07",
            "price": "18.49",
            "revenue": 145024
        },
        "2004-08": {
            "month": "2004-08",
            "price": "15.62",
            "revenue": 157271
        },
        "2004-09": {
            "month": "2004-09",
            "price": "15.93",
            "revenue": 158895
        },
        "2004-10": {
            "month": "2004-10",
            "price": "13.94",
            "revenue": 152201
        },
        "2004-11": {
            "month": "2004-11",
            "price": "12.39",
            "revenue": 148647
        },
        "2004-12": {
            "month": "2004-12",
            "price": "12.42",
            "revenue": 169750
        },
        "2005-01": {
            "month": "2005-01",
            "price": "11.61",
            "revenue": 188494
        },
        "2005-02": {
            "month": "2005-02",
            "price": "13.04",
            "revenue": 85325
        },
        "2005-03": {
            "month": "2005-03",
            "price": "14.10",
            "revenue": 86678
        },
        "2005-04": {
            "month": "2005-04",
            "price": "12.88",
            "revenue": 96081
        },
        "2005-05": {
            "month": "2005-05",
            "price": "11.12",
            "revenue": 90244
        },
        "2005-06": {
            "month": "2005-06",
            "price": "11.71",
            "revenue": 61513
        },
        "2005-07": {
            "month": "2005-07",
            "price": "12.38",
            "revenue": 90392
        },
        "2005-08": {
            "month": "2005-08",
            "price": "10.85",
            "revenue": 114905
        },
        "2005-09": {
            "month": "2005-09",
            "price": "8.57",
            "revenue": 123059
        },
        "2005-10": {
            "month": "2005-10",
            "price": "8.45",
            "revenue": 113457
        },
        "2005-11": {
            "month": "2005-11",
            "price": "7.18",
            "revenue": 151819
        },
        "2005-12": {
            "month": "2005-12",
            "price": "9.32",
            "revenue": 130587
        },
        "2006-01": {
            "month": "2006-01",
            "price": "11.30",
            "revenue": 101161
        },
        "2006-02": {
            "month": "2006-02",
            "price": "9.04",
            "revenue": 78731
        },
        "2006-03": {
            "month": "2006-03",
            "price": "8.37",
            "revenue": 140508
        },
        "2006-04": {
            "month": "2006-04",
            "price": "9.43",
            "revenue": 124925
        },
        "2006-05": {
            "month": "2006-05",
            "price": "8.64",
            "revenue": 122164
        },
        "2006-06": {
            "month": "2006-06",
            "price": "8.49",
            "revenue": 145039
        },
        "2006-07": {
            "month": "2006-07",
            "price": "12.36",
            "revenue": 160634
        },
        "2006-08": {
            "month": "2006-08",
            "price": "10.83",
            "revenue": 113477
        },
        "2006-09": {
            "month": "2006-09",
            "price": "8.97",
            "revenue": 104491
        },
        "2006-10": {
            "month": "2006-10",
            "price": "9.32",
            "revenue": 93067
        },
        "2006-11": {
            "month": "2006-11",
            "price": "10.42",
            "revenue": 98501
        },
        "2006-12": {
            "month": "2006-12",
            "price": "11.54",
            "revenue": 96047
        },
        "2007-01": {
            "month": "2007-01",
            "price": "12.93",
            "revenue": 122423
        },
        "2007-02": {
            "month": "2007-02",
            "price": "12.88",
            "revenue": 62620
        },
        "2007-03": {
            "month": "2007-03",
            "price": "12.73",
            "revenue": 123703
        },
        "2007-04": {
            "month": "2007-04",
            "price": "15.04",
            "revenue": 96569
        },
        "2007-05": {
            "month": "2007-05",
            "price": "14.30",
            "revenue": 88671
        },
        "2007-06": {
            "month": "2007-06",
            "price": "24.44",
            "revenue": 126826
        },
        "2007-07": {
            "month": "2007-07",
            "price": "33.41",
            "revenue": 140619
        },
        "2007-08": {
            "month": "2007-08",
            "price": "31.62",
            "revenue": 139190
        },
        "2007-09": {
            "month": "2007-09",
            "price": "24.62",
            "revenue": 120276
        },
        "2007-10": {
            "month": "2007-10",
            "price": "22.31",
            "revenue": 135759
        },
        "2007-11": {
            "month": "2007-11",
            "price": "18.35",
            "revenue": 119284
        },
        "2007-12": {
            "month": "2007-12",
            "price": "14.34",
            "revenue": 92232
        },
        "2008-01": {
            "month": "2008-01",
            "price": "12.11",
            "revenue": 98677
        },
        "2008-02": {
            "month": "2008-02",
            "price": "11.88",
            "revenue": 63607
        },
        "2008-03": {
            "month": "2008-03",
            "price": "14.09",
            "revenue": 128416
        },
        "2008-04": {
            "month": "2008-04",
            "price": "16.49",
            "revenue": 133656
        },
        "2008-05": {
            "month": "2008-05",
            "price": "14.52",
            "revenue": 104918
        },
        "2008-06": {
            "month": "2008-06",
            "price": "11.87",
            "revenue": 86174
        },
        "2008-07": {
            "month": "2008-07",
            "price": "7.67",
            "revenue": 96026
        },
        "2008-08": {
            "month": "2008-08",
            "price": "7.35",
            "revenue": 126262
        },
        "2008-09": {
            "month": "2008-09",
            "price": "5.72",
            "revenue": 168783
        },
        "2008-10": {
            "month": "2008-10",
            "price": "4.59",
            "revenue": 152059
        },
        "2008-11": {
            "month": "2008-11",
            "price": "3.34",
            "revenue": 107496
        },
        "2008-12": {
            "month": "2008-12",
            "price": "3.39",
            "revenue": 70446
        },
        "2009-01": {
            "month": "2009-01",
            "price": "3.49",
            "revenue": 56889
        },
        "2009-02": {
            "month": "2009-02",
            "price": "3.55",
            "revenue": 51143
        },
        "2009-03": {
            "month": "2009-03",
            "price": "5.08",
            "revenue": 68086
        },
        "2009-04": {
            "month": "2009-04",
            "price": "6.98",
            "revenue": 72666
        },
        "2009-05": {
            "month": "2009-05",
            "price": "7.67",
            "revenue": 63973
        },
        "2009-06": {
            "month": "2009-06",
            "price": "9.71",
            "revenue": 89240
        },
        "2009-07": {
            "month": "2009-07",
            "price": "10.42",
            "revenue": 89789
        },
        "2009-08": {
            "month": "2009-08",
            "price": "12.14",
            "revenue": 105163
        },
        "2009-09": {
            "month": "2009-09",
            "price": "12.34",
            "revenue": 116736
        },
        "2009-10": {
            "month": "2009-10",
            "price": "11.71",
            "revenue": 104642
        },
        "2009-11": {
            "month": "2009-11",
            "price": "11.80",
            "revenue": 129513
        },
        "2009-12": {
            "month": "2009-12",
            "price": "17.46",
            "revenue": 108800
        },
        "2010-01": {
            "month": "2010-01",
            "price": "17.16",
            "revenue": 117820
        },
        "2010-02": {
            "month": "2010-02",
            "price": "15.01",
            "revenue": 76724
        },
        "2010-03": {
            "month": "2010-03",
            "price": "19.76",
            "revenue": 170086
        },
        "2010-04": {
            "month": "2010-04",
            "price": "24.04",
            "revenue": 120263
        },
        "2010-05": {
            "month": "2010-05",
            "price": "22.18",
            "revenue": 154151
        },
        "2010-06": {
            "month": "2010-06",
            "price": "23.16",
            "revenue": 131351
        },
        "2010-07": {
            "month": "2010-07",
            "price": "21.95",
            "revenue": 144622
        },
        "2010-08": {
            "month": "2010-08",
            "price": "19.64",
            "revenue": 134435
        },
        "2010-09": {
            "month": "2010-09",
            "price": "18.32",
            "revenue": 130038
        },
        "2010-10": {
            "month": "2010-10",
            "price": "17.04",
            "revenue": 112792
        },
        "2010-11": {
            "month": "2010-11",
            "price": "14.31",
            "revenue": 110421
        },
        "2010-12": {
            "month": "2010-12",
            "price": "15.06",
            "revenue": 88208
        },
        "2011-01": {
            "month": "2011-01",
            "price": "13.80",
            "revenue": 70212
        },
        "2011-02": {
            "month": "2011-02",
            "price": "13.25",
            "revenue": 72110
        },
        "2011-03": {
            "month": "2011-03",
            "price": "14.77",
            "revenue": 140607
        },
        "2011-04": {
            "month": "2011-04",
            "price": "16.15",
            "revenue": 107967
        },
        "2011-05": {
            "month": "2011-05",
            "price": "13.10",
            "revenue": 142820
        },
        "2011-06": {
            "month": "2011-06",
            "price": "12.04",
            "revenue": 139224
        },
        "2011-07": {
            "month": "2011-07",
            "price": "10.28",
            "revenue": 113433
        },
        "2011-08": {
            "month": "2011-08",
            "price": "7.76",
            "revenue": 129594
        },
        "2011-09": {
            "month": "2011-09",
            "price": "7.14",
            "revenue": 145685
        },
        "2011-10": {
            "month": "2011-10",
            "price": "7.10",
            "revenue": 108535
        },
        "2011-11": {
            "month": "2011-11",
            "price": "5.83",
            "revenue": 113532
        },
        "2011-12": {
            "month": "2011-12",
            "price": "4.86",
            "revenue": 108869
        },
        "2012-01": {
            "month": "2012-01",
            "price": "5.16",
            "revenue": 85745
        },
        "2012-02": {
            "month": "2012-02",
            "price": "7.23",
            "revenue": 87944
        },
        "2012-03": {
            "month": "2012-03",
            "price": "6.91",
            "revenue": 108455
        },
        "2012-04": {
            "month": "2012-04",
            "price": "5.91",
            "revenue": 103821
        },
        "2012-05": {
            "month": "2012-05",
            "price": "5.88",
            "revenue": 106614
        },
        "2012-06": {
            "month": "2012-06",
            "price": "5.30",
            "revenue": 94106
        },
        "2012-07": {
            "month": "2012-07",
            "price": "5.24",
            "revenue": 99534
        },
        "2012-08": {
            "month": "2012-08",
            "price": "5.19",
            "revenue": 114762
        },
        "2012-09": {
            "month": "2012-09",
            "price": "5.53",
            "revenue": 108752
        },
        "2012-10": {
            "month": "2012-10",
            "price": "5.19",
            "revenue": 89805
        },
        "2012-11": {
            "month": "2012-11",
            "price": "4.68",
            "revenue": 107599
        },
        "2012-12": {
            "month": "2012-12",
            "price": "4.96",
            "revenue": 97474
        },
        "2013-01": {
            "month": "2013-01",
            "price": "5.17",
            "revenue": 100755
        },
        "2013-02": {
            "month": "2013-02",
            "price": "5.23",
            "revenue": 65342
        },
        "2013-03": {
            "month": "2013-03",
            "price": "6.09",
            "revenue": 141186
        },
        "2013-04": {
            "month": "2013-04",
            "price": "7.52",
            "revenue": 116407
        },
        "2013-05": {
            "month": "2013-05",
            "price": "8.71",
            "revenue": 136272
        },
        "2013-06": {
            "month": "2013-06",
            "price": "8.61",
            "revenue": 146495
        },
        "2013-07": {
            "month": "2013-07",
            "price": "8.34",
            "revenue": 126035
        },
        "2013-08": {
            "month": "2013-08",
            "price": "8.21",
            "revenue": 119170
        },
        "2013-09": {
            "month": "2013-09",
            "price": "8.12",
            "revenue": 129055
        },
        "2013-10": {
            "month": "2013-10",
            "price": "7.61",
            "revenue": 103120
        },
        "2013-11": {
            "month": "2013-11",
            "price": "6.96",
            "revenue": 98805
        },
        "2013-12": {
            "month": "2013-12",
            "price": "6.99",
            "revenue": 102652
        },
        "2014-01": {
            "month": "2014-01",
            "price": "7.77",
            "revenue": 114353
        },
        "2014-02": {
            "month": "2014-02",
            "price": "8.79",
            "revenue": 90361
        },
        "2014-03": {
            "month": "2014-03",
            "price": "10.01",
            "revenue": 131852
        },
        "2014-04": {
            "month": "2014-04",
            "price": "9.62",
            "revenue": 131643
        },
        "2014-05": {
            "month": "2014-05",
            "price": "9.48",
            "revenue": 118089
        },
        "2014-06": {
            "month": "2014-06",
            "price": "9.74",
            "revenue": 119361
        },
        "2014-07": {
            "month": "2014-07",
            "price": "9.77",
            "revenue": 90553
        },
        "2014-08": {
            "month": "2014-08",
            "price": "9.09",
            "revenue": 117053
        },
        "2014-09": {
            "month": "2014-09",
            "price": "9.21",
            "revenue": 106062
        },
        "2014-10": {
            "month": "2014-10",
            "price": "7.66",
            "revenue": 111172
        },
        "2014-11": {
            "month": "2014-11",
            "price": "7.26",
            "revenue": 96364
        },
        "2014-12": {
            "month": "2014-12",
            "price": "7.59",
            "revenue": 113571
        },
        "2015-01": {
            "month": "2015-01",
            "price": "8.22",
            "revenue": 136227
        },
        "2015-02": {
            "month": "2015-02",
            "price": "8.22",
            "revenue": 80729
        },
        "2015-03": {
            "month": "2015-03",
            "price": "8.35",
            "revenue": 120696
        },
        "2015-04": {
            "month": "2015-04",
            "price": "8.25",
            "revenue": 134619
        },
        "2015-05": {
            "month": "2015-05",
            "price": "8.48",
            "revenue": 113956
        },
        "2015-06": {
            "month": "2015-06",
            "price": "7.73",
            "revenue": 119102
        },
        "2015-07": {
            "month": "2015-07",
            "price": "7.65",
            "revenue": 138363
        },
        "2015-08": {
            "month": "2015-08",
            "price": "7.60",
            "revenue": 138385
        },
        "2015-09": {
            "month": "2015-09",
            "price": "8.46",
            "revenue": 147412
        },
        "2015-10": {
            "month": "2015-10",
            "price": "9.41",
            "revenue": 117682
        },
        "2015-11": {
            "month": "2015-11",
            "price": "9.90",
            "revenue": 125930
        },
        "2015-12": {
            "month": "2015-12",
            "price": "10.69",
            "revenue": 135708
        },
        "2016-01": {
            "month": "2016-01",
            "price": "10.06",
            "revenue": 150988
        },
        "2016-02": {
            "month": "2016-02",
            "price": "12.33",
            "revenue": 94040
        },
        "2016-03": {
            "month": "2016-03",
            "price": "14.74",
            "revenue": 139091
        },
        "2016-04": {
            "month": "2016-04",
            "price": "13.64",
            "revenue": 134920
        },
        "2016-05": {
            "month": "2016-05",
            "price": "12.82",
            "revenue": 137927
        },
        "2016-06": {
            "month": "2016-06",
            "price": "13.51",
            "revenue": 157146
        },
        "2016-07": {
            "month": "2016-07",
            "price": "15.58",
            "revenue": 129806
        },
        "2016-08": {
            "month": "2016-08",
            "price": "15.22",
            "revenue": 113087
        },
        "2016-09": {
            "month": "2016-09",
            "price": "14.15",
            "revenue": 130472
        },
        "2016-10": {
            "month": "2016-10",
            "price": "13.67",
            "revenue": 121721
        },
        "2016-11": {
            "month": "2016-11",
            "price": "12.73",
            "revenue": 139469
        },
        "2016-12": {
            "month": "2016-12",
            "price": "12.69",
            "revenue": 137463
        },
        "2017-01": {
            "month": "2017-01",
            "price": "13.77",
            "revenue": 147388
        },
        "2017-02": {
            "month": "2017-02",
            "price": "14.91",
            "revenue": 140032
        },
        "2017-03": {
            "month": "2017-03",
            "price": "16.02",
            "revenue": 170241
        },
        "2017-04": {
            "month": "2017-04",
            "price": "16.61",
            "revenue": 123985
        },
        "2017-05": {
            "month": "2017-05",
            "price": "16.27",
            "revenue": 157422
        },
        "2017-06": {
            "month": "2017-06",
            "price": "16.77",
            "revenue": 164476
        },
        "2017-07": {
            "month": "2017-07",
            "price": "16.87",
            "revenue": 142367
        },
        "2017-08": {
            "month": "2017-08",
            "price": "18.38",
            "revenue": 170126
        },
        "2017-09": {
            "month": "2017-09",
            "price": "18.68",
            "revenue": 150178
        },
        "2017-10": {
            "month": "2017-10",
            "price": "17.96",
            "revenue": 134282
        },
        "2017-11": {
            "month": "2017-11",
            "price": "17.32",
            "revenue": 143699
        },
        "2017-12": {
            "month": "2017-12",
            "price": "16.80",
            "revenue": 140764
        },
        "2018-01": {
            "month": "2018-01",
            "price": "17.40",
            "revenue": 143746
        },
        "2018-02": {
            "month": "2018-02",
            "price": "16.52",
            "revenue": 104761
        },
        "2018-03": {
            "month": "2018-03",
            "price": "16.84",
            "revenue": 174981
        },
        "2018-04": {
            "month": "2018-04",
            "price": "17.79",
            "revenue": 148274
        },
        "2018-05": {
            "month": "2018-05",
            "price": "17.95",
            "revenue": 159464
        },
        "2018-06": {
            "month": "2018-06",
            "price": "18.32",
            "revenue": 159565
        },
        "2018-07": {
            "month": "2018-07",
            "price": "18.81",
            "revenue": 161422
        },
        "2018-08": {
            "month": "2018-08",
            "price": "18.87",
            "revenue": 197875
        },
        "2018-09": {
            "month": "2018-09",
            "price": "18.73",
            "revenue": 188124
        },
        "2018-10": {
            "month": "2018-10",
            "price": "17.50",
            "revenue": 171430
        },
        "2018-11": {
            "month": "2018-11",
            "price": "18.42",
            "revenue": 160669
        },
        "2018-12": {
            "month": "2018-12",
            "price": "18.77",
            "revenue": 175686
        },
        "2019-01": {
            "month": "2019-01",
            "price": "19.77",
            "revenue": 194312
        },
        "2019-02": {
            "month": "2019-02",
            "price": "22.50",
            "revenue": 131718
        },
        "2019-03": {
            "month": "2019-03",
            "price": "24.53",
            "revenue": 180392
        },
        "2019-04": {
            "month": "2019-04",
            "price": "26.19",
            "revenue": 133969
        },
        "2019-05": {
            "month": "2019-05",
            "price": "23.59",
            "revenue": 191438
        },
        "2019-06": {
            "month": "2019-06",
            "price": "24.61",
            "revenue": 173108
        },
        "2019-07": {
            "month": "2019-07",
            "price": "25.65",
            "revenue": 165380
        },
        "2019-08": {
            "month": "2019-08",
            "price": "24.23",
            "revenue": 159240
        },
        "2019-09": {
            "month": "2019-09",
            "price": "22.58",
            "revenue": 162100
        },
        "2019-10": {
            "month": "2019-10",
            "price": "22.19",
            "revenue": 137620
        },
        "2019-11": {
            "month": "2019-11",
            "price": "21.23",
            "revenue": 144218
        },
        "2019-12": {
            "month": "2019-12",
            "price": "21.18",
            "revenue": 138256
        },
        "2020-01": {
            "month": "2020-01",
            "price": "20.77",
            "revenue": 111469
        },
        "2020-02": {
            "month": "2020-02",
            "price": "20.02",
            "revenue": 134306
        },
        "2020-03": {
            "month": "2020-03",
            "price": "18.04",
            "revenue": 138969
        },
        "2020-04": {
            "month": "2020-04",
            "price": "19.58",
            "revenue": 206943
        },
        "2020-05": {
            "month": "2020-05",
            "price": "21.63",
            "revenue": 179243
        },
        "2020-06": {
            "month": "2020-06",
            "price": "22.02",
            "revenue": 188645
        },
        "2020-07": {
            "month": "2020-07",
            "price": "22.62",
            "revenue": 145751
        },
        "2020-08": {
            "month": "2020-08",
            "price": "21.26",
            "revenue": 142549
        },
        "2020-09": {
            "month": "2020-09",
            "price": "19.48",
            "revenue": 135991
        },
        "2020-10": {
            "month": "2020-10",
            "price": "19.08",
            "revenue": 108378
        },
        "2020-11": {
            "month": "2020-11",
            "price": "19.72",
            "revenue": 132824
        },
        "2020-12": {
            "month": "2020-12",
            "price": "20.52",
            "revenue": 150088
        },
        "2021-01": {
            "month": "2021-01",
            "price": "20.83",
            "revenue": 172457
        },
        "2021-02": {
            "month": "2021-02",
            "price": "21.47",
            "revenue": 102211
        },
        "2021-03": {
            "month": "2021-03",
            "price": "23.64",
            "revenue": 161639
        },
        "2021-04": {
            "month": "2021-04",
            "price": "25.66",
            "revenue": 151643
        },
        "2021-05": {
            "month": "2021-05",
            "price": "23.55",
            "revenue": 169754
        },
        "2021-06": {
            "month": "2021-06",
            "price": "23.70",
            "revenue": 194600
        },
        "2021-07": {
            "month": "2021-07",
            "price": "24.57",
            "revenue": 204961
        },
        "2021-08": {
            "month": "2021-08",
            "price": "24.62",
            "revenue": 185305
        },
        "2021-09": {
            "month": "2021-09",
            "price": "23.04",
            "revenue": 149761
        },
        "2021-10": {
            "month": "2021-10",
            "price": "23.16",
            "revenue": 163474
        },
        "2021-11": {
            "month": "2021-11",
            "price": "24.81",
            "revenue": 180714
        },
        "2021-12": {
            "month": "2021-12",
            "price": "25.13",
            "revenue": 188958
        },
        "2022-01": {
            "month": "2022-01",
            "price": "25.68",
            "revenue": 173661
        },
        "2022-02": {
            "month": "2022-02",
            "price": "25.63",
            "revenue": 116583
        },
        "2022-03": {
            "month": "2022-03",
            "price": "26.52",
            "revenue": 194411
        },
        "2022-04": {
            "month": "2022-04",
            "price": "25.93",
            "revenue": 163212
        },
        "2022-05": {
            "month": "2022-05",
            "price": "24.98",
            "revenue": 189507
        },
        "2022-06": {
            "month": "2022-06",
            "price": "25.32",
            "revenue": 238601
        },
        "2022-07": {
            "month": "2022-07",
            "price": "25.41",
            "revenue": 208836
        },
        "2022-08": {
            "month": "2022-08",
            "price": "26.43",
            "revenue": 243613
        },
        "2022-09": {
            "month": "2022-09",
            "price": "28.71",
            "revenue": 206736
        },
        "2022-10": {
            "month": "2022-10",
            "price": "26.71",
            "revenue": 179827
        },
        "2022-11": {
            "month": "2022-11",
            "price": "27.54",
            "revenue": 246056
        },
        "2022-12": {
            "month": "2022-12",
            "price": "29.81",
            "revenue": 260636
        },
        "2023-01": {
            "month": "2023-01",
            "price": "31.40",
            "revenue": 157946
        },
        "2023-02": {
            "month": "2023-02",
            "price": "33.86",
            "revenue": 214310
        },
        "2023-03": {
            "month": "2023-03",
            "price": "38.91",
            "revenue": 227390
        },
        "2023-04": {
            "month": "2023-04",
            "price": "38.78",
            "revenue": 147817
        }
    }
}
