{
    "summary": {
        "stock_name": "廣積",
        "stock_id": "8050",
        "category": "電腦及週邊設備",
        "main_business": "工業用主機板<br>嵌入式電腦系統<br>工業觸控電腦",
        "website_url": "http://www.ibase.com.tw",
        "ceo": "陳友南",
        "pe_ratio": 13,
        "report_year_from": 2002,
        "report_year_to": 2023,
        "age": 21,
        "eps_negative_percentage": 0,
        "eps_growth_avg": {
            "last_all": 9.17,
            "last_2y": 45.36,
            "last_4y": 21.78,
            "last_8y": 14.52,
            "last_12y": 10.81,
            "last_16y": 5.72,
            "last_20y": null,
            "at_2006_last_3y": 23.05,
            "at_2007_last_3y": 5.64,
            "at_2008_last_3y": -5.41,
            "at_2009_last_3y": -10.82,
            "at_2010_last_3y": -6.75,
            "at_2011_last_3y": -10.02,
            "at_2012_last_3y": -2.24,
            "at_2013_last_3y": 2.45,
            "at_2014_last_3y": 8.35,
            "at_2015_last_3y": 6.32,
            "at_2016_last_3y": 12.26,
            "at_2017_last_3y": 5.45,
            "at_2018_last_3y": -7.06,
            "at_2019_last_3y": -15.12,
            "at_2020_last_3y": -35.8,
            "at_2021_last_3y": 2.22,
            "at_2022_last_3y": 28.27,
            "at_2023_last_3y": 28.27,
            "at_2006_last_all": 23.05,
            "at_2007_last_all": 24.52,
            "at_2008_last_all": 14.42,
            "at_2009_last_all": 6.13,
            "at_2010_last_all": 8.15,
            "at_2011_last_all": 9.17,
            "at_2012_last_all": 7.76,
            "at_2013_last_all": 4.79,
            "at_2014_last_all": 8.21,
            "at_2015_last_all": 8.29,
            "at_2016_last_all": 9.04,
            "at_2017_last_all": 4.97,
            "at_2018_last_all": 4.4,
            "at_2019_last_all": 2.78,
            "at_2020_last_all": -0.92,
            "at_2021_last_all": 4.39,
            "at_2022_last_all": 9.17,
            "at_2023_last_all": 9.17
        },
        "latest_eps": 6.53,
        "latest_price": 85,
        "latest_roe": 18.16,
        "latest_gross_margin": 28.09,
        "latest_equity": 7787722,
        "latest_revenue": 1617116,
        "latest_gross_profit": 454278,
        "latest_net_income": 233714,
        "latest_debt_ratio": 38.24,
        "latest_current_ratio": 330.26,
        "latest_account_receivable_turnover_ratio": 1.38,
        "latest_inventory_turnover_ratio": 0.52,
        "latest_reinvestment_rate": 139.5,
        "latest_research_to_sale_ratio": 4.88
    },
    "eps_dividends": {
        "2001": {
            "cash": 0,
            "stock": 0,
            "eps": 0
        },
        "2002": {
            "cash": 0,
            "stock": 4,
            "eps": 1.73
        },
        "2003": {
            "cash": 1,
            "stock": 1.5,
            "eps": 6.73
        },
        "2004": {
            "cash": 2,
            "stock": 2.5,
            "eps": 7.28
        },
        "2005": {
            "cash": 1.36,
            "stock": 2.73,
            "eps": 5.68
        },
        "2006": {
            "cash": 2.51,
            "stock": 1.5,
            "eps": 6.02
        },
        "2007": {
            "cash": 3.29,
            "stock": 1,
            "eps": 7.85
        },
        "2008": {
            "cash": 4.02,
            "stock": 1.01,
            "eps": 5.02
        },
        "2009": {
            "cash": 2,
            "stock": 0.5,
            "eps": 2.83
        },
        "2010": {
            "cash": 2.3,
            "stock": 0.2,
            "eps": 3.46
        },
        "2011": {
            "cash": 3,
            "stock": 0.3,
            "eps": 4.06
        },
        "2012": {
            "cash": 3,
            "stock": 0.5,
            "eps": 3.86
        },
        "2013": {
            "cash": 3,
            "stock": 0.5,
            "eps": 2.9
        },
        "2014": {
            "cash": 4.5,
            "stock": 0.5,
            "eps": 4.23
        },
        "2015": {
            "cash": 3.38,
            "stock": 0.5,
            "eps": 4.62
        },
        "2016": {
            "cash": 3.5,
            "stock": 0.38,
            "eps": 5.49
        },
        "2017": {
            "cash": 4,
            "stock": 0.38,
            "eps": 2.63
        },
        "2018": {
            "cash": 2.5,
            "stock": 0,
            "eps": 2.52
        },
        "2019": {
            "cash": 2,
            "stock": 0,
            "eps": 1.94
        },
        "2020": {
            "cash": 2,
            "stock": 0,
            "eps": 0.7
        },
        "2021": {
            "cash": 1.8,
            "stock": 0,
            "eps": 2.22
        },
        "2022": {
            "cash": 2.18,
            "stock": 0,
            "eps": 8.72
        },
        "2023": {
            "cash": 5.6,
            "stock": 0,
            "eps": 1.87
        }
    },
    "dividends": {
        "2002-04-15": {
            "cash": 0,
            "stock": 4
        },
        "2003-06-18": {
            "cash": 1,
            "stock": 1.5
        },
        "2004-05-21": {
            "cash": 2,
            "stock": 2.5
        },
        "2005-02-18": {
            "cash": 1.36,
            "stock": 2.73
        },
        "2006-03-31": {
            "cash": 2.51,
            "stock": 1.5
        },
        "2007-04-02": {
            "cash": 3.29,
            "stock": 1
        },
        "2008-04-23": {
            "cash": 4.02,
            "stock": 1.01
        },
        "2009-03-24": {
            "cash": 2,
            "stock": 0.5
        },
        "2010-04-27": {
            "cash": 2.3,
            "stock": 0.2
        },
        "2011-05-03": {
            "cash": 3,
            "stock": 0.3
        },
        "2012-06-19": {
            "cash": 3,
            "stock": 0.5
        },
        "2013-06-28": {
            "cash": 3,
            "stock": 0.5
        },
        "2014-08-14": {
            "cash": 4.5,
            "stock": 0.5
        },
        "2015-08-11": {
            "cash": 3.38,
            "stock": 0.5
        },
        "2016-08-12": {
            "cash": 3.5,
            "stock": 0.38
        },
        "2017-08-22": {
            "cash": 4,
            "stock": 0.38
        },
        "2018-07-27": {
            "cash": 2.5,
            "stock": 0
        },
        "2019-08-30": {
            "cash": 2,
            "stock": 0
        },
        "2020-08-27": {
            "cash": 2,
            "stock": 0
        },
        "2021-08-20": {
            "cash": 1.8,
            "stock": 0
        },
        "2022-08-05": {
            "cash": 2.18,
            "stock": 0
        },
        "2023-04-10": {
            "cash": 5.6,
            "stock": 0
        }
    },
    "prices": {
        "200101": "無",
        "200102": "無",
        "200103": "無",
        "200104": "無",
        "200105": "無",
        "200106": "無",
        "200107": "無",
        "200108": "無",
        "200109": "無",
        "200110": "無",
        "200111": "無",
        "200112": "無",
        "200201": "無",
        "200202": "無",
        "200203": "無",
        "200204": "無",
        "200205": "無",
        "200206": "無",
        "200207": "無",
        "200208": "無",
        "200209": "無",
        "200210": "無",
        "200211": "無",
        "200212": "無",
        "200301": "無",
        "200302": "無",
        "200303": "無",
        "200304": "無",
        "200305": "無",
        "200306": "無",
        "200307": "無",
        "200308": "無",
        "200309": "70.66",
        "200310": "60.58",
        "200311": "61.18",
        "200312": "63.85",
        "200401": "77.17",
        "200402": "80.30",
        "200403": "79.24",
        "200404": "82.25",
        "200405": "70.26",
        "200406": "65.60",
        "200407": "60.75",
        "200408": "61.15",
        "200409": "65.14",
        "200410": "52.49",
        "200411": "49.43",
        "200412": "48.92",
        "200501": "50.49",
        "200502": "56.38",
        "200503": "72.06",
        "200504": "68.04",
        "200505": "61.28",
        "200506": "64.45",
        "200507": "66.94",
        "200508": "63.92",
        "200509": "59.59",
        "200510": "48.82",
        "200511": "49.25",
        "200512": "55.42",
        "200601": "67.72",
        "200602": "63.22",
        "200603": "63.42",
        "200604": "65.93",
        "200605": "64.19",
        "200606": "58.31",
        "200607": "57.98",
        "200608": "58.96",
        "200609": "57.10",
        "200610": "53.03",
        "200611": "56.31",
        "200612": "66.72",
        "200701": "67.45",
        "200702": "66.91",
        "200703": "75.11",
        "200704": "90.23",
        "200705": "96.78",
        "200706": "135.00",
        "200707": "154.93",
        "200708": "139.54",
        "200709": "136.42",
        "200710": "128.50",
        "200711": "101.17",
        "200712": "89.84",
        "200801": "78.18",
        "200802": "76.17",
        "200803": "86.80",
        "200804": "106.73",
        "200805": "106.91",
        "200806": "85.84",
        "200807": "77.51",
        "200808": "78.73",
        "200809": "63.26",
        "200810": "48.68",
        "200811": "36.24",
        "200812": "36.93",
        "200901": "38.41",
        "200902": "36.12",
        "200903": "39.24",
        "200904": "43.48",
        "200905": "44.80",
        "200906": "43.87",
        "200907": "51.09",
        "200908": "55.03",
        "200909": "59.36",
        "200910": "54.53",
        "200911": "54.50",
        "200912": "60.21",
        "201001": "59.51",
        "201002": "54.21",
        "201003": "56.38",
        "201004": "56.22",
        "201005": "48.10",
        "201006": "47.83",
        "201007": "49.38",
        "201008": "49.89",
        "201009": "49.93",
        "201010": "49.52",
        "201011": "49.11",
        "201012": "49.70",
        "201101": "49.49",
        "201102": "47.43",
        "201103": "46.67",
        "201104": "49.21",
        "201105": "51.70",
        "201106": "49.15",
        "201107": "46.51",
        "201108": "39.28",
        "201109": "36.63",
        "201110": "34.43",
        "201111": "35.41",
        "201112": "34.11",
        "201201": "35.71",
        "201202": "42.47",
        "201203": "45.47",
        "201204": "41.99",
        "201205": "41.09",
        "201206": "39.87",
        "201207": "41.65",
        "201208": "38.91",
        "201209": "39.23",
        "201210": "36.02",
        "201211": "35.00",
        "201212": "36.07",
        "201301": "36.80",
        "201302": "38.03",
        "201303": "40.93",
        "201304": "39.52",
        "201305": "39.89",
        "201306": "38.72",
        "201307": "40.30",
        "201308": "37.21",
        "201309": "36.54",
        "201310": "41.57",
        "201311": "40.14",
        "201312": "42.19",
        "201401": "47.08",
        "201402": "52.56",
        "201403": "66.87",
        "201404": "62.56",
        "201405": "62.37",
        "201406": "69.14",
        "201407": "64.90",
        "201408": "59.53",
        "201409": "58.50",
        "201410": "54.89",
        "201411": "51.68",
        "201412": "53.46",
        "201501": "53.30",
        "201502": "53.71",
        "201503": "58.39",
        "201504": "67.16",
        "201505": "66.70",
        "201506": "67.82",
        "201507": "58.70",
        "201508": "49.26",
        "201509": "49.15",
        "201510": "50.51",
        "201511": "51.83",
        "201512": "52.29",
        "201601": "49.69",
        "201602": "52.75",
        "201603": "54.87",
        "201604": "56.64",
        "201605": "59.09",
        "201606": "62.91",
        "201607": "65.34",
        "201608": "68.19",
        "201609": "72.07",
        "201610": "68.98",
        "201611": "62.81",
        "201612": "62.47",
        "201701": "61.92",
        "201702": "62.22",
        "201703": "64.05",
        "201704": "59.66",
        "201705": "58.36",
        "201706": "59.11",
        "201707": "59.89",
        "201708": "53.33",
        "201709": "53.63",
        "201710": "54.03",
        "201711": "52.74",
        "201712": "50.16",
        "201801": "49.40",
        "201802": "47.08",
        "201803": "46.36",
        "201804": "44.77",
        "201805": "44.76",
        "201806": "49.43",
        "201807": "47.13",
        "201808": "46.23",
        "201809": "41.84",
        "201810": "35.11",
        "201811": "35.82",
        "201812": "38.64",
        "201901": "39.20",
        "201902": "41.03",
        "201903": "39.70",
        "201904": "39.68",
        "201905": "39.85",
        "201906": "41.76",
        "201907": "45.44",
        "201908": "43.63",
        "201909": "43.66",
        "201910": "45.51",
        "201911": "45.18",
        "201912": "44.82",
        "202001": "44.39",
        "202002": "44.42",
        "202003": "37.65",
        "202004": "36.44",
        "202005": "38.37",
        "202006": "40.11",
        "202007": "41.12",
        "202008": "44.11",
        "202009": "43.51",
        "202010": "41.25",
        "202011": "39.83",
        "202012": "38.77",
        "202101": "37.22",
        "202102": "35.91",
        "202103": "36.85",
        "202104": "39.63",
        "202105": "39.51",
        "202106": "41.01",
        "202107": "41.00",
        "202108": "36.72",
        "202109": "39.36",
        "202110": "39.32",
        "202111": "39.27",
        "202112": "40.46",
        "202201": "39.81",
        "202202": "40.22",
        "202203": "41.62",
        "202204": "48.82",
        "202205": "48.67",
        "202206": "52.06",
        "202207": "64.31",
        "202208": "71.48",
        "202209": "77.71",
        "202210": "64.78",
        "202211": "72.55",
        "202212": "80.63",
        "202301": "75.68",
        "202302": "80.41",
        "202303": "82.69",
        "202304": "80.09",
        "202305": "79.22",
        "202306": "83.36"
    },
    "quarters": {
        "20011": {
            "year_quarter": 20011,
            "year": 2001,
            "quarter": 1,
            "eps": null,
            "eps_growth_year": null,
            "eps_4q": null,
            "eps_4q_growth_year": null,
            "roe": null,
            "roe_4q": 0,
            "gross_profit": null,
            "gross_margin": null,
            "gross_margin_4q_avg": 0,
            "net_income": null,
            "revenue": null,
            "common_shares": null,
            "book_valuer_per_share": null,
            "book_valuer_per_share_4q_avg": 0,
            "equity": null,
            "current_ratio": null,
            "debt_ratio": null,
            "inventory_turnover_ratio": null,
            "account_receivable_turnover_ratio": null,
            "reinvestment_rate": null,
            "research_to_sale_ratio": null,
            "price_fair": 0,
            "eps_avg_yearly": 0,
            "eps_latest_yearly": 0,
            "eps_growth_yearly": 0
        },
        "20012": {
            "year_quarter": 20012,
            "year": 2001,
            "quarter": 2,
            "eps": null,
            "eps_growth_year": null,
            "eps_4q": null,
            "eps_4q_growth_year": null,
            "roe": null,
            "roe_4q": 0,
            "gross_profit": null,
            "gross_margin": null,
            "gross_margin_4q_avg": 0,
            "net_income": null,
            "revenue": null,
            "common_shares": null,
            "book_valuer_per_share": null,
            "book_valuer_per_share_4q_avg": 0,
            "equity": null,
            "current_ratio": null,
            "debt_ratio": null,
            "inventory_turnover_ratio": null,
            "account_receivable_turnover_ratio": null,
            "reinvestment_rate": null,
            "research_to_sale_ratio": null,
            "price_fair": 0,
            "eps_avg_yearly": 0,
            "eps_latest_yearly": 0,
            "eps_growth_yearly": 0
        },
        "20013": {
            "year_quarter": 20013,
            "year": 2001,
            "quarter": 3,
            "eps": null,
            "eps_growth_year": null,
            "eps_4q": null,
            "eps_4q_growth_year": null,
            "roe": null,
            "roe_4q": 0,
            "gross_profit": null,
            "gross_margin": null,
            "gross_margin_4q_avg": 0,
            "net_income": null,
            "revenue": null,
            "common_shares": null,
            "book_valuer_per_share": null,
            "book_valuer_per_share_4q_avg": 0,
            "equity": null,
            "current_ratio": null,
            "debt_ratio": null,
            "inventory_turnover_ratio": null,
            "account_receivable_turnover_ratio": null,
            "reinvestment_rate": null,
            "research_to_sale_ratio": null,
            "price_fair": 0,
            "eps_avg_yearly": 0,
            "eps_latest_yearly": 0,
            "eps_growth_yearly": 0
        },
        "20014": {
            "year_quarter": 20014,
            "year": 2001,
            "quarter": 4,
            "eps": null,
            "eps_growth_year": null,
            "eps_4q": null,
            "eps_4q_growth_year": null,
            "roe": null,
            "roe_4q": 0,
            "gross_profit": null,
            "gross_margin": null,
            "gross_margin_4q_avg": 0,
            "net_income": null,
            "revenue": null,
            "common_shares": 100000,
            "book_valuer_per_share": 18.37,
            "book_valuer_per_share_4q_avg": 4.59,
            "equity": 183675,
            "current_ratio": 573.36,
            "debt_ratio": 16.49,
            "inventory_turnover_ratio": null,
            "account_receivable_turnover_ratio": null,
            "reinvestment_rate": null,
            "research_to_sale_ratio": null,
            "price_fair": 0,
            "eps_avg_yearly": 0,
            "eps_latest_yearly": 0,
            "eps_growth_yearly": 0
        },
        "20021": {
            "year_quarter": 20021,
            "year": 2002,
            "quarter": 1,
            "eps": null,
            "eps_growth_year": null,
            "eps_4q": null,
            "eps_4q_growth_year": null,
            "roe": null,
            "roe_4q": 0,
            "gross_profit": null,
            "gross_margin": null,
            "gross_margin_4q_avg": 0,
            "net_income": null,
            "revenue": null,
            "common_shares": null,
            "book_valuer_per_share": null,
            "book_valuer_per_share_4q_avg": 4.59,
            "equity": null,
            "current_ratio": null,
            "debt_ratio": null,
            "inventory_turnover_ratio": null,
            "account_receivable_turnover_ratio": null,
            "reinvestment_rate": null,
            "research_to_sale_ratio": null,
            "price_fair": 0,
            "eps_avg_yearly": 0,
            "eps_latest_yearly": 0,
            "eps_growth_yearly": 0
        },
        "20022": {
            "year_quarter": 20022,
            "year": 2002,
            "quarter": 2,
            "eps": null,
            "eps_growth_year": null,
            "eps_4q": null,
            "eps_4q_growth_year": null,
            "roe": null,
            "roe_4q": 0,
            "gross_profit": null,
            "gross_margin": null,
            "gross_margin_4q_avg": 0,
            "net_income": null,
            "revenue": null,
            "common_shares": null,
            "book_valuer_per_share": null,
            "book_valuer_per_share_4q_avg": 4.59,
            "equity": null,
            "current_ratio": null,
            "debt_ratio": null,
            "inventory_turnover_ratio": null,
            "account_receivable_turnover_ratio": null,
            "reinvestment_rate": null,
            "research_to_sale_ratio": null,
            "price_fair": 0,
            "eps_avg_yearly": 0,
            "eps_latest_yearly": 0,
            "eps_growth_yearly": 0
        },
        "20023": {
            "year_quarter": 20023,
            "year": 2002,
            "quarter": 3,
            "eps": 0.8,
            "eps_growth_year": null,
            "eps_4q": null,
            "eps_4q_growth_year": null,
            "roe": 5.03,
            "roe_4q": 5.03,
            "gross_profit": 35170,
            "gross_margin": 37.83,
            "gross_margin_4q_avg": 9.46,
            "net_income": 12418,
            "revenue": 92976,
            "common_shares": 167000,
            "book_valuer_per_share": 14.78,
            "book_valuer_per_share_4q_avg": 8.29,
            "equity": 246838,
            "current_ratio": 520.38,
            "debt_ratio": 18.29,
            "inventory_turnover_ratio": 0.61,
            "account_receivable_turnover_ratio": null,
            "reinvestment_rate": null,
            "research_to_sale_ratio": null,
            "price_fair": 0,
            "eps_avg_yearly": 0,
            "eps_latest_yearly": 0,
            "eps_growth_yearly": 0
        },
        "20024": {
            "year_quarter": 20024,
            "year": 2002,
            "quarter": 4,
            "eps": 0.93,
            "eps_growth_year": null,
            "eps_4q": null,
            "eps_4q_growth_year": null,
            "roe": 5.84,
            "roe_4q": 10.870000000000001,
            "gross_profit": 33715,
            "gross_margin": 38.6,
            "gross_margin_4q_avg": 19.11,
            "net_income": 14845,
            "revenue": 87338,
            "common_shares": 167000,
            "book_valuer_per_share": 15.67,
            "book_valuer_per_share_4q_avg": 7.61,
            "equity": 261683,
            "current_ratio": 530.47,
            "debt_ratio": 18.1,
            "inventory_turnover_ratio": 0.58,
            "account_receivable_turnover_ratio": null,
            "reinvestment_rate": null,
            "research_to_sale_ratio": null,
            "price_fair": 130.2,
            "eps_avg_yearly": 3.72,
            "eps_latest_yearly": 3.72,
            "eps_growth_yearly": 65
        },
        "20031": {
            "year_quarter": 20031,
            "year": 2003,
            "quarter": 1,
            "eps": 1.59,
            "eps_growth_year": null,
            "eps_4q": null,
            "eps_4q_growth_year": null,
            "roe": 9.63,
            "roe_4q": 20.5,
            "gross_profit": 56631,
            "gross_margin": 37.89,
            "gross_margin_4q_avg": 28.58,
            "net_income": 26486,
            "revenue": 149471,
            "common_shares": 167000,
            "book_valuer_per_share": 17.26,
            "book_valuer_per_share_4q_avg": 11.93,
            "equity": 288169,
            "current_ratio": 378.6,
            "debt_ratio": 25.6,
            "inventory_turnover_ratio": 0.94,
            "account_receivable_turnover_ratio": null,
            "reinvestment_rate": null,
            "research_to_sale_ratio": null,
            "price_fair": 176.4,
            "eps_avg_yearly": 5.04,
            "eps_latest_yearly": 6.36,
            "eps_growth_yearly": 174.44
        },
        "20032": {
            "year_quarter": 20032,
            "year": 2003,
            "quarter": 2,
            "eps": 1.84,
            "eps_growth_year": null,
            "eps_4q": 5.06,
            "eps_4q_growth_year": null,
            "roe": 10.42,
            "roe_4q": 30.92,
            "gross_profit": 59356,
            "gross_margin": 39.14,
            "gross_margin_4q_avg": 38.37,
            "net_income": 30747,
            "revenue": 151632,
            "common_shares": 167000,
            "book_valuer_per_share": 18.08,
            "book_valuer_per_share_4q_avg": 16.45,
            "equity": 301968,
            "current_ratio": 404.33,
            "debt_ratio": 23.92,
            "inventory_turnover_ratio": 0.85,
            "account_receivable_turnover_ratio": null,
            "reinvestment_rate": null,
            "research_to_sale_ratio": null,
            "price_fair": 203.47,
            "eps_avg_yearly": 5.81,
            "eps_latest_yearly": 7.36,
            "eps_growth_yearly": 137.25
        },
        "20033": {
            "year_quarter": 20033,
            "year": 2003,
            "quarter": 3,
            "eps": 1.86,
            "eps_growth_year": 132.5,
            "eps_4q": 5.5,
            "eps_4q_growth_year": null,
            "roe": 11.49,
            "roe_4q": 37.379999999999995,
            "gross_profit": 55231,
            "gross_margin": 39.67,
            "gross_margin_4q_avg": 38.83,
            "net_income": 36797,
            "revenue": 139210,
            "common_shares": 198000,
            "book_valuer_per_share": 17.11,
            "book_valuer_per_share_4q_avg": 17.03,
            "equity": 338765,
            "current_ratio": 495.59,
            "debt_ratio": 19.12,
            "inventory_turnover_ratio": 0.77,
            "account_receivable_turnover_ratio": null,
            "reinvestment_rate": null,
            "research_to_sale_ratio": null,
            "price_fair": 217.7,
            "eps_avg_yearly": 6.22,
            "eps_latest_yearly": 7.44,
            "eps_growth_yearly": 104.03
        },
        "20034": {
            "year_quarter": 20034,
            "year": 2003,
            "quarter": 4,
            "eps": 1.44,
            "eps_growth_year": 54.84,
            "eps_4q": 6.19,
            "eps_4q_growth_year": null,
            "roe": 8.07,
            "roe_4q": 39.61000000000001,
            "gross_profit": 60006,
            "gross_margin": 39,
            "gross_margin_4q_avg": 38.93,
            "net_income": 28500,
            "revenue": 153856,
            "common_shares": 198000,
            "book_valuer_per_share": 18.55,
            "book_valuer_per_share_4q_avg": 17.75,
            "equity": 367265,
            "current_ratio": 412.61,
            "debt_ratio": 23.19,
            "inventory_turnover_ratio": 0.78,
            "account_receivable_turnover_ratio": null,
            "reinvestment_rate": null,
            "research_to_sale_ratio": null,
            "price_fair": 214.48,
            "eps_avg_yearly": 6.13,
            "eps_latest_yearly": 5.76,
            "eps_growth_yearly": 65.16
        },
        "20041": {
            "year_quarter": 20041,
            "year": 2004,
            "quarter": 1,
            "eps": 2.23,
            "eps_growth_year": 40.25,
            "eps_4q": 7.08,
            "eps_4q_growth_year": null,
            "roe": 11.34,
            "roe_4q": 41.32,
            "gross_profit": 77944,
            "gross_margin": 35.94,
            "gross_margin_4q_avg": 38.44,
            "net_income": 44132,
            "revenue": 216879,
            "common_shares": 198000,
            "book_valuer_per_share": 20.78,
            "book_valuer_per_share_4q_avg": 18.63,
            "equity": 411397,
            "current_ratio": 403.37,
            "debt_ratio": 23.61,
            "inventory_turnover_ratio": 0.9,
            "account_receivable_turnover_ratio": null,
            "reinvestment_rate": null,
            "research_to_sale_ratio": null,
            "price_fair": 230.77,
            "eps_avg_yearly": 6.59,
            "eps_latest_yearly": 8.92,
            "eps_growth_yearly": 90.87
        },
        "20042": {
            "year_quarter": 20042,
            "year": 2004,
            "quarter": 2,
            "eps": 2.32,
            "eps_growth_year": 26.09,
            "eps_4q": 7.85,
            "eps_4q_growth_year": 55.26,
            "roe": 11.1,
            "roe_4q": 42,
            "gross_profit": 86695,
            "gross_margin": 37.42,
            "gross_margin_4q_avg": 38.01,
            "net_income": 45903,
            "revenue": 231663,
            "common_shares": 198000,
            "book_valuer_per_share": 20.99,
            "book_valuer_per_share_4q_avg": 19.36,
            "equity": 415700,
            "current_ratio": 459.28,
            "debt_ratio": 46.74,
            "inventory_turnover_ratio": 0.8,
            "account_receivable_turnover_ratio": null,
            "reinvestment_rate": null,
            "research_to_sale_ratio": null,
            "price_fair": 244.2,
            "eps_avg_yearly": 6.98,
            "eps_latest_yearly": 9.28,
            "eps_growth_yearly": 80.2
        },
        "20043": {
            "year_quarter": 20043,
            "year": 2004,
            "quarter": 3,
            "eps": 1.84,
            "eps_growth_year": -1.08,
            "eps_4q": 6.4,
            "eps_4q_growth_year": 16.2,
            "roe": 10.48,
            "roe_4q": 40.99,
            "gross_profit": 81018,
            "gross_margin": 39.06,
            "gross_margin_4q_avg": 37.86,
            "net_income": 47882,
            "revenue": 207422,
            "common_shares": 266518,
            "book_valuer_per_share": 18.69,
            "book_valuer_per_share_4q_avg": 19.75,
            "equity": 498182,
            "current_ratio": 634.86,
            "debt_ratio": 36.39,
            "inventory_turnover_ratio": 0.67,
            "account_receivable_turnover_ratio": null,
            "reinvestment_rate": null,
            "research_to_sale_ratio": null,
            "price_fair": 245.88,
            "eps_avg_yearly": 7.03,
            "eps_latest_yearly": 7.36,
            "eps_growth_yearly": 59.83
        },
        "20044": {
            "year_quarter": 20044,
            "year": 2004,
            "quarter": 4,
            "eps": 0.89,
            "eps_growth_year": -38.19,
            "eps_4q": 6.14,
            "eps_4q_growth_year": -0.81,
            "roe": 4.54,
            "roe_4q": 37.459999999999994,
            "gross_profit": 58980,
            "gross_margin": 32.11,
            "gross_margin_4q_avg": 36.13,
            "net_income": 23377,
            "revenue": 183674,
            "common_shares": 268308,
            "book_valuer_per_share": 19.78,
            "book_valuer_per_share_4q_avg": 20.06,
            "equity": 530639,
            "current_ratio": 646.79,
            "debt_ratio": 34.31,
            "inventory_turnover_ratio": 0.64,
            "account_receivable_turnover_ratio": null,
            "reinvestment_rate": null,
            "research_to_sale_ratio": null,
            "price_fair": 232.4,
            "eps_avg_yearly": 6.64,
            "eps_latest_yearly": 3.56,
            "eps_growth_yearly": 30.23
        },
        "20051": {
            "year_quarter": 20051,
            "year": 2005,
            "quarter": 1,
            "eps": 1.03,
            "eps_growth_year": -53.81,
            "eps_4q": 5.43,
            "eps_4q_growth_year": -23.38,
            "roe": 4.89,
            "roe_4q": 31.009999999999998,
            "gross_profit": 72361,
            "gross_margin": 30.01,
            "gross_margin_4q_avg": 34.65,
            "net_income": 27444,
            "revenue": 241153,
            "common_shares": 284240,
            "book_valuer_per_share": 20.85,
            "book_valuer_per_share_4q_avg": 20.08,
            "equity": 592577,
            "current_ratio": 433.6,
            "debt_ratio": 28.7,
            "inventory_turnover_ratio": 0.81,
            "account_receivable_turnover_ratio": null,
            "reinvestment_rate": null,
            "research_to_sale_ratio": null,
            "price_fair": 223.58,
            "eps_avg_yearly": 6.39,
            "eps_latest_yearly": 4.12,
            "eps_growth_yearly": 33.5
        },
        "20052": {
            "year_quarter": 20052,
            "year": 2005,
            "quarter": 2,
            "eps": 1.74,
            "eps_growth_year": -25,
            "eps_4q": 5.36,
            "eps_4q_growth_year": -31.78,
            "roe": 7.79,
            "roe_4q": 27.7,
            "gross_profit": 98963,
            "gross_margin": 35.83,
            "gross_margin_4q_avg": 34.25,
            "net_income": 47500,
            "revenue": 276201,
            "common_shares": 290204,
            "book_valuer_per_share": 21.62,
            "book_valuer_per_share_4q_avg": 20.24,
            "equity": 627451,
            "current_ratio": 407.97,
            "debt_ratio": 26.32,
            "inventory_turnover_ratio": 0.82,
            "account_receivable_turnover_ratio": null,
            "reinvestment_rate": null,
            "research_to_sale_ratio": null,
            "price_fair": 225.4,
            "eps_avg_yearly": 6.44,
            "eps_latest_yearly": 6.96,
            "eps_growth_yearly": 55.52
        },
        "20053": {
            "year_quarter": 20053,
            "year": 2005,
            "quarter": 3,
            "eps": 1.39,
            "eps_growth_year": -24.46,
            "eps_4q": 4.01,
            "eps_4q_growth_year": -37.23,
            "roe": 7.54,
            "roe_4q": 24.759999999999998,
            "gross_profit": 101823,
            "gross_margin": 32.9,
            "gross_margin_4q_avg": 32.71,
            "net_income": 52075,
            "revenue": 309481,
            "common_shares": 290204,
            "book_valuer_per_share": 25.98,
            "book_valuer_per_share_4q_avg": 22.06,
            "equity": 753892,
            "current_ratio": 377.46,
            "debt_ratio": 23.54,
            "inventory_turnover_ratio": 0.98,
            "account_receivable_turnover_ratio": null,
            "reinvestment_rate": null,
            "research_to_sale_ratio": null,
            "price_fair": 222.83,
            "eps_avg_yearly": 6.37,
            "eps_latest_yearly": 5.56,
            "eps_growth_yearly": 44.19
        },
        "20054": {
            "year_quarter": 20054,
            "year": 2005,
            "quarter": 4,
            "eps": 1.52,
            "eps_growth_year": 70.79,
            "eps_4q": 4.88,
            "eps_4q_growth_year": -20.51,
            "roe": 7.48,
            "roe_4q": 27.7,
            "gross_profit": 117551,
            "gross_margin": 36.22,
            "gross_margin_4q_avg": 33.74,
            "net_income": 57444,
            "revenue": 324579,
            "common_shares": 392282,
            "book_valuer_per_share": 19.76,
            "book_valuer_per_share_4q_avg": 22.05,
            "equity": 782512,
            "current_ratio": 411.22,
            "debt_ratio": 22.07,
            "inventory_turnover_ratio": 0.87,
            "account_receivable_turnover_ratio": null,
            "reinvestment_rate": null,
            "research_to_sale_ratio": null,
            "price_fair": 222.06,
            "eps_avg_yearly": 6.34,
            "eps_latest_yearly": 6.08,
            "eps_growth_yearly": 43.67
        },
        "20061": {
            "year_quarter": 20061,
            "year": 2006,
            "quarter": 1,
            "eps": 1.39,
            "eps_growth_year": 34.95,
            "eps_4q": 5.36,
            "eps_4q_growth_year": -1.21,
            "roe": 6.77,
            "roe_4q": 29.58,
            "gross_profit": 115338,
            "gross_margin": 33.33,
            "gross_margin_4q_avg": 34.57,
            "net_income": 54957,
            "revenue": 346078,
            "common_shares": 395195,
            "book_valuer_per_share": 21.26,
            "book_valuer_per_share_4q_avg": 22.16,
            "equity": 840006,
            "current_ratio": 353.85,
            "debt_ratio": 21.19,
            "inventory_turnover_ratio": 0.88,
            "account_receivable_turnover_ratio": null,
            "reinvestment_rate": null,
            "research_to_sale_ratio": null,
            "price_fair": 220.1,
            "eps_avg_yearly": 6.29,
            "eps_latest_yearly": 5.56,
            "eps_growth_yearly": 38.11
        },
        "20062": {
            "year_quarter": 20062,
            "year": 2006,
            "quarter": 2,
            "eps": 1.62,
            "eps_growth_year": -6.9,
            "eps_4q": 5.87,
            "eps_4q_growth_year": 9.6,
            "roe": 7.65,
            "roe_4q": 29.439999999999998,
            "gross_profit": 111225,
            "gross_margin": 33.47,
            "gross_margin_4q_avg": 33.98,
            "net_income": 62696,
            "revenue": 332274,
            "common_shares": 395195,
            "book_valuer_per_share": 20.23,
            "book_valuer_per_share_4q_avg": 21.81,
            "equity": 799604,
            "current_ratio": 284.37,
            "debt_ratio": 26.42,
            "inventory_turnover_ratio": 0.85,
            "account_receivable_turnover_ratio": null,
            "reinvestment_rate": 10.63,
            "research_to_sale_ratio": null,
            "price_fair": 220.55,
            "eps_avg_yearly": 6.3,
            "eps_latest_yearly": 6.48,
            "eps_growth_yearly": 39.98
        },
        "20063": {
            "year_quarter": 20063,
            "year": 2006,
            "quarter": 3,
            "eps": 1.55,
            "eps_growth_year": 11.51,
            "eps_4q": 5.36,
            "eps_4q_growth_year": 33.55,
            "roe": 8.35,
            "roe_4q": 30.25,
            "gross_profit": 112490,
            "gross_margin": 38.8,
            "gross_margin_4q_avg": 35.46,
            "net_income": 71207,
            "revenue": 289944,
            "common_shares": 395195,
            "book_valuer_per_share": 22.91,
            "book_valuer_per_share_4q_avg": 21.04,
            "equity": 905474,
            "current_ratio": 332.5,
            "debt_ratio": 22.71,
            "inventory_turnover_ratio": 0.72,
            "account_receivable_turnover_ratio": null,
            "reinvestment_rate": 7.94,
            "research_to_sale_ratio": null,
            "price_fair": 220.33,
            "eps_avg_yearly": 6.3,
            "eps_latest_yearly": 6.2,
            "eps_growth_yearly": 36.4
        },
        "20064": {
            "year_quarter": 20064,
            "year": 2006,
            "quarter": 4,
            "eps": 1.46,
            "eps_growth_year": -3.95,
            "eps_4q": 5.55,
            "eps_4q_growth_year": 13.76,
            "roe": 7.16,
            "roe_4q": 29.93,
            "gross_profit": 132386,
            "gross_margin": 41.4,
            "gross_margin_4q_avg": 36.75,
            "net_income": 67375,
            "revenue": 319758,
            "common_shares": 467299,
            "book_valuer_per_share": 20.87,
            "book_valuer_per_share_4q_avg": 21.32,
            "equity": 977625,
            "current_ratio": 476.32,
            "debt_ratio": 17.13,
            "inventory_turnover_ratio": 0.73,
            "account_receivable_turnover_ratio": null,
            "reinvestment_rate": 15.87,
            "research_to_sale_ratio": null,
            "price_fair": 224.96,
            "eps_avg_yearly": 6.43,
            "eps_latest_yearly": 5.84,
            "eps_growth_yearly": 30.89
        },
        "20071": {
            "year_quarter": 20071,
            "year": 2007,
            "quarter": 1,
            "eps": 1.67,
            "eps_growth_year": 20.14,
            "eps_4q": 6,
            "eps_4q_growth_year": 11.99,
            "roe": 7.65,
            "roe_4q": 30.810000000000002,
            "gross_profit": 134797,
            "gross_margin": 37.04,
            "gross_margin_4q_avg": 37.68,
            "net_income": 77558,
            "revenue": 363891,
            "common_shares": 468208,
            "book_valuer_per_share": 22.43,
            "book_valuer_per_share_4q_avg": 21.61,
            "equity": 1050176,
            "current_ratio": 376.96,
            "debt_ratio": 19,
            "inventory_turnover_ratio": 0.83,
            "account_receivable_turnover_ratio": null,
            "reinvestment_rate": 14.73,
            "research_to_sale_ratio": null,
            "price_fair": 172.4,
            "eps_avg_yearly": 6.45,
            "eps_latest_yearly": 6.68,
            "eps_growth_yearly": 16.74
        },
        "20072": {
            "year_quarter": 20072,
            "year": 2007,
            "quarter": 2,
            "eps": 2.1,
            "eps_growth_year": 29.63,
            "eps_4q": 6.75,
            "eps_4q_growth_year": 14.96,
            "roe": 9.59,
            "roe_4q": 32.75,
            "gross_profit": 165097,
            "gross_margin": 38.9,
            "gross_margin_4q_avg": 39.04,
            "net_income": 97656,
            "revenue": 424413,
            "common_shares": 468208,
            "book_valuer_per_share": 21.07,
            "book_valuer_per_share_4q_avg": 21.82,
            "equity": 986428,
            "current_ratio": 242.95,
            "debt_ratio": 30.13,
            "inventory_turnover_ratio": 0.9,
            "account_receivable_turnover_ratio": null,
            "reinvestment_rate": 13.29,
            "research_to_sale_ratio": null,
            "price_fair": 190.46,
            "eps_avg_yearly": 6.51,
            "eps_latest_yearly": 8.4,
            "eps_growth_yearly": 19.25
        },
        "20073": {
            "year_quarter": 20073,
            "year": 2007,
            "quarter": 3,
            "eps": 2.42,
            "eps_growth_year": 56.13,
            "eps_4q": 7.04,
            "eps_4q_growth_year": 31.36,
            "roe": 10.74,
            "roe_4q": 35.14,
            "gross_profit": 187644,
            "gross_margin": 40.65,
            "gross_margin_4q_avg": 39.5,
            "net_income": 126999,
            "revenue": 461630,
            "common_shares": 491208,
            "book_valuer_per_share": 28.04,
            "book_valuer_per_share_4q_avg": 23.1,
            "equity": 1377455,
            "current_ratio": 392.62,
            "debt_ratio": 15.86,
            "inventory_turnover_ratio": 0.9,
            "account_receivable_turnover_ratio": null,
            "reinvestment_rate": 35.55,
            "research_to_sale_ratio": null,
            "price_fair": 218.09,
            "eps_avg_yearly": 6.65,
            "eps_latest_yearly": 9.68,
            "eps_growth_yearly": 22.78
        },
        "20074": {
            "year_quarter": 20074,
            "year": 2007,
            "quarter": 4,
            "eps": 1.66,
            "eps_growth_year": 13.7,
            "eps_4q": 7.38,
            "eps_4q_growth_year": 32.83,
            "roe": 6.5,
            "roe_4q": 34.480000000000004,
            "gross_profit": 157919,
            "gross_margin": 37.58,
            "gross_margin_4q_avg": 38.54,
            "net_income": 87776,
            "revenue": 420216,
            "common_shares": 550363,
            "book_valuer_per_share": 24,
            "book_valuer_per_share_4q_avg": 23.89,
            "equity": 1324433,
            "current_ratio": 377.12,
            "debt_ratio": 18.82,
            "inventory_turnover_ratio": 0.79,
            "account_receivable_turnover_ratio": null,
            "reinvestment_rate": 33.77,
            "research_to_sale_ratio": null,
            "price_fair": 205.1,
            "eps_avg_yearly": 6.71,
            "eps_latest_yearly": 6.64,
            "eps_growth_yearly": 20.58
        },
        "20081": {
            "year_quarter": 20081,
            "year": 2008,
            "quarter": 1,
            "eps": 1.15,
            "eps_growth_year": -31.14,
            "eps_4q": 7.09,
            "eps_4q_growth_year": 18.13,
            "roe": 4.58,
            "roe_4q": 31.41,
            "gross_profit": 176794,
            "gross_margin": 34.41,
            "gross_margin_4q_avg": 37.89,
            "net_income": 60513,
            "revenue": 513830,
            "common_shares": 550363,
            "book_valuer_per_share": 23.8,
            "book_valuer_per_share_4q_avg": 24.23,
            "equity": 1316791,
            "current_ratio": 248.87,
            "debt_ratio": 25.08,
            "inventory_turnover_ratio": 0.93,
            "account_receivable_turnover_ratio": null,
            "reinvestment_rate": 51.85,
            "research_to_sale_ratio": null,
            "price_fair": 19.31,
            "eps_avg_yearly": 6.44,
            "eps_latest_yearly": 4.6,
            "eps_growth_yearly": -0.82
        },
        "20082": {
            "year_quarter": 20082,
            "year": 2008,
            "quarter": 2,
            "eps": 1.46,
            "eps_growth_year": -30.48,
            "eps_4q": 6.8,
            "eps_4q_growth_year": 0.72,
            "roe": 6.09,
            "roe_4q": 27.910000000000004,
            "gross_profit": 210292,
            "gross_margin": 36.06,
            "gross_margin_4q_avg": 37.18,
            "net_income": 75667,
            "revenue": 583195,
            "common_shares": 550363,
            "book_valuer_per_share": 21.12,
            "book_valuer_per_share_4q_avg": 24.24,
            "equity": 1168397,
            "current_ratio": 219.39,
            "debt_ratio": 36.96,
            "inventory_turnover_ratio": 1.03,
            "account_receivable_turnover_ratio": null,
            "reinvestment_rate": 34.65,
            "research_to_sale_ratio": null,
            "price_fair": 92.79,
            "eps_avg_yearly": 6.22,
            "eps_latest_yearly": 5.84,
            "eps_growth_yearly": 4.91
        },
        "20083": {
            "year_quarter": 20083,
            "year": 2008,
            "quarter": 3,
            "eps": 1.66,
            "eps_growth_year": -31.4,
            "eps_4q": 6,
            "eps_4q_growth_year": -14.76,
            "roe": 7.19,
            "roe_4q": 24.36,
            "gross_profit": 190878,
            "gross_margin": 39.14,
            "gross_margin_4q_avg": 36.8,
            "net_income": 86387,
            "revenue": 487732,
            "common_shares": 550363,
            "book_valuer_per_share": 22.33,
            "book_valuer_per_share_4q_avg": 22.81,
            "equity": 1234090,
            "current_ratio": 253.8,
            "debt_ratio": 33.18,
            "inventory_turnover_ratio": 0.84,
            "account_receivable_turnover_ratio": null,
            "reinvestment_rate": 33.16,
            "research_to_sale_ratio": null,
            "price_fair": 145.22,
            "eps_avg_yearly": 6.18,
            "eps_latest_yearly": 6.64,
            "eps_growth_yearly": 13.51
        },
        "20084": {
            "year_quarter": 20084,
            "year": 2008,
            "quarter": 4,
            "eps": 0.75,
            "eps_growth_year": -54.82,
            "eps_4q": 4.64,
            "eps_4q_growth_year": -37.15,
            "roe": 3.56,
            "roe_4q": 21.42,
            "gross_profit": 151126,
            "gross_margin": 38.31,
            "gross_margin_4q_avg": 36.98,
            "net_income": 43481,
            "revenue": 394445,
            "common_shares": 615745,
            "book_valuer_per_share": 19.54,
            "book_valuer_per_share_4q_avg": 21.7,
            "equity": 1207509,
            "current_ratio": 312.49,
            "debt_ratio": 28.33,
            "inventory_turnover_ratio": 0.73,
            "account_receivable_turnover_ratio": 3.47,
            "reinvestment_rate": 32.45,
            "research_to_sale_ratio": null,
            "price_fair": 139.5,
            "eps_avg_yearly": 6.14,
            "eps_latest_yearly": 3,
            "eps_growth_yearly": 12.71
        },
        "20091": {
            "year_quarter": 20091,
            "year": 2009,
            "quarter": 1,
            "eps": 0.89,
            "eps_growth_year": -22.61,
            "eps_4q": 4.58,
            "eps_4q_growth_year": -35.4,
            "roe": 4.07,
            "roe_4q": 20.91,
            "gross_profit": 138831,
            "gross_margin": 41.09,
            "gross_margin_4q_avg": 38.65,
            "net_income": 50290,
            "revenue": 337842,
            "common_shares": 615745,
            "book_valuer_per_share": 20.45,
            "book_valuer_per_share_4q_avg": 20.86,
            "equity": 1262857,
            "current_ratio": 390.67,
            "debt_ratio": 24.56,
            "inventory_turnover_ratio": 0.61,
            "account_receivable_turnover_ratio": 1.71,
            "reinvestment_rate": 27.01,
            "research_to_sale_ratio": null,
            "price_fair": 143.19,
            "eps_avg_yearly": 6.11,
            "eps_latest_yearly": 3.56,
            "eps_growth_yearly": 13.45
        },
        "20092": {
            "year_quarter": 20092,
            "year": 2009,
            "quarter": 2,
            "eps": 0.5,
            "eps_growth_year": -65.75,
            "eps_4q": 3.73,
            "eps_4q_growth_year": -45.08,
            "roe": 2.29,
            "roe_4q": 17.11,
            "gross_profit": 132285,
            "gross_margin": 38.09,
            "gross_margin_4q_avg": 39.16,
            "net_income": 28303,
            "revenue": 347263,
            "common_shares": 615745,
            "book_valuer_per_share": 19.59,
            "book_valuer_per_share_4q_avg": 20.48,
            "equity": 1209651,
            "current_ratio": 313.48,
            "debt_ratio": 28.3,
            "inventory_turnover_ratio": 0.66,
            "account_receivable_turnover_ratio": 2.25,
            "reinvestment_rate": 26.89,
            "research_to_sale_ratio": null,
            "price_fair": 17.39,
            "eps_avg_yearly": 5.8,
            "eps_latest_yearly": 2,
            "eps_growth_yearly": -14.74
        },
        "20093": {
            "year_quarter": 20093,
            "year": 2009,
            "quarter": 3,
            "eps": 0.66,
            "eps_growth_year": -60.24,
            "eps_4q": 2.73,
            "eps_4q_growth_year": -54.47,
            "roe": 3.19,
            "roe_4q": 13.110000000000001,
            "gross_profit": 147403,
            "gross_margin": 40.95,
            "gross_margin_4q_avg": 39.61,
            "net_income": 39669,
            "revenue": 359937,
            "common_shares": 646375,
            "book_valuer_per_share": 19.73,
            "book_valuer_per_share_4q_avg": 19.83,
            "equity": 1277806,
            "current_ratio": 381.09,
            "debt_ratio": 24.47,
            "inventory_turnover_ratio": 0.62,
            "account_receivable_turnover_ratio": 2.4,
            "reinvestment_rate": 26.97,
            "research_to_sale_ratio": null,
            "price_fair": 16.85,
            "eps_avg_yearly": 5.62,
            "eps_latest_yearly": 2.64,
            "eps_growth_yearly": -1.71
        },
        "20094": {
            "year_quarter": 20094,
            "year": 2009,
            "quarter": 4,
            "eps": 0.78,
            "eps_growth_year": 4,
            "eps_4q": 2.73,
            "eps_4q_growth_year": -41.14,
            "roe": 3.57,
            "roe_4q": 13.120000000000001,
            "gross_profit": 174293,
            "gross_margin": 36.76,
            "gross_margin_4q_avg": 39.22,
            "net_income": 46473,
            "revenue": 474196,
            "common_shares": 646375,
            "book_valuer_per_share": 21.52,
            "book_valuer_per_share_4q_avg": 20.32,
            "equity": 1326792,
            "current_ratio": 342.1,
            "debt_ratio": 26.35,
            "inventory_turnover_ratio": 0.86,
            "account_receivable_turnover_ratio": 3.94,
            "reinvestment_rate": 29.87,
            "research_to_sale_ratio": null,
            "price_fair": 54.3,
            "eps_avg_yearly": 5.43,
            "eps_latest_yearly": 3.12,
            "eps_growth_yearly": 0.49
        },
        "20101": {
            "year_quarter": 20101,
            "year": 2010,
            "quarter": 1,
            "eps": 0.75,
            "eps_growth_year": -15.73,
            "eps_4q": 2.49,
            "eps_4q_growth_year": -45.64,
            "roe": 3.17,
            "roe_4q": 12.219999999999999,
            "gross_profit": 151251,
            "gross_margin": 34.98,
            "gross_margin_4q_avg": 37.7,
            "net_income": 45766,
            "revenue": 432436,
            "common_shares": 686748,
            "book_valuer_per_share": 23.84,
            "book_valuer_per_share_4q_avg": 21.17,
            "equity": 1564989,
            "current_ratio": 465.9,
            "debt_ratio": 26.49,
            "inventory_turnover_ratio": 0.76,
            "account_receivable_turnover_ratio": 1.88,
            "reinvestment_rate": 38.13,
            "research_to_sale_ratio": 6.44,
            "price_fair": 61.5,
            "eps_avg_yearly": 5.27,
            "eps_latest_yearly": 3,
            "eps_growth_yearly": 1.67
        },
        "20102": {
            "year_quarter": 20102,
            "year": 2010,
            "quarter": 2,
            "eps": 0.8,
            "eps_growth_year": 59.36,
            "eps_4q": 2.83,
            "eps_4q_growth_year": -24.15,
            "roe": 3.48,
            "roe_4q": 13.41,
            "gross_profit": 166176,
            "gross_margin": 32.6,
            "gross_margin_4q_avg": 36.32,
            "net_income": 51972,
            "revenue": 509706,
            "common_shares": 686748,
            "book_valuer_per_share": 22.05,
            "book_valuer_per_share_4q_avg": 21.79,
            "equity": 1425514,
            "current_ratio": 272.02,
            "debt_ratio": 29.63,
            "inventory_turnover_ratio": 0.83,
            "account_receivable_turnover_ratio": 1.91,
            "reinvestment_rate": 40.28,
            "research_to_sale_ratio": 6.95,
            "price_fair": 15.2,
            "eps_avg_yearly": 5.07,
            "eps_latest_yearly": 3.2,
            "eps_growth_yearly": -0.8
        },
        "20103": {
            "year_quarter": 20103,
            "year": 2010,
            "quarter": 3,
            "eps": 1.46,
            "eps_growth_year": 121.84,
            "eps_4q": 3.69,
            "eps_4q_growth_year": 34.87,
            "roe": 6.6,
            "roe_4q": 16.82,
            "gross_profit": 217351,
            "gross_margin": 34.79,
            "gross_margin_4q_avg": 34.78,
            "net_income": 97369,
            "revenue": 624839,
            "common_shares": 701196,
            "book_valuer_per_share": 23.07,
            "book_valuer_per_share_4q_avg": 22.62,
            "equity": 1525139,
            "current_ratio": 265.99,
            "debt_ratio": 30.69,
            "inventory_turnover_ratio": 0.95,
            "account_receivable_turnover_ratio": 1.64,
            "reinvestment_rate": 39.28,
            "research_to_sale_ratio": 5.6,
            "price_fair": 155.84,
            "eps_avg_yearly": 5.04,
            "eps_latest_yearly": 5.84,
            "eps_growth_yearly": 20.91
        },
        "20104": {
            "year_quarter": 20104,
            "year": 2010,
            "quarter": 4,
            "eps": 0.45,
            "eps_growth_year": -42.59,
            "eps_4q": 3.46,
            "eps_4q_growth_year": 26.74,
            "roe": 1.86,
            "roe_4q": 15.11,
            "gross_profit": 173082,
            "gross_margin": 30.15,
            "gross_margin_4q_avg": 33.13,
            "net_income": 28080,
            "revenue": 574032,
            "common_shares": 701196,
            "book_valuer_per_share": 22.86,
            "book_valuer_per_share_4q_avg": 22.96,
            "equity": 1487617,
            "current_ratio": 334.37,
            "debt_ratio": 25.19,
            "inventory_turnover_ratio": 0.92,
            "account_receivable_turnover_ratio": 1.51,
            "reinvestment_rate": 37.24,
            "research_to_sale_ratio": 6.69,
            "price_fair": 72.15,
            "eps_avg_yearly": 4.79,
            "eps_latest_yearly": 1.8,
            "eps_growth_yearly": 5.06
        },
        "20111": {
            "year_quarter": 20111,
            "year": 2011,
            "quarter": 1,
            "eps": 0.99,
            "eps_growth_year": 32,
            "eps_4q": 3.73,
            "eps_4q_growth_year": 49.63,
            "roe": 4.23,
            "roe_4q": 16.17,
            "gross_profit": 183699,
            "gross_margin": 29.56,
            "gross_margin_4q_avg": 31.78,
            "net_income": 64633,
            "revenue": 621361,
            "common_shares": 677946,
            "book_valuer_per_share": 24.04,
            "book_valuer_per_share_4q_avg": 23.01,
            "equity": 1568437,
            "current_ratio": 333.12,
            "debt_ratio": 25.49,
            "inventory_turnover_ratio": 1.01,
            "account_receivable_turnover_ratio": 1.51,
            "reinvestment_rate": 38.62,
            "research_to_sale_ratio": 6.39,
            "price_fair": 161.7,
            "eps_avg_yearly": 4.62,
            "eps_latest_yearly": 3.96,
            "eps_growth_yearly": 31.47
        },
        "20112": {
            "year_quarter": 20112,
            "year": 2011,
            "quarter": 2,
            "eps": 0.85,
            "eps_growth_year": 6.19,
            "eps_4q": 3.68,
            "eps_4q_growth_year": 30.1,
            "roe": 3.79,
            "roe_4q": 16.479999999999997,
            "gross_profit": 176928,
            "gross_margin": 29.63,
            "gross_margin_4q_avg": 31.03,
            "net_income": 56637,
            "revenue": 597221,
            "common_shares": 677946,
            "book_valuer_per_share": 21.79,
            "book_valuer_per_share_4q_avg": 22.94,
            "equity": 1417716,
            "current_ratio": 229.41,
            "debt_ratio": 34.82,
            "inventory_turnover_ratio": 0.97,
            "account_receivable_turnover_ratio": 1.15,
            "reinvestment_rate": 64.24,
            "research_to_sale_ratio": 6.59,
            "price_fair": 135.66,
            "eps_avg_yearly": 4.31,
            "eps_latest_yearly": 3.4,
            "eps_growth_yearly": 21.49
        },
        "20113": {
            "year_quarter": 20113,
            "year": 2011,
            "quarter": 3,
            "eps": 1.22,
            "eps_growth_year": -16.83,
            "eps_4q": 3.49,
            "eps_4q_growth_year": -5.26,
            "roe": 5.59,
            "roe_4q": 15.469999999999999,
            "gross_profit": 185017,
            "gross_margin": 32.65,
            "gross_margin_4q_avg": 30.5,
            "net_income": 80590,
            "revenue": 566663,
            "common_shares": 675306,
            "book_valuer_per_share": 22.85,
            "book_valuer_per_share_4q_avg": 22.89,
            "equity": 1466071,
            "current_ratio": 271.98,
            "debt_ratio": 28.65,
            "inventory_turnover_ratio": 0.76,
            "account_receivable_turnover_ratio": 1.16,
            "reinvestment_rate": 47.89,
            "research_to_sale_ratio": 7.53,
            "price_fair": 140.26,
            "eps_avg_yearly": 4.01,
            "eps_latest_yearly": 4.88,
            "eps_growth_yearly": 28.57
        },
        "20114": {
            "year_quarter": 20114,
            "year": 2011,
            "quarter": 4,
            "eps": 1,
            "eps_growth_year": 124.11,
            "eps_4q": 4.06,
            "eps_4q_growth_year": 17.3,
            "roe": 4.4,
            "roe_4q": 18.01,
            "gross_profit": 207285,
            "gross_margin": 32.19,
            "gross_margin_4q_avg": 31.01,
            "net_income": 65812,
            "revenue": 643926,
            "common_shares": 696236,
            "book_valuer_per_share": 23.07,
            "book_valuer_per_share_4q_avg": 22.94,
            "equity": 1527645,
            "current_ratio": 322.84,
            "debt_ratio": 33.72,
            "inventory_turnover_ratio": 0.83,
            "account_receivable_turnover_ratio": 1.3,
            "reinvestment_rate": 87.18,
            "research_to_sale_ratio": 5.52,
            "price_fair": 134.49,
            "eps_avg_yearly": 3.84,
            "eps_latest_yearly": 4,
            "eps_growth_yearly": 31.91
        },
        "20121": {
            "year_quarter": 20121,
            "year": 2012,
            "quarter": 1,
            "eps": 0.93,
            "eps_growth_year": -6.06,
            "eps_4q": 3.61,
            "eps_4q_growth_year": -3.13,
            "roe": 3.87,
            "roe_4q": 17.65,
            "gross_profit": 213897,
            "gross_margin": 32.43,
            "gross_margin_4q_avg": 31.73,
            "net_income": 61816,
            "revenue": 659626,
            "common_shares": 696236,
            "book_valuer_per_share": 25.17,
            "book_valuer_per_share_4q_avg": 23.22,
            "equity": 1666464,
            "current_ratio": 296.95,
            "debt_ratio": 32.25,
            "inventory_turnover_ratio": 0.86,
            "account_receivable_turnover_ratio": 1.18,
            "reinvestment_rate": 67.47,
            "research_to_sale_ratio": 6.69,
            "price_fair": 132.56,
            "eps_avg_yearly": 3.79,
            "eps_latest_yearly": 3.72,
            "eps_growth_yearly": 37.84
        },
        "20122": {
            "year_quarter": 20122,
            "year": 2012,
            "quarter": 2,
            "eps": 1.26,
            "eps_growth_year": 48.47,
            "eps_4q": 4.17,
            "eps_4q_growth_year": 13.14,
            "roe": 5.59,
            "roe_4q": 19.450000000000003,
            "gross_profit": 238832,
            "gross_margin": 31.39,
            "gross_margin_4q_avg": 32.17,
            "net_income": 90333,
            "revenue": 760969,
            "common_shares": 715403,
            "book_valuer_per_share": 22.94,
            "book_valuer_per_share_4q_avg": 23.51,
            "equity": 1562774,
            "current_ratio": 208.57,
            "debt_ratio": 39.37,
            "inventory_turnover_ratio": 0.96,
            "account_receivable_turnover_ratio": 1.15,
            "reinvestment_rate": 88.08,
            "research_to_sale_ratio": 5.23,
            "price_fair": 130.81,
            "eps_avg_yearly": 3.74,
            "eps_latest_yearly": 5.04,
            "eps_growth_yearly": 39.97
        },
        "20123": {
            "year_quarter": 20123,
            "year": 2012,
            "quarter": 3,
            "eps": 0.93,
            "eps_growth_year": -23.4,
            "eps_4q": 3.97,
            "eps_4q_growth_year": 13.6,
            "roe": 4.17,
            "roe_4q": 18.03,
            "gross_profit": 211085,
            "gross_margin": 36.92,
            "gross_margin_4q_avg": 33.23,
            "net_income": 67097,
            "revenue": 571803,
            "common_shares": 716679,
            "book_valuer_per_share": 24.15,
            "book_valuer_per_share_4q_avg": 23.83,
            "equity": 1654514,
            "current_ratio": 241.15,
            "debt_ratio": 34.78,
            "inventory_turnover_ratio": 0.67,
            "account_receivable_turnover_ratio": 0.89,
            "reinvestment_rate": 60.41,
            "research_to_sale_ratio": 8.26,
            "price_fair": 124.43,
            "eps_avg_yearly": 3.56,
            "eps_latest_yearly": 3.72,
            "eps_growth_yearly": 30
        },
        "20124": {
            "year_quarter": 20124,
            "year": 2012,
            "quarter": 4,
            "eps": 0.74,
            "eps_growth_year": -25.86,
            "eps_4q": 3.48,
            "eps_4q_growth_year": -14.23,
            "roe": 3.2,
            "roe_4q": 16.830000000000002,
            "gross_profit": 203299,
            "gross_margin": 29.97,
            "gross_margin_4q_avg": 32.68,
            "net_income": 58545,
            "revenue": 678379,
            "common_shares": 842845,
            "book_valuer_per_share": 24.69,
            "book_valuer_per_share_4q_avg": 24.24,
            "equity": 2004044,
            "current_ratio": 264.57,
            "debt_ratio": 30.47,
            "inventory_turnover_ratio": 0.88,
            "account_receivable_turnover_ratio": 1.18,
            "reinvestment_rate": 110.61,
            "research_to_sale_ratio": 6.72,
            "price_fair": 124.34,
            "eps_avg_yearly": 3.55,
            "eps_latest_yearly": 2.96,
            "eps_growth_yearly": 38.6
        },
        "20131": {
            "year_quarter": 20131,
            "year": 2013,
            "quarter": 1,
            "eps": 0.74,
            "eps_growth_year": -20.43,
            "eps_4q": 3.46,
            "eps_4q_growth_year": -4.27,
            "roe": 3.02,
            "roe_4q": 15.98,
            "gross_profit": 203641,
            "gross_margin": 31.87,
            "gross_margin_4q_avg": 32.54,
            "net_income": 61083,
            "revenue": 639054,
            "common_shares": 842845,
            "book_valuer_per_share": 25.17,
            "book_valuer_per_share_4q_avg": 24.24,
            "equity": 2037512,
            "current_ratio": 271.14,
            "debt_ratio": 29.78,
            "inventory_turnover_ratio": 0.78,
            "account_receivable_turnover_ratio": 1.42,
            "reinvestment_rate": 76.47,
            "research_to_sale_ratio": 6.86,
            "price_fair": 123.03,
            "eps_avg_yearly": 3.52,
            "eps_latest_yearly": 2.96,
            "eps_growth_yearly": 33.93
        },
        "20132": {
            "year_quarter": 20132,
            "year": 2013,
            "quarter": 2,
            "eps": 0.55,
            "eps_growth_year": -56.22,
            "eps_4q": 2.67,
            "eps_4q_growth_year": -35.89,
            "roe": 2.27,
            "roe_4q": 12.66,
            "gross_profit": 202544,
            "gross_margin": 32.57,
            "gross_margin_4q_avg": 32.83,
            "net_income": 45062,
            "revenue": 621927,
            "common_shares": 845367,
            "book_valuer_per_share": 23.22,
            "book_valuer_per_share_4q_avg": 24.31,
            "equity": 1929522,
            "current_ratio": 240.98,
            "debt_ratio": 31.91,
            "inventory_turnover_ratio": 0.74,
            "account_receivable_turnover_ratio": 2.06,
            "reinvestment_rate": 75.65,
            "research_to_sale_ratio": 7.58,
            "price_fair": 123.46,
            "eps_avg_yearly": 3.53,
            "eps_latest_yearly": 2.2,
            "eps_growth_yearly": 38.47
        },
        "20133": {
            "year_quarter": 20133,
            "year": 2013,
            "quarter": 3,
            "eps": 0.87,
            "eps_growth_year": -6.74,
            "eps_4q": 2.75,
            "eps_4q_growth_year": -30.68,
            "roe": 3.86,
            "roe_4q": 12.350000000000001,
            "gross_profit": 232465,
            "gross_margin": 33.2,
            "gross_margin_4q_avg": 31.9,
            "net_income": 77892,
            "revenue": 700191,
            "common_shares": 888682,
            "book_valuer_per_share": 23.15,
            "book_valuer_per_share_4q_avg": 24.06,
            "equity": 2103267,
            "current_ratio": 280.93,
            "debt_ratio": 28.72,
            "inventory_turnover_ratio": 0.78,
            "account_receivable_turnover_ratio": 2.2,
            "reinvestment_rate": 72.36,
            "research_to_sale_ratio": 6.44,
            "price_fair": 125.3,
            "eps_avg_yearly": 3.58,
            "eps_latest_yearly": 3.48,
            "eps_growth_yearly": 45.01
        },
        "20134": {
            "year_quarter": 20134,
            "year": 2013,
            "quarter": 4,
            "eps": 0.74,
            "eps_growth_year": -0.34,
            "eps_4q": 2.75,
            "eps_4q_growth_year": -20.82,
            "roe": 3.36,
            "roe_4q": 12.51,
            "gross_profit": 252556,
            "gross_margin": 31.84,
            "gross_margin_4q_avg": 32.37,
            "net_income": 73536,
            "revenue": 793314,
            "common_shares": 891222,
            "book_valuer_per_share": 24.32,
            "book_valuer_per_share_4q_avg": 23.97,
            "equity": 2274317,
            "current_ratio": 292.88,
            "debt_ratio": 25.67,
            "inventory_turnover_ratio": 0.82,
            "account_receivable_turnover_ratio": 2.35,
            "reinvestment_rate": 66.48,
            "research_to_sale_ratio": 6.74,
            "price_fair": 124.95,
            "eps_avg_yearly": 3.57,
            "eps_latest_yearly": 2.96,
            "eps_growth_yearly": 36.73
        },
        "20141": {
            "year_quarter": 20141,
            "year": 2014,
            "quarter": 1,
            "eps": 0.92,
            "eps_growth_year": 24.32,
            "eps_4q": 2.9,
            "eps_4q_growth_year": -15.99,
            "roe": 3.69,
            "roe_4q": 13.18,
            "gross_profit": 251464,
            "gross_margin": 31.08,
            "gross_margin_4q_avg": 32.17,
            "net_income": 89937,
            "revenue": 809163,
            "common_shares": 911367,
            "book_valuer_per_share": 26.02,
            "book_valuer_per_share_4q_avg": 24.18,
            "equity": 2602458,
            "current_ratio": 303.12,
            "debt_ratio": 21.93,
            "inventory_turnover_ratio": 0.78,
            "account_receivable_turnover_ratio": 2.61,
            "reinvestment_rate": 56.77,
            "research_to_sale_ratio": 6.13,
            "price_fair": 126.44,
            "eps_avg_yearly": 3.61,
            "eps_latest_yearly": 3.68,
            "eps_growth_yearly": 43.77
        },
        "20142": {
            "year_quarter": 20142,
            "year": 2014,
            "quarter": 2,
            "eps": 1.23,
            "eps_growth_year": 123.64,
            "eps_4q": 3.51,
            "eps_4q_growth_year": 31.22,
            "roe": 4.84,
            "roe_4q": 15.749999999999998,
            "gross_profit": 341308,
            "gross_margin": 31.97,
            "gross_margin_4q_avg": 32.02,
            "net_income": 116968,
            "revenue": 1067540,
            "common_shares": 947508,
            "book_valuer_per_share": 22.38,
            "book_valuer_per_share_4q_avg": 23.97,
            "equity": 2234831,
            "current_ratio": 189.73,
            "debt_ratio": 32.55,
            "inventory_turnover_ratio": 1.02,
            "account_receivable_turnover_ratio": 3.26,
            "reinvestment_rate": 55.76,
            "research_to_sale_ratio": 6.34,
            "price_fair": 130.2,
            "eps_avg_yearly": 3.72,
            "eps_latest_yearly": 4.92,
            "eps_growth_yearly": 50.53
        },
        "20143": {
            "year_quarter": 20143,
            "year": 2014,
            "quarter": 3,
            "eps": 0.88,
            "eps_growth_year": 1.15,
            "eps_4q": 3.65,
            "eps_4q_growth_year": 32.84,
            "roe": 3.99,
            "roe_4q": 15.879999999999999,
            "gross_profit": 273912,
            "gross_margin": 30,
            "gross_margin_4q_avg": 31.22,
            "net_income": 89037,
            "revenue": 912989,
            "common_shares": 999164,
            "book_valuer_per_share": 21.51,
            "book_valuer_per_share_4q_avg": 23.56,
            "equity": 2230653,
            "current_ratio": 174.53,
            "debt_ratio": 35.57,
            "inventory_turnover_ratio": 0.87,
            "account_receivable_turnover_ratio": 2.03,
            "reinvestment_rate": 58.47,
            "research_to_sale_ratio": 7.59,
            "price_fair": 117.23,
            "eps_avg_yearly": 3.58,
            "eps_latest_yearly": 3.52,
            "eps_growth_yearly": 22.79
        },
        "20144": {
            "year_quarter": 20144,
            "year": 2014,
            "quarter": 4,
            "eps": 1.2,
            "eps_growth_year": 61.85,
            "eps_4q": 4.15,
            "eps_4q_growth_year": 50.84,
            "roe": 5.34,
            "roe_4q": 17.86,
            "gross_profit": 325912,
            "gross_margin": 33.31,
            "gross_margin_4q_avg": 31.59,
            "net_income": 122887,
            "revenue": 978359,
            "common_shares": 999720,
            "book_valuer_per_share": 22.8,
            "book_valuer_per_share_4q_avg": 23.18,
            "equity": 2372370,
            "current_ratio": 181.18,
            "debt_ratio": 35.4,
            "inventory_turnover_ratio": 0.79,
            "account_receivable_turnover_ratio": 1.94,
            "reinvestment_rate": 51.68,
            "research_to_sale_ratio": 6.94,
            "price_fair": 131.69,
            "eps_avg_yearly": 3.76,
            "eps_latest_yearly": 4.8,
            "eps_growth_yearly": 49.18
        },
        "20151": {
            "year_quarter": 20151,
            "year": 2015,
            "quarter": 1,
            "eps": 1.45,
            "eps_growth_year": 57.61,
            "eps_4q": 4.37,
            "eps_4q_growth_year": 50.33,
            "roe": 5.58,
            "roe_4q": 19.75,
            "gross_profit": 364260,
            "gross_margin": 32.35,
            "gross_margin_4q_avg": 31.91,
            "net_income": 146317,
            "revenue": 1126107,
            "common_shares": 1085430,
            "book_valuer_per_share": 25.61,
            "book_valuer_per_share_4q_avg": 23.08,
            "equity": 2873835,
            "current_ratio": 283.17,
            "debt_ratio": 26.62,
            "inventory_turnover_ratio": 0.82,
            "account_receivable_turnover_ratio": 2.3,
            "reinvestment_rate": 50.08,
            "research_to_sale_ratio": 6.17,
            "price_fair": 133.33,
            "eps_avg_yearly": 3.88,
            "eps_latest_yearly": 5.8,
            "eps_growth_yearly": 24.39
        },
        "20152": {
            "year_quarter": 20152,
            "year": 2015,
            "quarter": 2,
            "eps": 0.59,
            "eps_growth_year": -52.03,
            "eps_4q": 3.61,
            "eps_4q_growth_year": 3.01,
            "roe": 2.2,
            "roe_4q": 17.11,
            "gross_profit": 307733,
            "gross_margin": 28.56,
            "gross_margin_4q_avg": 31.06,
            "net_income": 61116,
            "revenue": 1077669,
            "common_shares": 1085430,
            "book_valuer_per_share": 23.53,
            "book_valuer_per_share_4q_avg": 23.36,
            "equity": 2678962,
            "current_ratio": 225.05,
            "debt_ratio": 32.45,
            "inventory_turnover_ratio": 0.78,
            "account_receivable_turnover_ratio": 2.24,
            "reinvestment_rate": 30.83,
            "research_to_sale_ratio": 7.25,
            "price_fair": 88.04,
            "eps_avg_yearly": 3.81,
            "eps_latest_yearly": 2.36,
            "eps_growth_yearly": 13.09
        },
        "20153": {
            "year_quarter": 20153,
            "year": 2015,
            "quarter": 3,
            "eps": 1.4,
            "eps_growth_year": 59.09,
            "eps_4q": 4.38,
            "eps_4q_growth_year": 19.84,
            "roe": 6.24,
            "roe_4q": 19.36,
            "gross_profit": 340235,
            "gross_margin": 33.02,
            "gross_margin_4q_avg": 31.81,
            "net_income": 167208,
            "revenue": 1030425,
            "common_shares": 1138488,
            "book_valuer_per_share": 22.94,
            "book_valuer_per_share_4q_avg": 23.72,
            "equity": 2680248,
            "current_ratio": 237.47,
            "debt_ratio": 30.47,
            "inventory_turnover_ratio": 0.72,
            "account_receivable_turnover_ratio": 2.2,
            "reinvestment_rate": 25.9,
            "research_to_sale_ratio": 6.24,
            "price_fair": 135.01,
            "eps_avg_yearly": 3.86,
            "eps_latest_yearly": 5.6,
            "eps_growth_yearly": 36.53
        },
        "20154": {
            "year_quarter": 20154,
            "year": 2015,
            "quarter": 4,
            "eps": 1.18,
            "eps_growth_year": -1.83,
            "eps_4q": 4.52,
            "eps_4q_growth_year": 8.68,
            "roe": 4.5,
            "roe_4q": 18.520000000000003,
            "gross_profit": 354833,
            "gross_margin": 34.39,
            "gross_margin_4q_avg": 32.08,
            "net_income": 124865,
            "revenue": 1031670,
            "common_shares": 1138488,
            "book_valuer_per_share": 24.12,
            "book_valuer_per_share_4q_avg": 24.05,
            "equity": 2868399,
            "current_ratio": 265.97,
            "debt_ratio": 27.42,
            "inventory_turnover_ratio": 0.76,
            "account_receivable_turnover_ratio": 2.18,
            "reinvestment_rate": 0.57,
            "research_to_sale_ratio": 7.19,
            "price_fair": 136.59,
            "eps_avg_yearly": 3.9,
            "eps_latest_yearly": 4.72,
            "eps_growth_yearly": 37.11
        },
        "20161": {
            "year_quarter": 20161,
            "year": 2016,
            "quarter": 1,
            "eps": 1.53,
            "eps_growth_year": 5.52,
            "eps_4q": 4.73,
            "eps_4q_growth_year": 8.4,
            "roe": 5.64,
            "roe_4q": 18.580000000000002,
            "gross_profit": 402745,
            "gross_margin": 36.25,
            "gross_margin_4q_avg": 33.06,
            "net_income": 166301,
            "revenue": 1111080,
            "common_shares": 1138488,
            "book_valuer_per_share": 25.51,
            "book_valuer_per_share_4q_avg": 24.03,
            "equity": 3030952,
            "current_ratio": 235.65,
            "debt_ratio": 27.4,
            "inventory_turnover_ratio": 0.79,
            "account_receivable_turnover_ratio": 2.1,
            "reinvestment_rate": 0.33,
            "research_to_sale_ratio": 5.9,
            "price_fair": 141.84,
            "eps_avg_yearly": 4.05,
            "eps_latest_yearly": 6.12,
            "eps_growth_yearly": 46.28
        },
        "20162": {
            "year_quarter": 20162,
            "year": 2016,
            "quarter": 2,
            "eps": 1.81,
            "eps_growth_year": 206.78,
            "eps_4q": 5.74,
            "eps_4q_growth_year": 58.96,
            "roe": 7.17,
            "roe_4q": 23.549999999999997,
            "gross_profit": 497431,
            "gross_margin": 37.78,
            "gross_margin_4q_avg": 35.36,
            "net_income": 210257,
            "revenue": 1316502,
            "common_shares": 1138584,
            "book_valuer_per_share": 23.67,
            "book_valuer_per_share_4q_avg": 24.06,
            "equity": 2836874,
            "current_ratio": 190.52,
            "debt_ratio": 33.79,
            "inventory_turnover_ratio": 0.87,
            "account_receivable_turnover_ratio": 2.23,
            "reinvestment_rate": -2.17,
            "research_to_sale_ratio": 5.67,
            "price_fair": 146.65,
            "eps_avg_yearly": 4.19,
            "eps_latest_yearly": 7.24,
            "eps_growth_yearly": 41.98
        },
        "20163": {
            "year_quarter": 20163,
            "year": 2016,
            "quarter": 3,
            "eps": 1.33,
            "eps_growth_year": -5,
            "eps_4q": 5.59,
            "eps_4q_growth_year": 27.7,
            "roe": 5.69,
            "roe_4q": 23,
            "gross_profit": 434597,
            "gross_margin": 34.29,
            "gross_margin_4q_avg": 35.68,
            "net_income": 168556,
            "revenue": 1267324,
            "common_shares": 1182340,
            "book_valuer_per_share": 24.41,
            "book_valuer_per_share_4q_avg": 24.43,
            "equity": 3085442,
            "current_ratio": 219.73,
            "debt_ratio": 29.29,
            "inventory_turnover_ratio": 0.87,
            "account_receivable_turnover_ratio": 1.94,
            "reinvestment_rate": 14.61,
            "research_to_sale_ratio": 5.79,
            "price_fair": 150.15,
            "eps_avg_yearly": 4.29,
            "eps_latest_yearly": 5.32,
            "eps_growth_yearly": 41.9
        },
        "20164": {
            "year_quarter": 20164,
            "year": 2016,
            "quarter": 4,
            "eps": 0.82,
            "eps_growth_year": -30,
            "eps_4q": 5.26,
            "eps_4q_growth_year": 16.6,
            "roe": 3.49,
            "roe_4q": 21.990000000000002,
            "gross_profit": 388874,
            "gross_margin": 34.35,
            "gross_margin_4q_avg": 35.67,
            "net_income": 115361,
            "revenue": 1132179,
            "common_shares": 1202127,
            "book_valuer_per_share": 25.88,
            "book_valuer_per_share_4q_avg": 24.87,
            "equity": 3530652,
            "current_ratio": 250.81,
            "debt_ratio": 26.7,
            "inventory_turnover_ratio": 0.78,
            "account_receivable_turnover_ratio": 1.59,
            "reinvestment_rate": -14.25,
            "research_to_sale_ratio": 7.34,
            "price_fair": 150.85,
            "eps_avg_yearly": 4.31,
            "eps_latest_yearly": 3.28,
            "eps_growth_yearly": 37.42
        },
        "20171": {
            "year_quarter": 20171,
            "year": 2017,
            "quarter": 1,
            "eps": 0.64,
            "eps_growth_year": -58.17,
            "eps_4q": 4.47,
            "eps_4q_growth_year": -5.59,
            "roe": 2.21,
            "roe_4q": 18.560000000000002,
            "gross_profit": 335141,
            "gross_margin": 34,
            "gross_margin_4q_avg": 35.11,
            "net_income": 75183,
            "revenue": 985726,
            "common_shares": 1203809,
            "book_valuer_per_share": 26.49,
            "book_valuer_per_share_4q_avg": 25.11,
            "equity": 3278235,
            "current_ratio": 243.26,
            "debt_ratio": 25.53,
            "inventory_turnover_ratio": 0.65,
            "account_receivable_turnover_ratio": 1.56,
            "reinvestment_rate": 9.2,
            "research_to_sale_ratio": 6.39,
            "price_fair": 149.98,
            "eps_avg_yearly": 4.29,
            "eps_latest_yearly": 2.56,
            "eps_growth_yearly": 31.93
        },
        "20172": {
            "year_quarter": 20172,
            "year": 2017,
            "quarter": 2,
            "eps": 0.54,
            "eps_growth_year": -70.17,
            "eps_4q": 3.22,
            "eps_4q_growth_year": -43.94,
            "roe": 2.2,
            "roe_4q": 13.59,
            "gross_profit": 275297,
            "gross_margin": 29.17,
            "gross_margin_4q_avg": 32.95,
            "net_income": 66689,
            "revenue": 943780,
            "common_shares": 1193386,
            "book_valuer_per_share": 22.66,
            "book_valuer_per_share_4q_avg": 24.86,
            "equity": 2792618,
            "current_ratio": 158.87,
            "debt_ratio": 40.24,
            "inventory_turnover_ratio": 0.63,
            "account_receivable_turnover_ratio": 1.58,
            "reinvestment_rate": 8.54,
            "research_to_sale_ratio": 6.77,
            "price_fair": 149.89,
            "eps_avg_yearly": 4.28,
            "eps_latest_yearly": 2.16,
            "eps_growth_yearly": 34.45
        },
        "20173": {
            "year_quarter": 20173,
            "year": 2017,
            "quarter": 3,
            "eps": 1.22,
            "eps_growth_year": -8.27,
            "eps_4q": 3.14,
            "eps_4q_growth_year": -43.79,
            "roe": 6.04,
            "roe_4q": 13.94,
            "gross_profit": 434997,
            "gross_margin": 31.34,
            "gross_margin_4q_avg": 32.22,
            "net_income": 184062,
            "revenue": 1387789,
            "common_shares": 1234405,
            "book_valuer_per_share": 24.25,
            "book_valuer_per_share_4q_avg": 24.82,
            "equity": 3297897,
            "current_ratio": 186.71,
            "debt_ratio": 35.77,
            "inventory_turnover_ratio": 0.81,
            "account_receivable_turnover_ratio": 1.76,
            "reinvestment_rate": 8.78,
            "research_to_sale_ratio": 5.48,
            "price_fair": 152.95,
            "eps_avg_yearly": 4.37,
            "eps_latest_yearly": 4.88,
            "eps_growth_yearly": 51.38
        },
        "20174": {
            "year_quarter": 20174,
            "year": 2017,
            "quarter": 4,
            "eps": 0.23,
            "eps_growth_year": -72.44,
            "eps_4q": 2.58,
            "eps_4q_growth_year": -51.05,
            "roe": 1.53,
            "roe_4q": 11.98,
            "gross_profit": 295379,
            "gross_margin": 25.79,
            "gross_margin_4q_avg": 30.08,
            "net_income": 50863,
            "revenue": 1145371,
            "common_shares": 1234656,
            "book_valuer_per_share": 24.61,
            "book_valuer_per_share_4q_avg": 24.5,
            "equity": 3358409,
            "current_ratio": 222.95,
            "debt_ratio": 28.59,
            "inventory_turnover_ratio": 0.72,
            "account_receivable_turnover_ratio": 1.46,
            "reinvestment_rate": 9.65,
            "research_to_sale_ratio": 5.32,
            "price_fair": 148.49,
            "eps_avg_yearly": 4.24,
            "eps_latest_yearly": 0.92,
            "eps_growth_yearly": 34.83
        },
        "20181": {
            "year_quarter": 20181,
            "year": 2018,
            "quarter": 1,
            "eps": 0.31,
            "eps_growth_year": -51.56,
            "eps_4q": 2.28,
            "eps_4q_growth_year": -49.05,
            "roe": 1.16,
            "roe_4q": 10.93,
            "gross_profit": 216036,
            "gross_margin": 24.16,
            "gross_margin_4q_avg": 27.62,
            "net_income": 39028,
            "revenue": 894064,
            "common_shares": 1234726,
            "book_valuer_per_share": 24.74,
            "book_valuer_per_share_4q_avg": 24.07,
            "equity": 3367963,
            "current_ratio": 208.84,
            "debt_ratio": 31.07,
            "inventory_turnover_ratio": 0.59,
            "account_receivable_turnover_ratio": 1.46,
            "reinvestment_rate": 10.79,
            "research_to_sale_ratio": 6.17,
            "price_fair": 143.15,
            "eps_avg_yearly": 4.09,
            "eps_latest_yearly": 1.24,
            "eps_growth_yearly": 37.45
        },
        "20182": {
            "year_quarter": 20182,
            "year": 2018,
            "quarter": 2,
            "eps": 0.22,
            "eps_growth_year": -59.26,
            "eps_4q": 1.99,
            "eps_4q_growth_year": -38.28,
            "roe": 1.05,
            "roe_4q": 9.780000000000001,
            "gross_profit": 214272,
            "gross_margin": 22.69,
            "gross_margin_4q_avg": 26,
            "net_income": 33633,
            "revenue": 944296,
            "common_shares": 1234843,
            "book_valuer_per_share": 22.56,
            "book_valuer_per_share_4q_avg": 24.04,
            "equity": 3045354,
            "current_ratio": 159.56,
            "debt_ratio": 41.75,
            "inventory_turnover_ratio": 0.58,
            "account_receivable_turnover_ratio": 1.5,
            "reinvestment_rate": 8.74,
            "research_to_sale_ratio": 7.2,
            "price_fair": 121.89,
            "eps_avg_yearly": 3.84,
            "eps_latest_yearly": 0.88,
            "eps_growth_yearly": 21.76
        },
        "20183": {
            "year_quarter": 20183,
            "year": 2018,
            "quarter": 3,
            "eps": 1.9,
            "eps_growth_year": 55.74,
            "eps_4q": 1.84,
            "eps_4q_growth_year": -41.51,
            "roe": 5.71,
            "roe_4q": 9.45,
            "gross_profit": 289896,
            "gross_margin": 26.43,
            "gross_margin_4q_avg": 24.77,
            "net_income": 243763,
            "revenue": 1096780,
            "common_shares": 1764062,
            "book_valuer_per_share": 29.45,
            "book_valuer_per_share_4q_avg": 25.34,
            "equity": 5491430,
            "current_ratio": 172.87,
            "debt_ratio": 26.93,
            "inventory_turnover_ratio": 0.61,
            "account_receivable_turnover_ratio": 1.59,
            "reinvestment_rate": 135.14,
            "research_to_sale_ratio": 6.14,
            "price_fair": 143.24,
            "eps_avg_yearly": 4.09,
            "eps_latest_yearly": 7.6,
            "eps_growth_yearly": 219.79
        },
        "20184": {
            "year_quarter": 20184,
            "year": 2018,
            "quarter": 4,
            "eps": 0.09,
            "eps_growth_year": -58.33,
            "eps_4q": 1.76,
            "eps_4q_growth_year": -31.65,
            "roe": 0.46,
            "roe_4q": 8.379999999999999,
            "gross_profit": 244870,
            "gross_margin": 24.63,
            "gross_margin_4q_avg": 24.48,
            "net_income": 25576,
            "revenue": 994112,
            "common_shares": 1764185,
            "book_valuer_per_share": 29.3,
            "book_valuer_per_share_4q_avg": 26.51,
            "equity": 5507833,
            "current_ratio": 190.84,
            "debt_ratio": 24.02,
            "inventory_turnover_ratio": 0.59,
            "account_receivable_turnover_ratio": 1.36,
            "reinvestment_rate": 143.08,
            "research_to_sale_ratio": 6.98,
            "price_fair": 133.53,
            "eps_avg_yearly": 3.82,
            "eps_latest_yearly": 0.36,
            "eps_growth_yearly": 186.88
        },
        "20191": {
            "year_quarter": 20191,
            "year": 2019,
            "quarter": 1,
            "eps": 0.92,
            "eps_growth_year": 196.77,
            "eps_4q": 2.2,
            "eps_4q_growth_year": -3.42,
            "roe": 2,
            "roe_4q": 9.22,
            "gross_profit": 252249,
            "gross_margin": 26.65,
            "gross_margin_4q_avg": 25.1,
            "net_income": 111131,
            "revenue": 946665,
            "common_shares": 1764185,
            "book_valuer_per_share": 30.04,
            "book_valuer_per_share_4q_avg": 27.84,
            "equity": 5591502,
            "current_ratio": 189.07,
            "debt_ratio": 24.86,
            "inventory_turnover_ratio": 0.56,
            "account_receivable_turnover_ratio": 1.31,
            "reinvestment_rate": 146.58,
            "research_to_sale_ratio": 6.4,
            "price_fair": 128.89,
            "eps_avg_yearly": 3.68,
            "eps_latest_yearly": 3.68,
            "eps_growth_yearly": 412.23
        },
        "20192": {
            "year_quarter": 20192,
            "year": 2019,
            "quarter": 2,
            "eps": 0.49,
            "eps_growth_year": 122.73,
            "eps_4q": 2.39,
            "eps_4q_growth_year": 20.31,
            "roe": 1.19,
            "roe_4q": 9.36,
            "gross_profit": 231619,
            "gross_margin": 25.4,
            "gross_margin_4q_avg": 25.78,
            "net_income": 64440,
            "revenue": 912039,
            "common_shares": 1764185,
            "book_valuer_per_share": 28.33,
            "book_valuer_per_share_4q_avg": 29.28,
            "equity": 5274514,
            "current_ratio": 164.56,
            "debt_ratio": 29.1,
            "inventory_turnover_ratio": 0.55,
            "account_receivable_turnover_ratio": 1.37,
            "reinvestment_rate": 137.22,
            "research_to_sale_ratio": 6.83,
            "price_fair": 128.01,
            "eps_avg_yearly": 3.66,
            "eps_latest_yearly": 1.96,
            "eps_growth_yearly": 415.37
        },
        "20193": {
            "year_quarter": 20193,
            "year": 2019,
            "quarter": 3,
            "eps": 0.11,
            "eps_growth_year": -94.21,
            "eps_4q": 1.15,
            "eps_4q_growth_year": -37.39,
            "roe": 0.21,
            "roe_4q": 3.86,
            "gross_profit": 217624,
            "gross_margin": 25.44,
            "gross_margin_4q_avg": 25.53,
            "net_income": 11174,
            "revenue": 855322,
            "common_shares": 1764635,
            "book_valuer_per_share": 28.38,
            "book_valuer_per_share_4q_avg": 29.01,
            "equity": 5272314,
            "current_ratio": 140.93,
            "debt_ratio": 29.86,
            "inventory_turnover_ratio": 0.5,
            "account_receivable_turnover_ratio": 1.46,
            "reinvestment_rate": 172.78,
            "research_to_sale_ratio": 7.17,
            "price_fair": 116.73,
            "eps_avg_yearly": 3.34,
            "eps_latest_yearly": 0.44,
            "eps_growth_yearly": 361.66
        },
        "20194": {
            "year_quarter": 20194,
            "year": 2019,
            "quarter": 4,
            "eps": 0.42,
            "eps_growth_year": 340.24,
            "eps_4q": 1.47,
            "eps_4q_growth_year": -16.6,
            "roe": 1.36,
            "roe_4q": 4.76,
            "gross_profit": 249063,
            "gross_margin": 22.11,
            "gross_margin_4q_avg": 24.9,
            "net_income": 72415,
            "revenue": 1126330,
            "common_shares": 1770998,
            "book_valuer_per_share": 28.68,
            "book_valuer_per_share_4q_avg": 28.86,
            "equity": 5339732,
            "current_ratio": 130.79,
            "debt_ratio": 31.4,
            "inventory_turnover_ratio": 0.68,
            "account_receivable_turnover_ratio": 1.97,
            "reinvestment_rate": 198.25,
            "research_to_sale_ratio": 5.47,
            "price_fair": 110.08,
            "eps_avg_yearly": 3.15,
            "eps_latest_yearly": 1.68,
            "eps_growth_yearly": 436.04
        },
        "20201": {
            "year_quarter": 20201,
            "year": 2020,
            "quarter": 1,
            "eps": 0.06,
            "eps_growth_year": -93.48,
            "eps_4q": 0.88,
            "eps_4q_growth_year": -59.88,
            "roe": 0.31,
            "roe_4q": 3.0700000000000003,
            "gross_profit": 252036,
            "gross_margin": 24.24,
            "gross_margin_4q_avg": 24.3,
            "net_income": 15911,
            "revenue": 1039700,
            "common_shares": 1770998,
            "book_valuer_per_share": 26.11,
            "book_valuer_per_share_4q_avg": 27.88,
            "equity": 4853604,
            "current_ratio": 226.91,
            "debt_ratio": 43.03,
            "inventory_turnover_ratio": 0.58,
            "account_receivable_turnover_ratio": 1.87,
            "reinvestment_rate": 272.36,
            "research_to_sale_ratio": 6.26,
            "price_fair": 97.21,
            "eps_avg_yearly": 2.78,
            "eps_latest_yearly": 0.24,
            "eps_growth_yearly": 407.2
        },
        "20202": {
            "year_quarter": 20202,
            "year": 2020,
            "quarter": 2,
            "eps": 0.44,
            "eps_growth_year": -10.2,
            "eps_4q": 0.84,
            "eps_4q_growth_year": -64.66,
            "roe": 0.9,
            "roe_4q": 2.7800000000000002,
            "gross_profit": 174488,
            "gross_margin": 18.96,
            "gross_margin_4q_avg": 22.69,
            "net_income": 45101,
            "revenue": 920241,
            "common_shares": 1770998,
            "book_valuer_per_share": 27.39,
            "book_valuer_per_share_4q_avg": 27.64,
            "equity": 5197704,
            "current_ratio": 273.16,
            "debt_ratio": 41.65,
            "inventory_turnover_ratio": 0.51,
            "account_receivable_turnover_ratio": 1.73,
            "reinvestment_rate": 298.48,
            "research_to_sale_ratio": 6.04,
            "price_fair": 85.23,
            "eps_avg_yearly": 2.44,
            "eps_latest_yearly": 1.76,
            "eps_growth_yearly": 560.96
        },
        "20203": {
            "year_quarter": 20203,
            "year": 2020,
            "quarter": 3,
            "eps": 0.11,
            "eps_growth_year": 0,
            "eps_4q": 0.84,
            "eps_4q_growth_year": -26.78,
            "roe": -0.02,
            "roe_4q": 2.55,
            "gross_profit": 157644,
            "gross_margin": 15.11,
            "gross_margin_4q_avg": 20.11,
            "net_income": -1049,
            "revenue": 1043574,
            "common_shares": 1770998,
            "book_valuer_per_share": 28.9,
            "book_valuer_per_share_4q_avg": 27.77,
            "equity": 5712726,
            "current_ratio": 320.78,
            "debt_ratio": 36.79,
            "inventory_turnover_ratio": 0.57,
            "account_receivable_turnover_ratio": 1.79,
            "reinvestment_rate": 341.1,
            "research_to_sale_ratio": 6.51,
            "price_fair": 74.55,
            "eps_avg_yearly": 2.13,
            "eps_latest_yearly": 0.44,
            "eps_growth_yearly": 548.84
        },
        "20204": {
            "year_quarter": 20204,
            "year": 2020,
            "quarter": 4,
            "eps": 0.09,
            "eps_growth_year": -77.56,
            "eps_4q": 0.51,
            "eps_4q_growth_year": -64.98,
            "roe": 0.01,
            "roe_4q": 1.2,
            "gross_profit": 182630,
            "gross_margin": 14,
            "gross_margin_4q_avg": 18.08,
            "net_income": 423,
            "revenue": 1304755,
            "common_shares": 1770998,
            "book_valuer_per_share": 29.4,
            "book_valuer_per_share_4q_avg": 27.95,
            "equity": 5882363,
            "current_ratio": 392.3,
            "debt_ratio": 41.09,
            "inventory_turnover_ratio": 0.71,
            "account_receivable_turnover_ratio": 1.84,
            "reinvestment_rate": 363.8,
            "research_to_sale_ratio": 4.73,
            "price_fair": 68.16,
            "eps_avg_yearly": 1.95,
            "eps_latest_yearly": 0.36,
            "eps_growth_yearly": 553.88
        },
        "20211": {
            "year_quarter": 20211,
            "year": 2021,
            "quarter": 1,
            "eps": 0.31,
            "eps_growth_year": 416.67,
            "eps_4q": 0.69,
            "eps_4q_growth_year": -21.61,
            "roe": 0,
            "roe_4q": 0.89,
            "gross_profit": 181287,
            "gross_margin": 17.33,
            "gross_margin_4q_avg": 16.35,
            "net_income": 157,
            "revenue": 1046291,
            "common_shares": 1770998,
            "book_valuer_per_share": 27.97,
            "book_valuer_per_share_4q_avg": 28.42,
            "equity": 5742594,
            "current_ratio": 226.61,
            "debt_ratio": 45.52,
            "inventory_turnover_ratio": 0.53,
            "account_receivable_turnover_ratio": 1.46,
            "reinvestment_rate": 382.45,
            "research_to_sale_ratio": 5.52,
            "price_fair": 65.28,
            "eps_avg_yearly": 1.87,
            "eps_latest_yearly": 1.24,
            "eps_growth_yearly": 620.48
        },
        "20212": {
            "year_quarter": 20212,
            "year": 2021,
            "quarter": 2,
            "eps": 0.33,
            "eps_growth_year": -25,
            "eps_4q": 0.62,
            "eps_4q_growth_year": -26.3,
            "roe": 0.03,
            "roe_4q": 0.02,
            "gross_profit": 227605,
            "gross_margin": 11.51,
            "gross_margin_4q_avg": 14.49,
            "net_income": 1752,
            "revenue": 1977779,
            "common_shares": 1770998,
            "book_valuer_per_share": 27.87,
            "book_valuer_per_share_4q_avg": 28.54,
            "equity": 5684924,
            "current_ratio": 248.9,
            "debt_ratio": 45.42,
            "inventory_turnover_ratio": 1.01,
            "account_receivable_turnover_ratio": 2.38,
            "reinvestment_rate": 405.69,
            "research_to_sale_ratio": 2.66,
            "price_fair": 63.44,
            "eps_avg_yearly": 1.81,
            "eps_latest_yearly": 1.32,
            "eps_growth_yearly": 626
        },
        "20213": {
            "year_quarter": 20213,
            "year": 2021,
            "quarter": 3,
            "eps": 0.51,
            "eps_growth_year": 363.64,
            "eps_4q": 0.9,
            "eps_4q_growth_year": 6.57,
            "roe": 0.12,
            "roe_4q": 0.16,
            "gross_profit": 262926,
            "gross_margin": 18.61,
            "gross_margin_4q_avg": 15.36,
            "net_income": 6551,
            "revenue": 1412756,
            "common_shares": 1770998,
            "book_valuer_per_share": 28.02,
            "book_valuer_per_share_4q_avg": 28.32,
            "equity": 5623841,
            "current_ratio": 208.92,
            "debt_ratio": 46.65,
            "inventory_turnover_ratio": 0.65,
            "account_receivable_turnover_ratio": 1.31,
            "reinvestment_rate": 387.99,
            "research_to_sale_ratio": 4.3,
            "price_fair": 57.23,
            "eps_avg_yearly": 1.64,
            "eps_latest_yearly": 2.04,
            "eps_growth_yearly": 608.15
        },
        "20214": {
            "year_quarter": 20214,
            "year": 2021,
            "quarter": 4,
            "eps": 1.07,
            "eps_growth_year": 1046.73,
            "eps_4q": 1.88,
            "eps_4q_growth_year": 266.3,
            "roe": 3.71,
            "roe_4q": 3.86,
            "gross_profit": 363152,
            "gross_margin": 28.59,
            "gross_margin_4q_avg": 19.01,
            "net_income": 212299,
            "revenue": 1270029,
            "common_shares": 1770998,
            "book_valuer_per_share": 29.15,
            "book_valuer_per_share_4q_avg": 28.25,
            "equity": 5816150,
            "current_ratio": 181.36,
            "debt_ratio": 44.87,
            "inventory_turnover_ratio": 0.49,
            "account_receivable_turnover_ratio": 1.38,
            "reinvestment_rate": 346.74,
            "research_to_sale_ratio": 5.15,
            "price_fair": 64.58,
            "eps_avg_yearly": 1.85,
            "eps_latest_yearly": 4.28,
            "eps_growth_yearly": 655.89
        },
        "20221": {
            "year_quarter": 20221,
            "year": 2022,
            "quarter": 1,
            "eps": 1.53,
            "eps_growth_year": 393.55,
            "eps_4q": 2.69,
            "eps_4q_growth_year": 288.93,
            "roe": 3.04,
            "roe_4q": 6.9,
            "gross_profit": 401660,
            "gross_margin": 27.07,
            "gross_margin_4q_avg": 21.45,
            "net_income": 171313,
            "revenue": 1483935,
            "common_shares": 1770998,
            "book_valuer_per_share": 28.19,
            "book_valuer_per_share_4q_avg": 28.31,
            "equity": 5449572,
            "current_ratio": 158.96,
            "debt_ratio": 46.67,
            "inventory_turnover_ratio": 0.55,
            "account_receivable_turnover_ratio": 1.78,
            "reinvestment_rate": 310,
            "research_to_sale_ratio": 4.5,
            "price_fair": 75.25,
            "eps_avg_yearly": 2.15,
            "eps_latest_yearly": 6.12,
            "eps_growth_yearly": 657.94
        },
        "20222": {
            "year_quarter": 20222,
            "year": 2022,
            "quarter": 2,
            "eps": 2.22,
            "eps_growth_year": 572.73,
            "eps_4q": 3.97,
            "eps_4q_growth_year": 537.64,
            "roe": 4.47,
            "roe_4q": 11.339999999999998,
            "gross_profit": 447494,
            "gross_margin": 30.46,
            "gross_margin_4q_avg": 26.18,
            "net_income": 248549,
            "revenue": 1469185,
            "common_shares": 1770998,
            "book_valuer_per_share": 29.54,
            "book_valuer_per_share_4q_avg": 28.73,
            "equity": 5666357,
            "current_ratio": 157.86,
            "debt_ratio": 46.09,
            "inventory_turnover_ratio": 0.48,
            "account_receivable_turnover_ratio": 1.53,
            "reinvestment_rate": 254.95,
            "research_to_sale_ratio": 4.76,
            "price_fair": 92.75,
            "eps_avg_yearly": 2.65,
            "eps_latest_yearly": 8.88,
            "eps_growth_yearly": 676.47
        },
        "20223": {
            "year_quarter": 20223,
            "year": 2022,
            "quarter": 3,
            "eps": 3.4,
            "eps_growth_year": 566.67,
            "eps_4q": 5.58,
            "eps_4q_growth_year": 521.38,
            "roe": 6.97,
            "roe_4q": 18.19,
            "gross_profit": 565171,
            "gross_margin": 30.09,
            "gross_margin_4q_avg": 29.05,
            "net_income": 436071,
            "revenue": 1878394,
            "common_shares": 1770998,
            "book_valuer_per_share": 33.24,
            "book_valuer_per_share_4q_avg": 30.03,
            "equity": 6841609,
            "current_ratio": 198.07,
            "debt_ratio": 40.88,
            "inventory_turnover_ratio": 0.57,
            "account_receivable_turnover_ratio": 1.72,
            "reinvestment_rate": 100.73,
            "research_to_sale_ratio": 4.4,
            "price_fair": 105.88,
            "eps_avg_yearly": 3.03,
            "eps_latest_yearly": 13.6,
            "eps_growth_yearly": 498.85
        },
        "20224": {
            "year_quarter": 20224,
            "year": 2022,
            "quarter": 4,
            "eps": 1.57,
            "eps_growth_year": 46.3,
            "eps_4q": 6.14,
            "eps_4q_growth_year": 225.7,
            "roe": 3.98,
            "roe_4q": 18.459999999999997,
            "gross_profit": 539626,
            "gross_margin": 27.77,
            "gross_margin_4q_avg": 28.85,
            "net_income": 283638,
            "revenue": 1943317,
            "common_shares": 1949967,
            "book_valuer_per_share": 35.94,
            "book_valuer_per_share_4q_avg": 31.73,
            "equity": 7408260,
            "current_ratio": 270.16,
            "debt_ratio": 40.31,
            "inventory_turnover_ratio": 0.59,
            "account_receivable_turnover_ratio": 1.62,
            "reinvestment_rate": 147.97,
            "research_to_sale_ratio": 4.64,
            "price_fair": 118.83,
            "eps_avg_yearly": 3.4,
            "eps_latest_yearly": 6.28,
            "eps_growth_yearly": 509.21
        },
        "20231": {
            "year_quarter": 20231,
            "year": 2023,
            "quarter": 1,
            "eps": 1.87,
            "eps_growth_year": 22.22,
            "eps_4q": 6.53,
            "eps_4q_growth_year": 142.95,
            "roe": 3.08,
            "roe_4q": 18.5,
            "gross_profit": 454278,
            "gross_margin": 28.09,
            "gross_margin_4q_avg": 29.1,
            "net_income": 233714,
            "revenue": 1617116,
            "common_shares": 1949967,
            "book_valuer_per_share": 38.06,
            "book_valuer_per_share_4q_avg": 34.2,
            "equity": 7787722,
            "current_ratio": 330.26,
            "debt_ratio": 38.24,
            "inventory_turnover_ratio": 0.52,
            "account_receivable_turnover_ratio": 1.38,
            "reinvestment_rate": 139.5,
            "research_to_sale_ratio": 4.88,
            "price_fair": 127.14,
            "eps_avg_yearly": 3.63,
            "eps_latest_yearly": 7.48,
            "eps_growth_yearly": 283.43
        }
    },
    "months": {
        "2003-09": {
            "month": "2003-09",
            "price": "70.66",
            "revenue": 50455
        },
        "2003-10": {
            "month": "2003-10",
            "price": "60.58",
            "revenue": 53831
        },
        "2003-11": {
            "month": "2003-11",
            "price": "61.18",
            "revenue": 45959
        },
        "2003-12": {
            "month": "2003-12",
            "price": "63.85",
            "revenue": 54066
        },
        "2004-01": {
            "month": "2004-01",
            "price": "77.17",
            "revenue": 51643
        },
        "2004-02": {
            "month": "2004-02",
            "price": "80.30",
            "revenue": 77239
        },
        "2004-03": {
            "month": "2004-03",
            "price": "79.24",
            "revenue": 87996
        },
        "2004-04": {
            "month": "2004-04",
            "price": "82.25",
            "revenue": 80076
        },
        "2004-05": {
            "month": "2004-05",
            "price": "70.26",
            "revenue": 76443
        },
        "2004-06": {
            "month": "2004-06",
            "price": "65.60",
            "revenue": 75145
        },
        "2004-07": {
            "month": "2004-07",
            "price": "60.75",
            "revenue": 72902
        },
        "2004-08": {
            "month": "2004-08",
            "price": "61.15",
            "revenue": 73648
        },
        "2004-09": {
            "month": "2004-09",
            "price": "65.14",
            "revenue": 60871
        },
        "2004-10": {
            "month": "2004-10",
            "price": "52.49",
            "revenue": 63271
        },
        "2004-11": {
            "month": "2004-11",
            "price": "49.43",
            "revenue": 59767
        },
        "2004-12": {
            "month": "2004-12",
            "price": "48.92",
            "revenue": 60627
        },
        "2005-01": {
            "month": "2005-01",
            "price": "50.49",
            "revenue": 73640
        },
        "2005-02": {
            "month": "2005-02",
            "price": "56.38",
            "revenue": 67414
        },
        "2005-03": {
            "month": "2005-03",
            "price": "72.06",
            "revenue": 100099
        },
        "2005-04": {
            "month": "2005-04",
            "price": "68.04",
            "revenue": 94053
        },
        "2005-05": {
            "month": "2005-05",
            "price": "61.28",
            "revenue": 82640
        },
        "2005-06": {
            "month": "2005-06",
            "price": "64.45",
            "revenue": 99509
        },
        "2005-07": {
            "month": "2005-07",
            "price": "66.94",
            "revenue": 83077
        },
        "2005-08": {
            "month": "2005-08",
            "price": "63.92",
            "revenue": 107791
        },
        "2005-09": {
            "month": "2005-09",
            "price": "59.59",
            "revenue": 118612
        },
        "2005-10": {
            "month": "2005-10",
            "price": "48.82",
            "revenue": 105013
        },
        "2005-11": {
            "month": "2005-11",
            "price": "49.25",
            "revenue": 106643
        },
        "2005-12": {
            "month": "2005-12",
            "price": "55.42",
            "revenue": 114982
        },
        "2006-01": {
            "month": "2006-01",
            "price": "67.72",
            "revenue": 113899
        },
        "2006-02": {
            "month": "2006-02",
            "price": "63.22",
            "revenue": 102132
        },
        "2006-03": {
            "month": "2006-03",
            "price": "63.42",
            "revenue": 129996
        },
        "2006-04": {
            "month": "2006-04",
            "price": "65.93",
            "revenue": 120564
        },
        "2006-05": {
            "month": "2006-05",
            "price": "64.19",
            "revenue": 104233
        },
        "2006-06": {
            "month": "2006-06",
            "price": "58.31",
            "revenue": 110597
        },
        "2006-07": {
            "month": "2006-07",
            "price": "57.98",
            "revenue": 91571
        },
        "2006-08": {
            "month": "2006-08",
            "price": "58.96",
            "revenue": 93449
        },
        "2006-09": {
            "month": "2006-09",
            "price": "57.10",
            "revenue": 103596
        },
        "2006-10": {
            "month": "2006-10",
            "price": "53.03",
            "revenue": 98474
        },
        "2006-11": {
            "month": "2006-11",
            "price": "56.31",
            "revenue": 108842
        },
        "2006-12": {
            "month": "2006-12",
            "price": "66.72",
            "revenue": 110630
        },
        "2007-01": {
            "month": "2007-01",
            "price": "67.45",
            "revenue": 110663
        },
        "2007-02": {
            "month": "2007-02",
            "price": "66.91",
            "revenue": 113788
        },
        "2007-03": {
            "month": "2007-03",
            "price": "75.11",
            "revenue": 139442
        },
        "2007-04": {
            "month": "2007-04",
            "price": "90.23",
            "revenue": 136954
        },
        "2007-05": {
            "month": "2007-05",
            "price": "96.78",
            "revenue": 148415
        },
        "2007-06": {
            "month": "2007-06",
            "price": "135.00",
            "revenue": 139042
        },
        "2007-07": {
            "month": "2007-07",
            "price": "154.93",
            "revenue": 153682
        },
        "2007-08": {
            "month": "2007-08",
            "price": "139.54",
            "revenue": 156584
        },
        "2007-09": {
            "month": "2007-09",
            "price": "136.42",
            "revenue": 151372
        },
        "2007-10": {
            "month": "2007-10",
            "price": "128.50",
            "revenue": 149319
        },
        "2007-11": {
            "month": "2007-11",
            "price": "101.17",
            "revenue": 140070
        },
        "2007-12": {
            "month": "2007-12",
            "price": "89.84",
            "revenue": 130819
        },
        "2008-01": {
            "month": "2008-01",
            "price": "78.18",
            "revenue": 146122
        },
        "2008-02": {
            "month": "2008-02",
            "price": "76.17",
            "revenue": 125088
        },
        "2008-03": {
            "month": "2008-03",
            "price": "86.80",
            "revenue": 158929
        },
        "2008-04": {
            "month": "2008-04",
            "price": "106.73",
            "revenue": 150095
        },
        "2008-05": {
            "month": "2008-05",
            "price": "106.91",
            "revenue": 167738
        },
        "2008-06": {
            "month": "2008-06",
            "price": "85.84",
            "revenue": 176970
        },
        "2008-07": {
            "month": "2008-07",
            "price": "77.51",
            "revenue": 153833
        },
        "2008-08": {
            "month": "2008-08",
            "price": "78.73",
            "revenue": 143970
        },
        "2008-09": {
            "month": "2008-09",
            "price": "63.26",
            "revenue": 120658
        },
        "2008-10": {
            "month": "2008-10",
            "price": "48.68",
            "revenue": 106133
        },
        "2008-11": {
            "month": "2008-11",
            "price": "36.24",
            "revenue": 104651
        },
        "2008-12": {
            "month": "2008-12",
            "price": "36.93",
            "revenue": 116799
        },
        "2009-01": {
            "month": "2009-01",
            "price": "38.41",
            "revenue": 73462
        },
        "2009-02": {
            "month": "2009-02",
            "price": "36.12",
            "revenue": 90491
        },
        "2009-03": {
            "month": "2009-03",
            "price": "39.24",
            "revenue": 114475
        },
        "2009-04": {
            "month": "2009-04",
            "price": "43.48",
            "revenue": 90135
        },
        "2009-05": {
            "month": "2009-05",
            "price": "44.80",
            "revenue": 81538
        },
        "2009-06": {
            "month": "2009-06",
            "price": "43.87",
            "revenue": 90369
        },
        "2009-07": {
            "month": "2009-07",
            "price": "51.09",
            "revenue": 92106
        },
        "2009-08": {
            "month": "2009-08",
            "price": "55.03",
            "revenue": 100410
        },
        "2009-09": {
            "month": "2009-09",
            "price": "59.36",
            "revenue": 120369
        },
        "2009-10": {
            "month": "2009-10",
            "price": "54.53",
            "revenue": 131409
        },
        "2009-11": {
            "month": "2009-11",
            "price": "54.50",
            "revenue": 140386
        },
        "2009-12": {
            "month": "2009-12",
            "price": "60.21",
            "revenue": 143991
        },
        "2010-01": {
            "month": "2010-01",
            "price": "59.51",
            "revenue": 132508
        },
        "2010-02": {
            "month": "2010-02",
            "price": "54.21",
            "revenue": 109723
        },
        "2010-03": {
            "month": "2010-03",
            "price": "56.38",
            "revenue": 130408
        },
        "2010-04": {
            "month": "2010-04",
            "price": "56.22",
            "revenue": 136330
        },
        "2010-05": {
            "month": "2010-05",
            "price": "48.10",
            "revenue": 134724
        },
        "2010-06": {
            "month": "2010-06",
            "price": "47.83",
            "revenue": 157490
        },
        "2010-07": {
            "month": "2010-07",
            "price": "49.38",
            "revenue": 160442
        },
        "2010-08": {
            "month": "2010-08",
            "price": "49.89",
            "revenue": 180033
        },
        "2010-09": {
            "month": "2010-09",
            "price": "49.93",
            "revenue": 201894
        },
        "2010-10": {
            "month": "2010-10",
            "price": "49.52",
            "revenue": 196179
        },
        "2010-11": {
            "month": "2010-11",
            "price": "49.11",
            "revenue": 147899
        },
        "2010-12": {
            "month": "2010-12",
            "price": "49.70",
            "revenue": 172349
        },
        "2011-01": {
            "month": "2011-01",
            "price": "49.49",
            "revenue": 178215
        },
        "2011-02": {
            "month": "2011-02",
            "price": "47.43",
            "revenue": 150185
        },
        "2011-03": {
            "month": "2011-03",
            "price": "46.67",
            "revenue": 178225
        },
        "2011-04": {
            "month": "2011-04",
            "price": "49.21",
            "revenue": 190638
        },
        "2011-05": {
            "month": "2011-05",
            "price": "51.70",
            "revenue": 155142
        },
        "2011-06": {
            "month": "2011-06",
            "price": "49.15",
            "revenue": 149654
        },
        "2011-07": {
            "month": "2011-07",
            "price": "46.51",
            "revenue": 150336
        },
        "2011-08": {
            "month": "2011-08",
            "price": "39.28",
            "revenue": 161966
        },
        "2011-09": {
            "month": "2011-09",
            "price": "36.63",
            "revenue": 187306
        },
        "2011-10": {
            "month": "2011-10",
            "price": "34.43",
            "revenue": 188530
        },
        "2011-11": {
            "month": "2011-11",
            "price": "35.41",
            "revenue": 203871
        },
        "2011-12": {
            "month": "2011-12",
            "price": "34.11",
            "revenue": 197101
        },
        "2012-01": {
            "month": "2012-01",
            "price": "35.71",
            "revenue": 151192
        },
        "2012-02": {
            "month": "2012-02",
            "price": "42.47",
            "revenue": 205212
        },
        "2012-03": {
            "month": "2012-03",
            "price": "45.47",
            "revenue": 219791
        },
        "2012-04": {
            "month": "2012-04",
            "price": "41.99",
            "revenue": 205907
        },
        "2012-05": {
            "month": "2012-05",
            "price": "41.09",
            "revenue": 210777
        },
        "2012-06": {
            "month": "2012-06",
            "price": "39.87",
            "revenue": 213344
        },
        "2012-07": {
            "month": "2012-07",
            "price": "41.65",
            "revenue": 150624
        },
        "2012-08": {
            "month": "2012-08",
            "price": "38.91",
            "revenue": 154873
        },
        "2012-09": {
            "month": "2012-09",
            "price": "39.23",
            "revenue": 182598
        },
        "2012-10": {
            "month": "2012-10",
            "price": "36.02",
            "revenue": 181050
        },
        "2012-11": {
            "month": "2012-11",
            "price": "35.00",
            "revenue": 153907
        },
        "2012-12": {
            "month": "2012-12",
            "price": "36.07",
            "revenue": 157121
        },
        "2013-01": {
            "month": "2013-01",
            "price": "36.80",
            "revenue": 227831
        },
        "2013-02": {
            "month": "2013-02",
            "price": "38.03",
            "revenue": 228754
        },
        "2013-03": {
            "month": "2013-03",
            "price": "40.93",
            "revenue": 182448
        },
        "2013-04": {
            "month": "2013-04",
            "price": "39.52",
            "revenue": 196591
        },
        "2013-05": {
            "month": "2013-05",
            "price": "39.89",
            "revenue": 192350
        },
        "2013-06": {
            "month": "2013-06",
            "price": "38.72",
            "revenue": 232183
        },
        "2013-07": {
            "month": "2013-07",
            "price": "40.30",
            "revenue": 236884
        },
        "2013-08": {
            "month": "2013-08",
            "price": "37.21",
            "revenue": 216586
        },
        "2013-09": {
            "month": "2013-09",
            "price": "36.54",
            "revenue": 248658
        },
        "2013-10": {
            "month": "2013-10",
            "price": "41.57",
            "revenue": 243936
        },
        "2013-11": {
            "month": "2013-11",
            "price": "40.14",
            "revenue": 293807
        },
        "2013-12": {
            "month": "2013-12",
            "price": "42.19",
            "revenue": 256429
        },
        "2014-01": {
            "month": "2014-01",
            "price": "47.08",
            "revenue": 316132
        },
        "2014-02": {
            "month": "2014-02",
            "price": "52.56",
            "revenue": 230662
        },
        "2014-03": {
            "month": "2014-03",
            "price": "66.87",
            "revenue": 257860
        },
        "2014-04": {
            "month": "2014-04",
            "price": "62.56",
            "revenue": 402842
        },
        "2014-05": {
            "month": "2014-05",
            "price": "62.37",
            "revenue": 371992
        },
        "2014-06": {
            "month": "2014-06",
            "price": "69.14",
            "revenue": 296961
        },
        "2014-07": {
            "month": "2014-07",
            "price": "64.90",
            "revenue": 231903
        },
        "2014-08": {
            "month": "2014-08",
            "price": "59.53",
            "revenue": 283999
        },
        "2014-09": {
            "month": "2014-09",
            "price": "58.50",
            "revenue": 397266
        },
        "2014-10": {
            "month": "2014-10",
            "price": "54.89",
            "revenue": 303625
        },
        "2014-11": {
            "month": "2014-11",
            "price": "51.68",
            "revenue": 332093
        },
        "2014-12": {
            "month": "2014-12",
            "price": "53.46",
            "revenue": 331220
        },
        "2015-01": {
            "month": "2015-01",
            "price": "53.30",
            "revenue": 405910
        },
        "2015-02": {
            "month": "2015-02",
            "price": "53.71",
            "revenue": 316947
        },
        "2015-03": {
            "month": "2015-03",
            "price": "58.39",
            "revenue": 402568
        },
        "2015-04": {
            "month": "2015-04",
            "price": "67.16",
            "revenue": 378669
        },
        "2015-05": {
            "month": "2015-05",
            "price": "66.70",
            "revenue": 359605
        },
        "2015-06": {
            "month": "2015-06",
            "price": "67.82",
            "revenue": 339657
        },
        "2015-07": {
            "month": "2015-07",
            "price": "58.70",
            "revenue": 375859
        },
        "2015-08": {
            "month": "2015-08",
            "price": "49.26",
            "revenue": 343783
        },
        "2015-09": {
            "month": "2015-09",
            "price": "49.15",
            "revenue": 317029
        },
        "2015-10": {
            "month": "2015-10",
            "price": "50.51",
            "revenue": 312048
        },
        "2015-11": {
            "month": "2015-11",
            "price": "51.83",
            "revenue": 318584
        },
        "2015-12": {
            "month": "2015-12",
            "price": "52.29",
            "revenue": 393701
        },
        "2016-01": {
            "month": "2016-01",
            "price": "49.69",
            "revenue": 390636
        },
        "2016-02": {
            "month": "2016-02",
            "price": "52.75",
            "revenue": 267327
        },
        "2016-03": {
            "month": "2016-03",
            "price": "54.87",
            "revenue": 452443
        },
        "2016-04": {
            "month": "2016-04",
            "price": "56.64",
            "revenue": 452670
        },
        "2016-05": {
            "month": "2016-05",
            "price": "59.09",
            "revenue": 413886
        },
        "2016-06": {
            "month": "2016-06",
            "price": "62.91",
            "revenue": 449488
        },
        "2016-07": {
            "month": "2016-07",
            "price": "65.34",
            "revenue": 413380
        },
        "2016-08": {
            "month": "2016-08",
            "price": "68.19",
            "revenue": 434080
        },
        "2016-09": {
            "month": "2016-09",
            "price": "72.07",
            "revenue": 418925
        },
        "2016-10": {
            "month": "2016-10",
            "price": "68.98",
            "revenue": 380649
        },
        "2016-11": {
            "month": "2016-11",
            "price": "62.81",
            "revenue": 381657
        },
        "2016-12": {
            "month": "2016-12",
            "price": "62.47",
            "revenue": 370796
        },
        "2017-01": {
            "month": "2017-01",
            "price": "61.92",
            "revenue": 345083
        },
        "2017-02": {
            "month": "2017-02",
            "price": "62.22",
            "revenue": 295255
        },
        "2017-03": {
            "month": "2017-03",
            "price": "64.05",
            "revenue": 341876
        },
        "2017-04": {
            "month": "2017-04",
            "price": "59.66",
            "revenue": 271938
        },
        "2017-05": {
            "month": "2017-05",
            "price": "58.36",
            "revenue": 317789
        },
        "2017-06": {
            "month": "2017-06",
            "price": "59.11",
            "revenue": 359083
        },
        "2017-07": {
            "month": "2017-07",
            "price": "59.89",
            "revenue": 311202
        },
        "2017-08": {
            "month": "2017-08",
            "price": "53.33",
            "revenue": 566682
        },
        "2017-09": {
            "month": "2017-09",
            "price": "53.63",
            "revenue": 508309
        },
        "2017-10": {
            "month": "2017-10",
            "price": "54.03",
            "revenue": 501033
        },
        "2017-11": {
            "month": "2017-11",
            "price": "52.74",
            "revenue": 311983
        },
        "2017-12": {
            "month": "2017-12",
            "price": "50.16",
            "revenue": 335112
        },
        "2018-01": {
            "month": "2018-01",
            "price": "49.40",
            "revenue": 318938
        },
        "2018-02": {
            "month": "2018-02",
            "price": "47.08",
            "revenue": 244423
        },
        "2018-03": {
            "month": "2018-03",
            "price": "46.36",
            "revenue": 328991
        },
        "2018-04": {
            "month": "2018-04",
            "price": "44.77",
            "revenue": 297726
        },
        "2018-05": {
            "month": "2018-05",
            "price": "44.76",
            "revenue": 348882
        },
        "2018-06": {
            "month": "2018-06",
            "price": "49.43",
            "revenue": 303173
        },
        "2018-07": {
            "month": "2018-07",
            "price": "47.13",
            "revenue": 429498
        },
        "2018-08": {
            "month": "2018-08",
            "price": "46.23",
            "revenue": 331141
        },
        "2018-09": {
            "month": "2018-09",
            "price": "41.84",
            "revenue": 333160
        },
        "2018-10": {
            "month": "2018-10",
            "price": "35.11",
            "revenue": 347701
        },
        "2018-11": {
            "month": "2018-11",
            "price": "35.82",
            "revenue": 370673
        },
        "2018-12": {
            "month": "2018-12",
            "price": "38.64",
            "revenue": 281429
        },
        "2019-01": {
            "month": "2019-01",
            "price": "39.20",
            "revenue": 329005
        },
        "2019-02": {
            "month": "2019-02",
            "price": "41.03",
            "revenue": 244973
        },
        "2019-03": {
            "month": "2019-03",
            "price": "39.70",
            "revenue": 368351
        },
        "2019-04": {
            "month": "2019-04",
            "price": "39.68",
            "revenue": 305699
        },
        "2019-05": {
            "month": "2019-05",
            "price": "39.85",
            "revenue": 324943
        },
        "2019-06": {
            "month": "2019-06",
            "price": "41.76",
            "revenue": 285694
        },
        "2019-07": {
            "month": "2019-07",
            "price": "45.44",
            "revenue": 240960
        },
        "2019-08": {
            "month": "2019-08",
            "price": "43.63",
            "revenue": 258063
        },
        "2019-09": {
            "month": "2019-09",
            "price": "43.66",
            "revenue": 356757
        },
        "2019-10": {
            "month": "2019-10",
            "price": "45.51",
            "revenue": 330707
        },
        "2019-11": {
            "month": "2019-11",
            "price": "45.18",
            "revenue": 430116
        },
        "2019-12": {
            "month": "2019-12",
            "price": "44.82",
            "revenue": 340416
        },
        "2020-01": {
            "month": "2020-01",
            "price": "44.39",
            "revenue": 372206
        },
        "2020-02": {
            "month": "2020-02",
            "price": "44.42",
            "revenue": 329124
        },
        "2020-03": {
            "month": "2020-03",
            "price": "37.65",
            "revenue": 342459
        },
        "2020-04": {
            "month": "2020-04",
            "price": "36.44",
            "revenue": 288749
        },
        "2020-05": {
            "month": "2020-05",
            "price": "38.37",
            "revenue": 297038
        },
        "2020-06": {
            "month": "2020-06",
            "price": "40.11",
            "revenue": 325350
        },
        "2020-07": {
            "month": "2020-07",
            "price": "41.12",
            "revenue": 352925
        },
        "2020-08": {
            "month": "2020-08",
            "price": "44.11",
            "revenue": 343310
        },
        "2020-09": {
            "month": "2020-09",
            "price": "43.51",
            "revenue": 352803
        },
        "2020-10": {
            "month": "2020-10",
            "price": "41.25",
            "revenue": 427377
        },
        "2020-11": {
            "month": "2020-11",
            "price": "39.83",
            "revenue": 466193
        },
        "2020-12": {
            "month": "2020-12",
            "price": "38.77",
            "revenue": 411912
        },
        "2021-01": {
            "month": "2021-01",
            "price": "37.22",
            "revenue": 332016
        },
        "2021-02": {
            "month": "2021-02",
            "price": "35.91",
            "revenue": 309815
        },
        "2021-03": {
            "month": "2021-03",
            "price": "36.85",
            "revenue": 402193
        },
        "2021-04": {
            "month": "2021-04",
            "price": "39.63",
            "revenue": 700367
        },
        "2021-05": {
            "month": "2021-05",
            "price": "39.51",
            "revenue": 733323
        },
        "2021-06": {
            "month": "2021-06",
            "price": "41.01",
            "revenue": 550575
        },
        "2021-07": {
            "month": "2021-07",
            "price": "41.00",
            "revenue": 445666
        },
        "2021-08": {
            "month": "2021-08",
            "price": "36.72",
            "revenue": 505866
        },
        "2021-09": {
            "month": "2021-09",
            "price": "39.36",
            "revenue": 457709
        },
        "2021-10": {
            "month": "2021-10",
            "price": "39.32",
            "revenue": 566922
        },
        "2021-11": {
            "month": "2021-11",
            "price": "39.27",
            "revenue": 454537
        },
        "2021-12": {
            "month": "2021-12",
            "price": "40.46",
            "revenue": 387867
        },
        "2022-01": {
            "month": "2022-01",
            "price": "39.81",
            "revenue": 428865
        },
        "2022-02": {
            "month": "2022-02",
            "price": "40.22",
            "revenue": 372135
        },
        "2022-03": {
            "month": "2022-03",
            "price": "41.62",
            "revenue": 683126
        },
        "2022-04": {
            "month": "2022-04",
            "price": "48.82",
            "revenue": 389948
        },
        "2022-05": {
            "month": "2022-05",
            "price": "48.67",
            "revenue": 444187
        },
        "2022-06": {
            "month": "2022-06",
            "price": "52.06",
            "revenue": 642122
        },
        "2022-07": {
            "month": "2022-07",
            "price": "64.31",
            "revenue": 515255
        },
        "2022-08": {
            "month": "2022-08",
            "price": "71.48",
            "revenue": 693639
        },
        "2022-09": {
            "month": "2022-09",
            "price": "77.71",
            "revenue": 667591
        },
        "2022-10": {
            "month": "2022-10",
            "price": "64.78",
            "revenue": 595845
        },
        "2022-11": {
            "month": "2022-11",
            "price": "72.55",
            "revenue": 680468
        },
        "2022-12": {
            "month": "2022-12",
            "price": "80.63",
            "revenue": 672210
        },
        "2023-01": {
            "month": "2023-01",
            "price": "75.68",
            "revenue": 453421
        },
        "2023-02": {
            "month": "2023-02",
            "price": "80.41",
            "revenue": 613516
        },
        "2023-03": {
            "month": "2023-03",
            "price": "82.69",
            "revenue": 550544
        },
        "2023-04": {
            "month": "2023-04",
            "price": "80.09",
            "revenue": 489416
        },
        "2023-05": {
            "month": "2023-05",
            "price": "79.22",
            "revenue": 576562
        }
    }
}
