{
    "summary": {
        "stock_name": "安國",
        "stock_id": "8054",
        "category": "半導體",
        "main_business": "IC設計及銷售",
        "website_url": "http://www.alcormicro.com",
        "ceo": "蔡玲君",
        "pe_ratio": -169,
        "report_year_from": 2001,
        "report_year_to": 2023,
        "age": 22,
        "eps_negative_percentage": 15,
        "eps_growth_avg": {
            "last_all": -12.6,
            "last_2y": -83.24,
            "last_4y": -59.51,
            "last_8y": -30.65,
            "last_12y": -18.97,
            "last_16y": -17.83,
            "last_20y": null,
            "at_2006_last_3y": null,
            "at_2007_last_3y": null,
            "at_2008_last_3y": -6.14,
            "at_2009_last_3y": -14.71,
            "at_2010_last_3y": -10.08,
            "at_2011_last_3y": 7.21,
            "at_2012_last_3y": 11.18,
            "at_2013_last_3y": 1.48,
            "at_2014_last_3y": -9.38,
            "at_2015_last_3y": -32.6,
            "at_2016_last_3y": -25.94,
            "at_2017_last_3y": -9.01,
            "at_2018_last_3y": 0.84,
            "at_2019_last_3y": -12.78,
            "at_2020_last_3y": -11.56,
            "at_2021_last_3y": -47.64,
            "at_2022_last_3y": -91.62,
            "at_2023_last_3y": -91.62,
            "at_2006_last_all": 28.09,
            "at_2007_last_all": 11.47,
            "at_2008_last_all": -6.14,
            "at_2009_last_all": 1.42,
            "at_2010_last_all": 2.65,
            "at_2011_last_all": 9.04,
            "at_2012_last_all": 2.52,
            "at_2013_last_all": 1.45,
            "at_2014_last_all": -2.16,
            "at_2015_last_all": -6.11,
            "at_2016_last_all": -6.97,
            "at_2017_last_all": -1.77,
            "at_2018_last_all": -1.31,
            "at_2019_last_all": -7.89,
            "at_2020_last_all": -7.89,
            "at_2021_last_all": -7.89,
            "at_2022_last_all": -12.6,
            "at_2023_last_all": -12.6
        },
        "latest_eps": -0.21,
        "latest_price": 35.5,
        "latest_roe": -0.05,
        "latest_gross_margin": 38.91,
        "latest_equity": 4019952,
        "latest_revenue": 387946,
        "latest_gross_profit": 150963,
        "latest_net_income": -77375,
        "latest_debt_ratio": 15.25,
        "latest_current_ratio": 541.36,
        "latest_account_receivable_turnover_ratio": 1.41,
        "latest_inventory_turnover_ratio": 0.36,
        "latest_reinvestment_rate": 59,
        "latest_research_to_sale_ratio": 31.75
    },
    "eps_dividends": {
        "2001": {
            "cash": 0,
            "stock": 0,
            "eps": 0
        },
        "2002": {
            "cash": 0,
            "stock": 0.98,
            "eps": 0
        },
        "2003": {
            "cash": 0,
            "stock": 0,
            "eps": 0
        },
        "2004": {
            "cash": 1,
            "stock": 1.76,
            "eps": 4.14
        },
        "2005": {
            "cash": 1.05,
            "stock": 1.57,
            "eps": 6.87
        },
        "2006": {
            "cash": 1.5,
            "stock": 2.49,
            "eps": 6.2
        },
        "2007": {
            "cash": 2.48,
            "stock": 0.99,
            "eps": 4.85
        },
        "2008": {
            "cash": 1.5,
            "stock": 1,
            "eps": 1.99
        },
        "2009": {
            "cash": 1,
            "stock": 0,
            "eps": 2.62
        },
        "2010": {
            "cash": 2,
            "stock": 0,
            "eps": 2.85
        },
        "2011": {
            "cash": 2.5,
            "stock": 0,
            "eps": 4.2
        },
        "2012": {
            "cash": 3.3,
            "stock": 0,
            "eps": 2.39
        },
        "2013": {
            "cash": 1.8,
            "stock": 0,
            "eps": 2.22
        },
        "2014": {
            "cash": 2,
            "stock": 0,
            "eps": 1.45
        },
        "2015": {
            "cash": 1.5,
            "stock": 0,
            "eps": 0.79
        },
        "2016": {
            "cash": 1,
            "stock": 0,
            "eps": 0.66
        },
        "2017": {
            "cash": 0.8,
            "stock": 0,
            "eps": 1.06
        },
        "2018": {
            "cash": 1,
            "stock": 0,
            "eps": 1.11
        },
        "2019": {
            "cash": 1,
            "stock": 0,
            "eps": -1.4
        },
        "2020": {
            "cash": 0.5,
            "stock": 0,
            "eps": -0.6
        },
        "2021": {
            "cash": 0.5,
            "stock": 0,
            "eps": 3.4
        },
        "2022": {
            "cash": 1.65,
            "stock": 0,
            "eps": 0.57
        },
        "2023": {
            "cash": 0.5,
            "stock": 0,
            "eps": -0.61
        }
    },
    "dividends": {
        "2002-05-14": {
            "cash": 0,
            "stock": 0.98
        },
        "2004-04-21": {
            "cash": 1,
            "stock": 1.76
        },
        "2005-04-26": {
            "cash": 1.05,
            "stock": 1.57
        },
        "2006-04-19": {
            "cash": 1.5,
            "stock": 2.49
        },
        "2007-04-11": {
            "cash": 2.48,
            "stock": 0.99
        },
        "2008-04-29": {
            "cash": 1.5,
            "stock": 1
        },
        "2009-04-27": {
            "cash": 1,
            "stock": 0
        },
        "2010-06-17": {
            "cash": 2,
            "stock": 0
        },
        "2011-04-28": {
            "cash": 2.5,
            "stock": 0
        },
        "2012-06-22": {
            "cash": 3.3,
            "stock": 0
        },
        "2013-06-14": {
            "cash": 1.8,
            "stock": 0
        },
        "2014-08-07": {
            "cash": 2,
            "stock": 0
        },
        "2015-08-07": {
            "cash": 1.5,
            "stock": 0
        },
        "2016-08-19": {
            "cash": 1,
            "stock": 0
        },
        "2017-08-18": {
            "cash": 0.8,
            "stock": 0
        },
        "2018-08-08": {
            "cash": 1,
            "stock": 0
        },
        "2019-08-08": {
            "cash": 1,
            "stock": 0
        },
        "2020-08-07": {
            "cash": 0.5,
            "stock": 0
        },
        "2021-08-24": {
            "cash": 0.5,
            "stock": 0
        },
        "2022-07-15": {
            "cash": 1.65,
            "stock": 0
        },
        "2023-07-27": {
            "cash": 0.5,
            "stock": 0
        }
    },
    "prices": {
        "200101": "無",
        "200102": "無",
        "200103": "無",
        "200104": "無",
        "200105": "無",
        "200106": "無",
        "200107": "無",
        "200108": "無",
        "200109": "無",
        "200110": "無",
        "200111": "無",
        "200112": "無",
        "200201": "無",
        "200202": "無",
        "200203": "無",
        "200204": "無",
        "200205": "無",
        "200206": "無",
        "200207": "無",
        "200208": "無",
        "200209": "無",
        "200210": "無",
        "200211": "無",
        "200212": "無",
        "200301": "無",
        "200302": "無",
        "200303": "無",
        "200304": "無",
        "200305": "無",
        "200306": "無",
        "200307": "無",
        "200308": "無",
        "200309": "22.50",
        "200310": "29.50",
        "200311": "34.88",
        "200312": "36.07",
        "200401": "47.68",
        "200402": "51.22",
        "200403": "53.84",
        "200404": "59.78",
        "200405": "60.43",
        "200406": "60.26",
        "200407": "53.89",
        "200408": "44.72",
        "200409": "35.73",
        "200410": "34.05",
        "200411": "31.48",
        "200412": "31.12",
        "200501": "33.38",
        "200502": "37.68",
        "200503": "44.92",
        "200504": "42.06",
        "200505": "43.32",
        "200506": "58.75",
        "200507": "69.98",
        "200508": "63.10",
        "200509": "59.41",
        "200510": "68.05",
        "200511": "70.81",
        "200512": "76.85",
        "200601": "101.41",
        "200602": "94.10",
        "200603": "100.47",
        "200604": "107.32",
        "200605": "115.88",
        "200606": "91.83",
        "200607": "93.84",
        "200608": "101.24",
        "200609": "96.49",
        "200610": "81.87",
        "200611": "86.58",
        "200612": "100.13",
        "200701": "133.70",
        "200702": "128.46",
        "200703": "152.43",
        "200704": "174.38",
        "200705": "189.95",
        "200706": "264.05",
        "200707": "255.98",
        "200708": "173.43",
        "200709": "160.47",
        "200710": "155.91",
        "200711": "102.43",
        "200712": "103.95",
        "200801": "84.35",
        "200802": "68.31",
        "200803": "81.12",
        "200804": "79.75",
        "200805": "99.44",
        "200806": "83.46",
        "200807": "65.49",
        "200808": "64.39",
        "200809": "48.10",
        "200810": "43.35",
        "200811": "35.20",
        "200812": "30.78",
        "200901": "33.05",
        "200902": "34.97",
        "200903": "43.08",
        "200904": "54.24",
        "200905": "62.37",
        "200906": "54.96",
        "200907": "55.71",
        "200908": "55.92",
        "200909": "60.99",
        "200910": "63.15",
        "200911": "64.94",
        "200912": "67.07",
        "201001": "65.30",
        "201002": "55.04",
        "201003": "56.50",
        "201004": "60.62",
        "201005": "54.42",
        "201006": "51.14",
        "201007": "52.86",
        "201008": "52.65",
        "201009": "55.76",
        "201010": "53.00",
        "201011": "49.41",
        "201012": "57.44",
        "201101": "60.50",
        "201102": "53.35",
        "201103": "48.18",
        "201104": "52.00",
        "201105": "56.48",
        "201106": "52.13",
        "201107": "46.30",
        "201108": "38.56",
        "201109": "40.94",
        "201110": "40.71",
        "201111": "38.85",
        "201112": "37.90",
        "201201": "39.66",
        "201202": "45.94",
        "201203": "52.19",
        "201204": "53.96",
        "201205": "51.59",
        "201206": "48.36",
        "201207": "48.10",
        "201208": "47.24",
        "201209": "43.54",
        "201210": "36.26",
        "201211": "32.85",
        "201212": "33.26",
        "201301": "34.01",
        "201302": "35.15",
        "201303": "34.56",
        "201304": "34.06",
        "201305": "33.81",
        "201306": "32.66",
        "201307": "30.83",
        "201308": "26.15",
        "201309": "28.85",
        "201310": "28.06",
        "201311": "27.04",
        "201312": "30.46",
        "201401": "36.05",
        "201402": "34.07",
        "201403": "36.22",
        "201404": "38.86",
        "201405": "39.54",
        "201406": "39.36",
        "201407": "36.13",
        "201408": "32.91",
        "201409": "31.33",
        "201410": "26.21",
        "201411": "25.53",
        "201412": "27.62",
        "201501": "27.41",
        "201502": "26.98",
        "201503": "28.11",
        "201504": "26.02",
        "201505": "24.18",
        "201506": "23.33",
        "201507": "24.44",
        "201508": "22.47",
        "201509": "20.38",
        "201510": "22.07",
        "201511": "20.96",
        "201512": "20.82",
        "201601": "19.65",
        "201602": "19.47",
        "201603": "20.07",
        "201604": "19.22",
        "201605": "18.05",
        "201606": "18.83",
        "201607": "19.04",
        "201608": "19.99",
        "201609": "20.24",
        "201610": "19.53",
        "201611": "18.27",
        "201612": "18.54",
        "201701": "18.65",
        "201702": "18.89",
        "201703": "19.60",
        "201704": "20.91",
        "201705": "19.11",
        "201706": "18.83",
        "201707": "18.70",
        "201708": "19.57",
        "201709": "19.88",
        "201710": "20.09",
        "201711": "20.45",
        "201712": "20.28",
        "201801": "20.90",
        "201802": "19.29",
        "201803": "19.26",
        "201804": "18.75",
        "201805": "19.04",
        "201806": "19.57",
        "201807": "18.10",
        "201808": "18.22",
        "201809": "18.63",
        "201810": "17.45",
        "201811": "16.64",
        "201812": "17.30",
        "201901": "17.32",
        "201902": "17.67",
        "201903": "17.90",
        "201904": "18.02",
        "201905": "16.34",
        "201906": "15.82",
        "201907": "15.25",
        "201908": "14.63",
        "201909": "14.79",
        "201910": "14.68",
        "201911": "14.08",
        "201912": "13.89",
        "202001": "13.73",
        "202002": "13.53",
        "202003": "11.90",
        "202004": "11.53",
        "202005": "12.24",
        "202006": "14.39",
        "202007": "19.32",
        "202008": "17.58",
        "202009": "18.30",
        "202010": "18.53",
        "202011": "18.34",
        "202012": "21.00",
        "202101": "22.84",
        "202102": "31.06",
        "202103": "44.15",
        "202104": "51.84",
        "202105": "40.70",
        "202106": "44.89",
        "202107": "55.53",
        "202108": "50.38",
        "202109": "51.17",
        "202110": "45.95",
        "202111": "59.65",
        "202112": "62.81",
        "202201": "53.59",
        "202202": "54.52",
        "202203": "57.90",
        "202204": "52.84",
        "202205": "45.44",
        "202206": "41.27",
        "202207": "36.13",
        "202208": "38.24",
        "202209": "35.17",
        "202210": "31.62",
        "202211": "33.22",
        "202212": "32.35",
        "202301": "31.43",
        "202302": "34.20",
        "202303": "34.52",
        "202304": "33.33",
        "202305": "32.14",
        "202306": "35.45"
    },
    "quarters": {
        "20011": {
            "year_quarter": 20011,
            "year": 2001,
            "quarter": 1,
            "eps": null,
            "eps_growth_year": null,
            "eps_4q": null,
            "eps_4q_growth_year": null,
            "roe": null,
            "roe_4q": 0,
            "gross_profit": null,
            "gross_margin": null,
            "gross_margin_4q_avg": 0,
            "net_income": null,
            "revenue": null,
            "common_shares": null,
            "book_valuer_per_share": null,
            "book_valuer_per_share_4q_avg": 0,
            "equity": null,
            "current_ratio": null,
            "debt_ratio": null,
            "inventory_turnover_ratio": null,
            "account_receivable_turnover_ratio": null,
            "reinvestment_rate": null,
            "research_to_sale_ratio": null,
            "price_fair": 0,
            "eps_avg_yearly": 0,
            "eps_latest_yearly": 0,
            "eps_growth_yearly": 0
        },
        "20012": {
            "year_quarter": 20012,
            "year": 2001,
            "quarter": 2,
            "eps": null,
            "eps_growth_year": null,
            "eps_4q": null,
            "eps_4q_growth_year": null,
            "roe": null,
            "roe_4q": 0,
            "gross_profit": null,
            "gross_margin": null,
            "gross_margin_4q_avg": 0,
            "net_income": null,
            "revenue": null,
            "common_shares": null,
            "book_valuer_per_share": null,
            "book_valuer_per_share_4q_avg": 0,
            "equity": null,
            "current_ratio": null,
            "debt_ratio": null,
            "inventory_turnover_ratio": null,
            "account_receivable_turnover_ratio": null,
            "reinvestment_rate": null,
            "research_to_sale_ratio": null,
            "price_fair": 0,
            "eps_avg_yearly": 0,
            "eps_latest_yearly": 0,
            "eps_growth_yearly": 0
        },
        "20013": {
            "year_quarter": 20013,
            "year": 2001,
            "quarter": 3,
            "eps": null,
            "eps_growth_year": null,
            "eps_4q": null,
            "eps_4q_growth_year": null,
            "roe": null,
            "roe_4q": 0,
            "gross_profit": null,
            "gross_margin": null,
            "gross_margin_4q_avg": 0,
            "net_income": null,
            "revenue": null,
            "common_shares": null,
            "book_valuer_per_share": null,
            "book_valuer_per_share_4q_avg": 0,
            "equity": null,
            "current_ratio": null,
            "debt_ratio": null,
            "inventory_turnover_ratio": null,
            "account_receivable_turnover_ratio": null,
            "reinvestment_rate": null,
            "research_to_sale_ratio": null,
            "price_fair": 0,
            "eps_avg_yearly": 0,
            "eps_latest_yearly": 0,
            "eps_growth_yearly": 0
        },
        "20014": {
            "year_quarter": 20014,
            "year": 2001,
            "quarter": 4,
            "eps": null,
            "eps_growth_year": null,
            "eps_4q": null,
            "eps_4q_growth_year": null,
            "roe": null,
            "roe_4q": 0,
            "gross_profit": null,
            "gross_margin": null,
            "gross_margin_4q_avg": 0,
            "net_income": null,
            "revenue": null,
            "common_shares": 220106,
            "book_valuer_per_share": 11.75,
            "book_valuer_per_share_4q_avg": 2.94,
            "equity": 258661,
            "current_ratio": 586.73,
            "debt_ratio": 12.46,
            "inventory_turnover_ratio": null,
            "account_receivable_turnover_ratio": null,
            "reinvestment_rate": null,
            "research_to_sale_ratio": null,
            "price_fair": 0,
            "eps_avg_yearly": 0,
            "eps_latest_yearly": 0,
            "eps_growth_yearly": 0
        },
        "20021": {
            "year_quarter": 20021,
            "year": 2002,
            "quarter": 1,
            "eps": null,
            "eps_growth_year": null,
            "eps_4q": null,
            "eps_4q_growth_year": null,
            "roe": null,
            "roe_4q": 0,
            "gross_profit": null,
            "gross_margin": null,
            "gross_margin_4q_avg": 0,
            "net_income": null,
            "revenue": null,
            "common_shares": null,
            "book_valuer_per_share": null,
            "book_valuer_per_share_4q_avg": 2.94,
            "equity": null,
            "current_ratio": null,
            "debt_ratio": null,
            "inventory_turnover_ratio": null,
            "account_receivable_turnover_ratio": null,
            "reinvestment_rate": null,
            "research_to_sale_ratio": null,
            "price_fair": 0,
            "eps_avg_yearly": 0,
            "eps_latest_yearly": 0,
            "eps_growth_yearly": 0
        },
        "20022": {
            "year_quarter": 20022,
            "year": 2002,
            "quarter": 2,
            "eps": null,
            "eps_growth_year": null,
            "eps_4q": null,
            "eps_4q_growth_year": null,
            "roe": null,
            "roe_4q": 0,
            "gross_profit": null,
            "gross_margin": null,
            "gross_margin_4q_avg": 0,
            "net_income": null,
            "revenue": null,
            "common_shares": null,
            "book_valuer_per_share": null,
            "book_valuer_per_share_4q_avg": 2.94,
            "equity": null,
            "current_ratio": null,
            "debt_ratio": null,
            "inventory_turnover_ratio": null,
            "account_receivable_turnover_ratio": null,
            "reinvestment_rate": null,
            "research_to_sale_ratio": null,
            "price_fair": 0,
            "eps_avg_yearly": 0,
            "eps_latest_yearly": 0,
            "eps_growth_yearly": 0
        },
        "20023": {
            "year_quarter": 20023,
            "year": 2002,
            "quarter": 3,
            "eps": null,
            "eps_growth_year": null,
            "eps_4q": null,
            "eps_4q_growth_year": null,
            "roe": null,
            "roe_4q": 0,
            "gross_profit": null,
            "gross_margin": null,
            "gross_margin_4q_avg": 0,
            "net_income": null,
            "revenue": null,
            "common_shares": null,
            "book_valuer_per_share": null,
            "book_valuer_per_share_4q_avg": 2.94,
            "equity": null,
            "current_ratio": null,
            "debt_ratio": null,
            "inventory_turnover_ratio": null,
            "account_receivable_turnover_ratio": null,
            "reinvestment_rate": null,
            "research_to_sale_ratio": null,
            "price_fair": 0,
            "eps_avg_yearly": 0,
            "eps_latest_yearly": 0,
            "eps_growth_yearly": 0
        },
        "20024": {
            "year_quarter": 20024,
            "year": 2002,
            "quarter": 4,
            "eps": null,
            "eps_growth_year": null,
            "eps_4q": null,
            "eps_4q_growth_year": null,
            "roe": null,
            "roe_4q": 0,
            "gross_profit": null,
            "gross_margin": null,
            "gross_margin_4q_avg": 0,
            "net_income": null,
            "revenue": null,
            "common_shares": 245492,
            "book_valuer_per_share": 10.81,
            "book_valuer_per_share_4q_avg": 2.7,
            "equity": 265347,
            "current_ratio": 552.23,
            "debt_ratio": 12.92,
            "inventory_turnover_ratio": null,
            "account_receivable_turnover_ratio": null,
            "reinvestment_rate": null,
            "research_to_sale_ratio": null,
            "price_fair": 0,
            "eps_avg_yearly": 0,
            "eps_latest_yearly": 0,
            "eps_growth_yearly": 0
        },
        "20031": {
            "year_quarter": 20031,
            "year": 2003,
            "quarter": 1,
            "eps": null,
            "eps_growth_year": null,
            "eps_4q": null,
            "eps_4q_growth_year": null,
            "roe": null,
            "roe_4q": 0,
            "gross_profit": null,
            "gross_margin": null,
            "gross_margin_4q_avg": 0,
            "net_income": null,
            "revenue": null,
            "common_shares": null,
            "book_valuer_per_share": null,
            "book_valuer_per_share_4q_avg": 2.7,
            "equity": null,
            "current_ratio": null,
            "debt_ratio": null,
            "inventory_turnover_ratio": null,
            "account_receivable_turnover_ratio": null,
            "reinvestment_rate": null,
            "research_to_sale_ratio": null,
            "price_fair": 0,
            "eps_avg_yearly": 0,
            "eps_latest_yearly": 0,
            "eps_growth_yearly": 0
        },
        "20032": {
            "year_quarter": 20032,
            "year": 2003,
            "quarter": 2,
            "eps": null,
            "eps_growth_year": null,
            "eps_4q": null,
            "eps_4q_growth_year": null,
            "roe": null,
            "roe_4q": 0,
            "gross_profit": null,
            "gross_margin": null,
            "gross_margin_4q_avg": 0,
            "net_income": null,
            "revenue": null,
            "common_shares": null,
            "book_valuer_per_share": null,
            "book_valuer_per_share_4q_avg": 2.7,
            "equity": null,
            "current_ratio": null,
            "debt_ratio": null,
            "inventory_turnover_ratio": null,
            "account_receivable_turnover_ratio": null,
            "reinvestment_rate": null,
            "research_to_sale_ratio": null,
            "price_fair": 0,
            "eps_avg_yearly": 0,
            "eps_latest_yearly": 0,
            "eps_growth_yearly": 0
        },
        "20033": {
            "year_quarter": 20033,
            "year": 2003,
            "quarter": 3,
            "eps": null,
            "eps_growth_year": null,
            "eps_4q": null,
            "eps_4q_growth_year": null,
            "roe": null,
            "roe_4q": 0,
            "gross_profit": null,
            "gross_margin": null,
            "gross_margin_4q_avg": 0,
            "net_income": null,
            "revenue": null,
            "common_shares": null,
            "book_valuer_per_share": null,
            "book_valuer_per_share_4q_avg": 2.7,
            "equity": null,
            "current_ratio": null,
            "debt_ratio": null,
            "inventory_turnover_ratio": null,
            "account_receivable_turnover_ratio": null,
            "reinvestment_rate": null,
            "research_to_sale_ratio": null,
            "price_fair": 0,
            "eps_avg_yearly": 0,
            "eps_latest_yearly": 0,
            "eps_growth_yearly": 0
        },
        "20034": {
            "year_quarter": 20034,
            "year": 2003,
            "quarter": 4,
            "eps": null,
            "eps_growth_year": null,
            "eps_4q": null,
            "eps_4q_growth_year": null,
            "roe": null,
            "roe_4q": 0,
            "gross_profit": null,
            "gross_margin": null,
            "gross_margin_4q_avg": 0,
            "net_income": null,
            "revenue": null,
            "common_shares": 245492,
            "book_valuer_per_share": 15.01,
            "book_valuer_per_share_4q_avg": 3.75,
            "equity": 368383,
            "current_ratio": 306.42,
            "debt_ratio": 26.27,
            "inventory_turnover_ratio": null,
            "account_receivable_turnover_ratio": null,
            "reinvestment_rate": null,
            "research_to_sale_ratio": null,
            "price_fair": 0,
            "eps_avg_yearly": 0,
            "eps_latest_yearly": 0,
            "eps_growth_yearly": 0
        },
        "20041": {
            "year_quarter": 20041,
            "year": 2004,
            "quarter": 1,
            "eps": 1.04,
            "eps_growth_year": null,
            "eps_4q": null,
            "eps_4q_growth_year": null,
            "roe": 8.14,
            "roe_4q": 8.14,
            "gross_profit": 82021,
            "gross_margin": 50.67,
            "gross_margin_4q_avg": 12.67,
            "net_income": 31182,
            "revenue": 161867,
            "common_shares": 245492,
            "book_valuer_per_share": 16.2,
            "book_valuer_per_share_4q_avg": 7.8,
            "equity": 397691,
            "current_ratio": 298.87,
            "debt_ratio": 22.48,
            "inventory_turnover_ratio": 1.3,
            "account_receivable_turnover_ratio": null,
            "reinvestment_rate": null,
            "research_to_sale_ratio": null,
            "price_fair": 0,
            "eps_avg_yearly": 0,
            "eps_latest_yearly": 0,
            "eps_growth_yearly": 0
        },
        "20042": {
            "year_quarter": 20042,
            "year": 2004,
            "quarter": 2,
            "eps": 0.63,
            "eps_growth_year": null,
            "eps_4q": null,
            "eps_4q_growth_year": null,
            "roe": 3.94,
            "roe_4q": 12.08,
            "gross_profit": 67470,
            "gross_margin": 47.75,
            "gross_margin_4q_avg": 24.61,
            "net_income": 15511,
            "revenue": 141292,
            "common_shares": 245492,
            "book_valuer_per_share": 15.86,
            "book_valuer_per_share_4q_avg": 11.77,
            "equity": 389266,
            "current_ratio": 307.77,
            "debt_ratio": 21.48,
            "inventory_turnover_ratio": 1.14,
            "account_receivable_turnover_ratio": null,
            "reinvestment_rate": null,
            "research_to_sale_ratio": null,
            "price_fair": 7.56,
            "eps_avg_yearly": 2.52,
            "eps_latest_yearly": 2.52,
            "eps_growth_yearly": -157.69
        },
        "20043": {
            "year_quarter": 20043,
            "year": 2004,
            "quarter": 3,
            "eps": 0.81,
            "eps_growth_year": null,
            "eps_4q": null,
            "eps_4q_growth_year": null,
            "roe": 7.15,
            "roe_4q": 19.23,
            "gross_profit": 81215,
            "gross_margin": 47.44,
            "gross_margin_4q_avg": 36.47,
            "net_income": 28856,
            "revenue": 171210,
            "common_shares": 300798,
            "book_valuer_per_share": 13.9,
            "book_valuer_per_share_4q_avg": 15.24,
            "equity": 418122,
            "current_ratio": 291.99,
            "debt_ratio": 24.78,
            "inventory_turnover_ratio": 1.34,
            "account_receivable_turnover_ratio": null,
            "reinvestment_rate": null,
            "research_to_sale_ratio": null,
            "price_fair": 8.64,
            "eps_avg_yearly": 2.88,
            "eps_latest_yearly": 3.24,
            "eps_growth_yearly": -21.7
        },
        "20044": {
            "year_quarter": 20044,
            "year": 2004,
            "quarter": 4,
            "eps": 1.66,
            "eps_growth_year": null,
            "eps_4q": 4.17,
            "eps_4q_growth_year": null,
            "roe": 11.31,
            "roe_4q": 30.540000000000003,
            "gross_profit": 111320,
            "gross_margin": 44.33,
            "gross_margin_4q_avg": 47.55,
            "net_income": 49949,
            "revenue": 251143,
            "common_shares": 300798,
            "book_valuer_per_share": 15.46,
            "book_valuer_per_share_4q_avg": 15.36,
            "equity": 465164,
            "current_ratio": 264.95,
            "debt_ratio": 32.07,
            "inventory_turnover_ratio": 1.47,
            "account_receivable_turnover_ratio": null,
            "reinvestment_rate": null,
            "research_to_sale_ratio": null,
            "price_fair": 144.67,
            "eps_avg_yearly": 4.13,
            "eps_latest_yearly": 6.64,
            "eps_growth_yearly": 125.45
        },
        "20051": {
            "year_quarter": 20051,
            "year": 2005,
            "quarter": 1,
            "eps": 1,
            "eps_growth_year": -3.85,
            "eps_4q": 4.13,
            "eps_4q_growth_year": null,
            "roe": 6.29,
            "roe_4q": 28.69,
            "gross_profit": 90610,
            "gross_margin": 39.99,
            "gross_margin_4q_avg": 44.88,
            "net_income": 30179,
            "revenue": 226561,
            "common_shares": 300798,
            "book_valuer_per_share": 16.46,
            "book_valuer_per_share_4q_avg": 15.42,
            "equity": 495118,
            "current_ratio": 352.98,
            "debt_ratio": 21.93,
            "inventory_turnover_ratio": 1.27,
            "account_receivable_turnover_ratio": null,
            "reinvestment_rate": null,
            "research_to_sale_ratio": null,
            "price_fair": 143.5,
            "eps_avg_yearly": 4.1,
            "eps_latest_yearly": 4,
            "eps_growth_yearly": 54.33
        },
        "20052": {
            "year_quarter": 20052,
            "year": 2005,
            "quarter": 2,
            "eps": 1.79,
            "eps_growth_year": 184.13,
            "eps_4q": 5.42,
            "eps_4q_growth_year": null,
            "roe": 10.57,
            "roe_4q": 35.32,
            "gross_profit": 123117,
            "gross_margin": 46.6,
            "gross_margin_4q_avg": 44.59,
            "net_income": 53724,
            "revenue": 264210,
            "common_shares": 307648,
            "book_valuer_per_share": 16.94,
            "book_valuer_per_share_4q_avg": 15.69,
            "equity": 521065,
            "current_ratio": 276.31,
            "debt_ratio": 29.17,
            "inventory_turnover_ratio": 1.33,
            "account_receivable_turnover_ratio": null,
            "reinvestment_rate": null,
            "research_to_sale_ratio": null,
            "price_fair": 164.92,
            "eps_avg_yearly": 4.71,
            "eps_latest_yearly": 7.16,
            "eps_growth_yearly": 106.66
        },
        "20053": {
            "year_quarter": 20053,
            "year": 2005,
            "quarter": 3,
            "eps": 1.97,
            "eps_growth_year": 143.21,
            "eps_4q": 5.71,
            "eps_4q_growth_year": null,
            "roe": 12.66,
            "roe_4q": 40.83,
            "gross_profit": 135991,
            "gross_margin": 47.68,
            "gross_margin_4q_avg": 44.65,
            "net_income": 70534,
            "revenue": 285186,
            "common_shares": 363122,
            "book_valuer_per_share": 16.34,
            "book_valuer_per_share_4q_avg": 16.3,
            "equity": 593454,
            "current_ratio": 361.65,
            "debt_ratio": 22.93,
            "inventory_turnover_ratio": 1.12,
            "account_receivable_turnover_ratio": null,
            "reinvestment_rate": null,
            "research_to_sale_ratio": null,
            "price_fair": 183.4,
            "eps_avg_yearly": 5.24,
            "eps_latest_yearly": 7.88,
            "eps_growth_yearly": 95.59
        },
        "20054": {
            "year_quarter": 20054,
            "year": 2005,
            "quarter": 4,
            "eps": 2.11,
            "eps_growth_year": 27.11,
            "eps_4q": 6.41,
            "eps_4q_growth_year": 53.69,
            "roe": 12,
            "roe_4q": 41.52,
            "gross_profit": 153452,
            "gross_margin": 45.44,
            "gross_margin_4q_avg": 44.93,
            "net_income": 75780,
            "revenue": 337717,
            "common_shares": 363122,
            "book_valuer_per_share": 18.43,
            "book_valuer_per_share_4q_avg": 17.04,
            "equity": 669056,
            "current_ratio": 356.54,
            "debt_ratio": 24.23,
            "inventory_turnover_ratio": 1.21,
            "account_receivable_turnover_ratio": null,
            "reinvestment_rate": null,
            "research_to_sale_ratio": null,
            "price_fair": 199.4,
            "eps_avg_yearly": 5.7,
            "eps_latest_yearly": 8.44,
            "eps_growth_yearly": 85.99
        },
        "20061": {
            "year_quarter": 20061,
            "year": 2006,
            "quarter": 1,
            "eps": 1.7,
            "eps_growth_year": 70,
            "eps_4q": 7.17,
            "eps_4q_growth_year": 73.83,
            "roe": 7.99,
            "roe_4q": 43.220000000000006,
            "gross_profit": 143486,
            "gross_margin": 48.68,
            "gross_margin_4q_avg": 47.1,
            "net_income": 62160,
            "revenue": 294775,
            "common_shares": 403122,
            "book_valuer_per_share": 22,
            "book_valuer_per_share_4q_avg": 18.43,
            "equity": 886901,
            "current_ratio": 490.61,
            "debt_ratio": 17.72,
            "inventory_turnover_ratio": 0.87,
            "account_receivable_turnover_ratio": null,
            "reinvestment_rate": null,
            "research_to_sale_ratio": null,
            "price_fair": 204.23,
            "eps_avg_yearly": 5.84,
            "eps_latest_yearly": 6.8,
            "eps_growth_yearly": 65.53
        },
        "20062": {
            "year_quarter": 20062,
            "year": 2006,
            "quarter": 2,
            "eps": 1.76,
            "eps_growth_year": -1.68,
            "eps_4q": 7.19,
            "eps_4q_growth_year": 32.58,
            "roe": 7.62,
            "roe_4q": 40.269999999999996,
            "gross_profit": 163300,
            "gross_margin": 43.71,
            "gross_margin_4q_avg": 46.38,
            "net_income": 67602,
            "revenue": 373624,
            "common_shares": 405935,
            "book_valuer_per_share": 21.88,
            "book_valuer_per_share_4q_avg": 19.66,
            "equity": 888139,
            "current_ratio": 336.75,
            "debt_ratio": 25.89,
            "inventory_turnover_ratio": 1.05,
            "account_receivable_turnover_ratio": null,
            "reinvestment_rate": null,
            "research_to_sale_ratio": null,
            "price_fair": 208.91,
            "eps_avg_yearly": 5.97,
            "eps_latest_yearly": 7.04,
            "eps_growth_yearly": 59.82
        },
        "20063": {
            "year_quarter": 20063,
            "year": 2006,
            "quarter": 3,
            "eps": 1.72,
            "eps_growth_year": -12.69,
            "eps_4q": 5.83,
            "eps_4q_growth_year": 2.21,
            "roe": 9.22,
            "roe_4q": 36.83,
            "gross_profit": 169980,
            "gross_margin": 44.01,
            "gross_margin_4q_avg": 45.46,
            "net_income": 85923,
            "revenue": 386218,
            "common_shares": 519662,
            "book_valuer_per_share": 18.77,
            "book_valuer_per_share_4q_avg": 20.27,
            "equity": 975526,
            "current_ratio": 388.27,
            "debt_ratio": 22.06,
            "inventory_turnover_ratio": 1.08,
            "account_receivable_turnover_ratio": null,
            "reinvestment_rate": null,
            "research_to_sale_ratio": null,
            "price_fair": 212.1,
            "eps_avg_yearly": 6.06,
            "eps_latest_yearly": 6.88,
            "eps_growth_yearly": 52.93
        },
        "20064": {
            "year_quarter": 20064,
            "year": 2006,
            "quarter": 4,
            "eps": 1.02,
            "eps_growth_year": -51.66,
            "eps_4q": 5.3,
            "eps_4q_growth_year": -17.27,
            "roe": 5.1,
            "roe_4q": 29.93,
            "gross_profit": 157577,
            "gross_margin": 38.91,
            "gross_margin_4q_avg": 43.83,
            "net_income": 51363,
            "revenue": 404989,
            "common_shares": 525017,
            "book_valuer_per_share": 19.79,
            "book_valuer_per_share_4q_avg": 20.61,
            "equity": 1038827,
            "current_ratio": 375.48,
            "debt_ratio": 23.27,
            "inventory_turnover_ratio": 1.25,
            "account_receivable_turnover_ratio": null,
            "reinvestment_rate": null,
            "research_to_sale_ratio": null,
            "price_fair": 205.8,
            "eps_avg_yearly": 5.88,
            "eps_latest_yearly": 4.08,
            "eps_growth_yearly": 33.32
        },
        "20071": {
            "year_quarter": 20071,
            "year": 2007,
            "quarter": 1,
            "eps": 1.45,
            "eps_growth_year": -14.71,
            "eps_4q": 5.35,
            "eps_4q_growth_year": -25.38,
            "roe": 7.05,
            "roe_4q": 28.99,
            "gross_profit": 171996,
            "gross_margin": 42.82,
            "gross_margin_4q_avg": 42.36,
            "net_income": 76154,
            "revenue": 401675,
            "common_shares": 528107,
            "book_valuer_per_share": 21.26,
            "book_valuer_per_share_4q_avg": 20.43,
            "equity": 1122711,
            "current_ratio": 515.59,
            "debt_ratio": 16.31,
            "inventory_turnover_ratio": 1.06,
            "account_receivable_turnover_ratio": null,
            "reinvestment_rate": null,
            "research_to_sale_ratio": null,
            "price_fair": 205.57,
            "eps_avg_yearly": 5.87,
            "eps_latest_yearly": 5.8,
            "eps_growth_yearly": 44.59
        },
        "20072": {
            "year_quarter": 20072,
            "year": 2007,
            "quarter": 2,
            "eps": 2.02,
            "eps_growth_year": 14.77,
            "eps_4q": 6.07,
            "eps_4q_growth_year": -15.56,
            "roe": 9.64,
            "roe_4q": 31.009999999999998,
            "gross_profit": 207636,
            "gross_margin": 43.89,
            "gross_margin_4q_avg": 42.41,
            "net_income": 106470,
            "revenue": 473071,
            "common_shares": 530732,
            "book_valuer_per_share": 20.48,
            "book_valuer_per_share_4q_avg": 20.08,
            "equity": 1087109,
            "current_ratio": 240.5,
            "debt_ratio": 32.57,
            "inventory_turnover_ratio": 0.89,
            "account_receivable_turnover_ratio": null,
            "reinvestment_rate": null,
            "research_to_sale_ratio": null,
            "price_fair": 211.51,
            "eps_avg_yearly": 6.04,
            "eps_latest_yearly": 8.08,
            "eps_growth_yearly": 53.26
        },
        "20073": {
            "year_quarter": 20073,
            "year": 2007,
            "quarter": 3,
            "eps": 0.73,
            "eps_growth_year": -57.56,
            "eps_4q": 4.67,
            "eps_4q_growth_year": -19.97,
            "roe": 3.29,
            "roe_4q": 25.08,
            "gross_profit": 170581,
            "gross_margin": 39.22,
            "gross_margin_4q_avg": 41.21,
            "net_income": 43359,
            "revenue": 434975,
            "common_shares": 666620,
            "book_valuer_per_share": 23.27,
            "book_valuer_per_share_4q_avg": 21.2,
            "equity": 1551554,
            "current_ratio": 545.74,
            "debt_ratio": 15.55,
            "inventory_turnover_ratio": 0.64,
            "account_receivable_turnover_ratio": null,
            "reinvestment_rate": null,
            "research_to_sale_ratio": null,
            "price_fair": 203.7,
            "eps_avg_yearly": 5.82,
            "eps_latest_yearly": 2.92,
            "eps_growth_yearly": 31.21
        },
        "20074": {
            "year_quarter": 20074,
            "year": 2007,
            "quarter": 4,
            "eps": 0.65,
            "eps_growth_year": -36.27,
            "eps_4q": 4.37,
            "eps_4q_growth_year": -17.54,
            "roe": 2.51,
            "roe_4q": 22.490000000000002,
            "gross_profit": 164181,
            "gross_margin": 34.82,
            "gross_margin_4q_avg": 40.19,
            "net_income": 39456,
            "revenue": 471510,
            "common_shares": 669880,
            "book_valuer_per_share": 23.86,
            "book_valuer_per_share_4q_avg": 22.22,
            "equity": 1598067,
            "current_ratio": 692.28,
            "debt_ratio": 12.63,
            "inventory_turnover_ratio": 0.75,
            "account_receivable_turnover_ratio": null,
            "reinvestment_rate": 3.45,
            "research_to_sale_ratio": null,
            "price_fair": 196.19,
            "eps_avg_yearly": 5.61,
            "eps_latest_yearly": 2.6,
            "eps_growth_yearly": 26.2
        },
        "20081": {
            "year_quarter": 20081,
            "year": 2008,
            "quarter": 1,
            "eps": -0.17,
            "eps_growth_year": -111.72,
            "eps_4q": 2.62,
            "eps_4q_growth_year": -51,
            "roe": -0.74,
            "roe_4q": 14.7,
            "gross_profit": 155016,
            "gross_margin": 34.8,
            "gross_margin_4q_avg": 38.18,
            "net_income": -11526,
            "revenue": 445432,
            "common_shares": 672425,
            "book_valuer_per_share": 22.72,
            "book_valuer_per_share_4q_avg": 22.58,
            "equity": 1528046,
            "current_ratio": 583.12,
            "debt_ratio": 14.89,
            "inventory_turnover_ratio": 0.89,
            "account_receivable_turnover_ratio": null,
            "reinvestment_rate": 3.31,
            "research_to_sale_ratio": null,
            "price_fair": 196.19,
            "eps_avg_yearly": 5.61,
            "eps_latest_yearly": 2.6,
            "eps_growth_yearly": 26.2
        },
        "20082": {
            "year_quarter": 20082,
            "year": 2008,
            "quarter": 2,
            "eps": 0.96,
            "eps_growth_year": -52.48,
            "eps_4q": 2.03,
            "eps_4q_growth_year": -66.48,
            "roe": 4.22,
            "roe_4q": 9.28,
            "gross_profit": 197165,
            "gross_margin": 36.33,
            "gross_margin_4q_avg": 36.29,
            "net_income": 63690,
            "revenue": 542756,
            "common_shares": 672675,
            "book_valuer_per_share": 22.14,
            "book_valuer_per_share_4q_avg": 23,
            "equity": 1489130,
            "current_ratio": 323.04,
            "debt_ratio": 26.63,
            "inventory_turnover_ratio": 0.99,
            "account_receivable_turnover_ratio": null,
            "reinvestment_rate": 4.93,
            "research_to_sale_ratio": null,
            "price_fair": 203.9,
            "eps_avg_yearly": 5.83,
            "eps_latest_yearly": 2.6,
            "eps_growth_yearly": 39.34
        },
        "20083": {
            "year_quarter": 20083,
            "year": 2008,
            "quarter": 3,
            "eps": 0.81,
            "eps_growth_year": 10.96,
            "eps_4q": 2.05,
            "eps_4q_growth_year": -56.13,
            "roe": 3.94,
            "roe_4q": 9.93,
            "gross_profit": 197145,
            "gross_margin": 34.18,
            "gross_margin_4q_avg": 35.03,
            "net_income": 59919,
            "revenue": 576728,
            "common_shares": 751959,
            "book_valuer_per_share": 20.65,
            "book_valuer_per_share_4q_avg": 22.34,
            "equity": 1552864,
            "current_ratio": 348.05,
            "debt_ratio": 24.81,
            "inventory_turnover_ratio": 0.91,
            "account_receivable_turnover_ratio": null,
            "reinvestment_rate": 5.35,
            "research_to_sale_ratio": null,
            "price_fair": 203.9,
            "eps_avg_yearly": 5.83,
            "eps_latest_yearly": 3.24,
            "eps_growth_yearly": 26.71
        },
        "20084": {
            "year_quarter": 20084,
            "year": 2008,
            "quarter": 4,
            "eps": 0.39,
            "eps_growth_year": -40,
            "eps_4q": 1.9,
            "eps_4q_growth_year": -56.56,
            "roe": 1.85,
            "roe_4q": 9.27,
            "gross_profit": 157126,
            "gross_margin": 28.9,
            "gross_margin_4q_avg": 33.55,
            "net_income": 28953,
            "revenue": 543681,
            "common_shares": 751959,
            "book_valuer_per_share": 21.07,
            "book_valuer_per_share_4q_avg": 21.65,
            "equity": 1584318,
            "current_ratio": 444.98,
            "debt_ratio": 19.51,
            "inventory_turnover_ratio": 0.99,
            "account_receivable_turnover_ratio": 2.99,
            "reinvestment_rate": 5.08,
            "research_to_sale_ratio": null,
            "price_fair": 16.39,
            "eps_avg_yearly": 5.46,
            "eps_latest_yearly": 1.56,
            "eps_growth_yearly": -18.09
        },
        "20091": {
            "year_quarter": 20091,
            "year": 2009,
            "quarter": 1,
            "eps": 0.4,
            "eps_growth_year": null,
            "eps_4q": 2.45,
            "eps_4q_growth_year": -6.66,
            "roe": 1.86,
            "roe_4q": 11.870000000000001,
            "gross_profit": 137509,
            "gross_margin": 37.05,
            "gross_margin_4q_avg": 34.12,
            "net_income": 29808,
            "revenue": 371157,
            "common_shares": 752078,
            "book_valuer_per_share": 21.48,
            "book_valuer_per_share_4q_avg": 21.34,
            "equity": 1615301,
            "current_ratio": 674.78,
            "debt_ratio": 12.84,
            "inventory_turnover_ratio": 0.76,
            "account_receivable_turnover_ratio": 1.21,
            "reinvestment_rate": 4.67,
            "research_to_sale_ratio": null,
            "price_fair": 15.87,
            "eps_avg_yearly": 5.29,
            "eps_latest_yearly": 1.6,
            "eps_growth_yearly": -5.99
        },
        "20092": {
            "year_quarter": 20092,
            "year": 2009,
            "quarter": 2,
            "eps": 0.58,
            "eps_growth_year": -39.58,
            "eps_4q": 2.18,
            "eps_4q_growth_year": 6.91,
            "roe": 2.69,
            "roe_4q": 10.34,
            "gross_profit": 172281,
            "gross_margin": 36.68,
            "gross_margin_4q_avg": 34.2,
            "net_income": 43151,
            "revenue": 469689,
            "common_shares": 752779,
            "book_valuer_per_share": 21.13,
            "book_valuer_per_share_4q_avg": 21.08,
            "equity": 1590523,
            "current_ratio": 418.24,
            "debt_ratio": 21.04,
            "inventory_turnover_ratio": 1.15,
            "account_receivable_turnover_ratio": 1.82,
            "reinvestment_rate": 4.22,
            "research_to_sale_ratio": null,
            "price_fair": 14.84,
            "eps_avg_yearly": 4.95,
            "eps_latest_yearly": 2.32,
            "eps_growth_yearly": -15.71
        },
        "20093": {
            "year_quarter": 20093,
            "year": 2009,
            "quarter": 3,
            "eps": 1.27,
            "eps_growth_year": 56.79,
            "eps_4q": 2.65,
            "eps_4q_growth_year": 29.25,
            "roe": 5.73,
            "roe_4q": 12.129999999999999,
            "gross_profit": 232094,
            "gross_margin": 40.61,
            "gross_margin_4q_avg": 35.81,
            "net_income": 93947,
            "revenue": 571462,
            "common_shares": 752959,
            "book_valuer_per_share": 22.46,
            "book_valuer_per_share_4q_avg": 21.54,
            "equity": 1691065,
            "current_ratio": 370.19,
            "debt_ratio": 23.93,
            "inventory_turnover_ratio": 1.34,
            "account_receivable_turnover_ratio": 1.88,
            "reinvestment_rate": 3.78,
            "research_to_sale_ratio": null,
            "price_fair": 120.59,
            "eps_avg_yearly": 4.75,
            "eps_latest_yearly": 5.08,
            "eps_growth_yearly": 15.41
        },
        "20094": {
            "year_quarter": 20094,
            "year": 2009,
            "quarter": 4,
            "eps": 0.37,
            "eps_growth_year": -5.13,
            "eps_4q": 2.39,
            "eps_4q_growth_year": 25.99,
            "roe": 1.51,
            "roe_4q": 11.79,
            "gross_profit": 164099,
            "gross_margin": 34.02,
            "gross_margin_4q_avg": 37.09,
            "net_income": 27993,
            "revenue": 482368,
            "common_shares": 824259,
            "book_valuer_per_share": 24.63,
            "book_valuer_per_share_4q_avg": 22.43,
            "equity": 2005785,
            "current_ratio": 547.83,
            "debt_ratio": 16.01,
            "inventory_turnover_ratio": 1.33,
            "account_receivable_turnover_ratio": 3.38,
            "reinvestment_rate": 16.55,
            "research_to_sale_ratio": null,
            "price_fair": 12.75,
            "eps_avg_yearly": 4.25,
            "eps_latest_yearly": 1.48,
            "eps_growth_yearly": -6.87
        },
        "20101": {
            "year_quarter": 20101,
            "year": 2010,
            "quarter": 1,
            "eps": 0.5,
            "eps_growth_year": 25,
            "eps_4q": 2.53,
            "eps_4q_growth_year": 3.2,
            "roe": 2,
            "roe_4q": 11.93,
            "gross_profit": 180914,
            "gross_margin": 38.03,
            "gross_margin_4q_avg": 37.34,
            "net_income": 40550,
            "revenue": 475678,
            "common_shares": 824259,
            "book_valuer_per_share": 25.18,
            "book_valuer_per_share_4q_avg": 23.35,
            "equity": 2050146,
            "current_ratio": 571.04,
            "debt_ratio": 15.2,
            "inventory_turnover_ratio": 1.36,
            "account_receivable_turnover_ratio": 1.66,
            "reinvestment_rate": 18.71,
            "research_to_sale_ratio": 20.14,
            "price_fair": 73.12,
            "eps_avg_yearly": 3.91,
            "eps_latest_yearly": 2,
            "eps_growth_yearly": 8.72
        },
        "20102": {
            "year_quarter": 20102,
            "year": 2010,
            "quarter": 2,
            "eps": 0.91,
            "eps_growth_year": 56.64,
            "eps_4q": 2.9,
            "eps_4q_growth_year": 33.51,
            "roe": 3.68,
            "roe_4q": 12.92,
            "gross_profit": 246917,
            "gross_margin": 39.08,
            "gross_margin_4q_avg": 37.94,
            "net_income": 73974,
            "revenue": 631851,
            "common_shares": 824259,
            "book_valuer_per_share": 24.14,
            "book_valuer_per_share_4q_avg": 24.1,
            "equity": 1965479,
            "current_ratio": 293.36,
            "debt_ratio": 30.6,
            "inventory_turnover_ratio": 1.51,
            "account_receivable_turnover_ratio": 1.42,
            "reinvestment_rate": 22.16,
            "research_to_sale_ratio": 18.26,
            "price_fair": 128.2,
            "eps_avg_yearly": 3.66,
            "eps_latest_yearly": 3.64,
            "eps_growth_yearly": 31.14
        },
        "20103": {
            "year_quarter": 20103,
            "year": 2010,
            "quarter": 3,
            "eps": 0.85,
            "eps_growth_year": -32.79,
            "eps_4q": 2.6,
            "eps_4q_growth_year": -1.67,
            "roe": 3.47,
            "roe_4q": 10.66,
            "gross_profit": 224410,
            "gross_margin": 36.78,
            "gross_margin_4q_avg": 36.98,
            "net_income": 69523,
            "revenue": 610217,
            "common_shares": 824459,
            "book_valuer_per_share": 25.08,
            "book_valuer_per_share_4q_avg": 24.76,
            "equity": 2042683,
            "current_ratio": 305.19,
            "debt_ratio": 28.9,
            "inventory_turnover_ratio": 1.09,
            "account_receivable_turnover_ratio": 1.05,
            "reinvestment_rate": 24.52,
            "research_to_sale_ratio": 19.55,
            "price_fair": 119.5,
            "eps_avg_yearly": 3.41,
            "eps_latest_yearly": 3.4,
            "eps_growth_yearly": 29.91
        },
        "20104": {
            "year_quarter": 20104,
            "year": 2010,
            "quarter": 4,
            "eps": 0.59,
            "eps_growth_year": 59.44,
            "eps_4q": 2.84,
            "eps_4q_growth_year": 18.57,
            "roe": 2.32,
            "roe_4q": 11.47,
            "gross_profit": 258245,
            "gross_margin": 34.64,
            "gross_margin_4q_avg": 37.13,
            "net_income": 48295,
            "revenue": 745566,
            "common_shares": 828659,
            "book_valuer_per_share": 25.81,
            "book_valuer_per_share_4q_avg": 25.05,
            "equity": 2113221,
            "current_ratio": 395.64,
            "debt_ratio": 22.43,
            "inventory_turnover_ratio": 1.22,
            "account_receivable_turnover_ratio": 1.26,
            "reinvestment_rate": 23.21,
            "research_to_sale_ratio": 16.24,
            "price_fair": 115.2,
            "eps_avg_yearly": 3.29,
            "eps_latest_yearly": 2.36,
            "eps_growth_yearly": 32.8
        },
        "20111": {
            "year_quarter": 20111,
            "year": 2011,
            "quarter": 1,
            "eps": 0.65,
            "eps_growth_year": 30,
            "eps_4q": 3.01,
            "eps_4q_growth_year": 19.06,
            "roe": 2.42,
            "roe_4q": 11.89,
            "gross_profit": 228418,
            "gross_margin": 35.23,
            "gross_margin_4q_avg": 36.43,
            "net_income": 51551,
            "revenue": 648281,
            "common_shares": 820118,
            "book_valuer_per_share": 26.3,
            "book_valuer_per_share_4q_avg": 25.33,
            "equity": 2145229,
            "current_ratio": 389.87,
            "debt_ratio": 21.88,
            "inventory_turnover_ratio": 1.02,
            "account_receivable_turnover_ratio": 1.17,
            "reinvestment_rate": 32.5,
            "research_to_sale_ratio": 18.59,
            "price_fair": 103.09,
            "eps_avg_yearly": 3.06,
            "eps_latest_yearly": 2.6,
            "eps_growth_yearly": 23.66
        },
        "20112": {
            "year_quarter": 20112,
            "year": 2011,
            "quarter": 2,
            "eps": 0.81,
            "eps_growth_year": -10.82,
            "eps_4q": 2.9,
            "eps_4q_growth_year": -0.12,
            "roe": 3.17,
            "roe_4q": 11.38,
            "gross_profit": 240118,
            "gross_margin": 32.02,
            "gross_margin_4q_avg": 34.67,
            "net_income": 65941,
            "revenue": 749970,
            "common_shares": 822919,
            "book_valuer_per_share": 24.71,
            "book_valuer_per_share_4q_avg": 25.48,
            "equity": 2021174,
            "current_ratio": 286.75,
            "debt_ratio": 29.35,
            "inventory_turnover_ratio": 1.2,
            "account_receivable_turnover_ratio": 1.6,
            "reinvestment_rate": 32.97,
            "research_to_sale_ratio": 15.47,
            "price_fair": 80.04,
            "eps_avg_yearly": 2.72,
            "eps_latest_yearly": 3.24,
            "eps_growth_yearly": 19.46
        },
        "20113": {
            "year_quarter": 20113,
            "year": 2011,
            "quarter": 3,
            "eps": 1.12,
            "eps_growth_year": 30.62,
            "eps_4q": 3.21,
            "eps_4q_growth_year": 23.12,
            "roe": 4.33,
            "roe_4q": 12.24,
            "gross_profit": 278325,
            "gross_margin": 36.65,
            "gross_margin_4q_avg": 34.64,
            "net_income": 88206,
            "revenue": 759441,
            "common_shares": 823439,
            "book_valuer_per_share": 25.56,
            "book_valuer_per_share_4q_avg": 25.6,
            "equity": 2048632,
            "current_ratio": 391.11,
            "debt_ratio": 21.56,
            "inventory_turnover_ratio": 1.15,
            "account_receivable_turnover_ratio": 1.53,
            "reinvestment_rate": 22.14,
            "research_to_sale_ratio": 16.67,
            "price_fair": 99,
            "eps_avg_yearly": 2.83,
            "eps_latest_yearly": 4.48,
            "eps_growth_yearly": 48.64
        },
        "20114": {
            "year_quarter": 20114,
            "year": 2011,
            "quarter": 4,
            "eps": 1.62,
            "eps_growth_year": 175.01,
            "eps_4q": 4.24,
            "eps_4q_growth_year": 49.43,
            "roe": 6.07,
            "roe_4q": 15.99,
            "gross_profit": 322757,
            "gross_margin": 38.81,
            "gross_margin_4q_avg": 35.68,
            "net_income": 127662,
            "revenue": 831702,
            "common_shares": 823439,
            "book_valuer_per_share": 27.14,
            "book_valuer_per_share_4q_avg": 25.93,
            "equity": 2160035,
            "current_ratio": 372.09,
            "debt_ratio": 23.04,
            "inventory_turnover_ratio": 1.21,
            "account_receivable_turnover_ratio": 1.54,
            "reinvestment_rate": 16.96,
            "research_to_sale_ratio": 14.95,
            "price_fair": 108.7,
            "eps_avg_yearly": 3.11,
            "eps_latest_yearly": 6.48,
            "eps_growth_yearly": 64.53
        },
        "20121": {
            "year_quarter": 20121,
            "year": 2012,
            "quarter": 1,
            "eps": 1.18,
            "eps_growth_year": 81.54,
            "eps_4q": 4.75,
            "eps_4q_growth_year": 58.04,
            "roe": 4.15,
            "roe_4q": 17.72,
            "gross_profit": 296206,
            "gross_margin": 38.88,
            "gross_margin_4q_avg": 36.59,
            "net_income": 92018,
            "revenue": 761806,
            "common_shares": 823858,
            "book_valuer_per_share": 28.42,
            "book_valuer_per_share_4q_avg": 26.46,
            "equity": 2273214,
            "current_ratio": 434.16,
            "debt_ratio": 19.84,
            "inventory_turnover_ratio": 1.15,
            "account_receivable_turnover_ratio": 1.45,
            "reinvestment_rate": 14.91,
            "research_to_sale_ratio": 18.23,
            "price_fair": 112.47,
            "eps_avg_yearly": 3.21,
            "eps_latest_yearly": 4.72,
            "eps_growth_yearly": 52.98
        },
        "20122": {
            "year_quarter": 20122,
            "year": 2012,
            "quarter": 2,
            "eps": 0.61,
            "eps_growth_year": -24.21,
            "eps_4q": 4.53,
            "eps_4q_growth_year": 56.03,
            "roe": 1.95,
            "roe_4q": 16.5,
            "gross_profit": 248206,
            "gross_margin": 34.37,
            "gross_margin_4q_avg": 37.18,
            "net_income": 42216,
            "revenue": 722117,
            "common_shares": 826088,
            "book_valuer_per_share": 25.84,
            "book_valuer_per_share_4q_avg": 26.74,
            "equity": 2067051,
            "current_ratio": 279.61,
            "debt_ratio": 31.2,
            "inventory_turnover_ratio": 1.09,
            "account_receivable_turnover_ratio": 1.5,
            "reinvestment_rate": 14.87,
            "research_to_sale_ratio": 19.92,
            "price_fair": 110.78,
            "eps_avg_yearly": 3.17,
            "eps_latest_yearly": 2.44,
            "eps_growth_yearly": 37.59
        },
        "20123": {
            "year_quarter": 20123,
            "year": 2012,
            "quarter": 3,
            "eps": 0.51,
            "eps_growth_year": -53.96,
            "eps_4q": 3.92,
            "eps_4q_growth_year": 22.31,
            "roe": 1.89,
            "roe_4q": 14.06,
            "gross_profit": 207874,
            "gross_margin": 30.92,
            "gross_margin_4q_avg": 35.75,
            "net_income": 39486,
            "revenue": 672297,
            "common_shares": 826088,
            "book_valuer_per_share": 26.44,
            "book_valuer_per_share_4q_avg": 26.96,
            "equity": 2108962,
            "current_ratio": 451.51,
            "debt_ratio": 18.71,
            "inventory_turnover_ratio": 0.99,
            "account_receivable_turnover_ratio": 1.49,
            "reinvestment_rate": 12.83,
            "research_to_sale_ratio": 18.66,
            "price_fair": 108.15,
            "eps_avg_yearly": 3.09,
            "eps_latest_yearly": 2.04,
            "eps_growth_yearly": 37.4
        },
        "20124": {
            "year_quarter": 20124,
            "year": 2012,
            "quarter": 4,
            "eps": 0.09,
            "eps_growth_year": -94.26,
            "eps_4q": 2.4,
            "eps_4q_growth_year": -43.48,
            "roe": 0.35,
            "roe_4q": 8.34,
            "gross_profit": 171534,
            "gross_margin": 26.3,
            "gross_margin_4q_avg": 32.62,
            "net_income": 7434,
            "revenue": 652142,
            "common_shares": 826098,
            "book_valuer_per_share": 26.57,
            "book_valuer_per_share_4q_avg": 26.82,
            "equity": 2119301,
            "current_ratio": 447.08,
            "debt_ratio": 19.05,
            "inventory_turnover_ratio": 1.16,
            "account_receivable_turnover_ratio": 1.97,
            "reinvestment_rate": 13.18,
            "research_to_sale_ratio": 17.83,
            "price_fair": 105.53,
            "eps_avg_yearly": 3.02,
            "eps_latest_yearly": 0.36,
            "eps_growth_yearly": 29.78
        },
        "20131": {
            "year_quarter": 20131,
            "year": 2013,
            "quarter": 1,
            "eps": 0.14,
            "eps_growth_year": -88.14,
            "eps_4q": 1.36,
            "eps_4q_growth_year": -71.29,
            "roe": 0.5,
            "roe_4q": 4.6899999999999995,
            "gross_profit": 169619,
            "gross_margin": 30.75,
            "gross_margin_4q_avg": 30.59,
            "net_income": 10603,
            "revenue": 551545,
            "common_shares": 826098,
            "book_valuer_per_share": 26.92,
            "book_valuer_per_share_4q_avg": 26.44,
            "equity": 2147294,
            "current_ratio": 461.38,
            "debt_ratio": 18.53,
            "inventory_turnover_ratio": 1,
            "account_receivable_turnover_ratio": 2.35,
            "reinvestment_rate": 12.26,
            "research_to_sale_ratio": 20.01,
            "price_fair": 103.25,
            "eps_avg_yearly": 2.95,
            "eps_latest_yearly": 0.56,
            "eps_growth_yearly": 43.02
        },
        "20132": {
            "year_quarter": 20132,
            "year": 2013,
            "quarter": 2,
            "eps": 0.47,
            "eps_growth_year": -23.45,
            "eps_4q": 1.23,
            "eps_4q_growth_year": -72.85,
            "roe": 1.48,
            "roe_4q": 4.22,
            "gross_profit": 230876,
            "gross_margin": 34.42,
            "gross_margin_4q_avg": 30.6,
            "net_income": 31284,
            "revenue": 670723,
            "common_shares": 826098,
            "book_valuer_per_share": 25.57,
            "book_valuer_per_share_4q_avg": 26.38,
            "equity": 2077969,
            "current_ratio": 354.18,
            "debt_ratio": 25.34,
            "inventory_turnover_ratio": 1.11,
            "account_receivable_turnover_ratio": 2.77,
            "reinvestment_rate": 4.88,
            "research_to_sale_ratio": 20.48,
            "price_fair": 102.29,
            "eps_avg_yearly": 2.92,
            "eps_latest_yearly": 1.88,
            "eps_growth_yearly": 90.7
        },
        "20133": {
            "year_quarter": 20133,
            "year": 2013,
            "quarter": 3,
            "eps": 0.36,
            "eps_growth_year": -29.87,
            "eps_4q": 1.09,
            "eps_4q_growth_year": -72.32,
            "roe": 1.05,
            "roe_4q": 3.3800000000000003,
            "gross_profit": 211712,
            "gross_margin": 31.32,
            "gross_margin_4q_avg": 30.7,
            "net_income": 21913,
            "revenue": 675878,
            "common_shares": 826098,
            "book_valuer_per_share": 25.92,
            "book_valuer_per_share_4q_avg": 26.25,
            "equity": 2078097,
            "current_ratio": 446.23,
            "debt_ratio": 20.02,
            "inventory_turnover_ratio": 1.17,
            "account_receivable_turnover_ratio": 2.54,
            "reinvestment_rate": 5.42,
            "research_to_sale_ratio": 19.6,
            "price_fair": 94.33,
            "eps_avg_yearly": 2.7,
            "eps_latest_yearly": 1.44,
            "eps_growth_yearly": 55.11
        },
        "20134": {
            "year_quarter": 20134,
            "year": 2013,
            "quarter": 4,
            "eps": 1.25,
            "eps_growth_year": 1245.54,
            "eps_4q": 2.24,
            "eps_4q_growth_year": -6.4,
            "roe": 4.26,
            "roe_4q": 7.289999999999999,
            "gross_profit": 300676,
            "gross_margin": 33.61,
            "gross_margin_4q_avg": 32.53,
            "net_income": 90720,
            "revenue": 894518,
            "common_shares": 826098,
            "book_valuer_per_share": 27.28,
            "book_valuer_per_share_4q_avg": 26.42,
            "equity": 2178618,
            "current_ratio": 352.75,
            "debt_ratio": 24.47,
            "inventory_turnover_ratio": 1.65,
            "account_receivable_turnover_ratio": 2.56,
            "reinvestment_rate": 3.42,
            "research_to_sale_ratio": 15.94,
            "price_fair": 102.03,
            "eps_avg_yearly": 2.92,
            "eps_latest_yearly": 5,
            "eps_growth_yearly": 134.63
        },
        "20141": {
            "year_quarter": 20141,
            "year": 2014,
            "quarter": 1,
            "eps": 0.67,
            "eps_growth_year": 378.57,
            "eps_4q": 2.77,
            "eps_4q_growth_year": 102.94,
            "roe": 2.18,
            "roe_4q": 8.969999999999999,
            "gross_profit": 222507,
            "gross_margin": 31.62,
            "gross_margin_4q_avg": 32.74,
            "net_income": 48126,
            "revenue": 703655,
            "common_shares": 819568,
            "book_valuer_per_share": 27.96,
            "book_valuer_per_share_4q_avg": 26.68,
            "equity": 2227824,
            "current_ratio": 365.63,
            "debt_ratio": 22.42,
            "inventory_turnover_ratio": 1.4,
            "account_receivable_turnover_ratio": 2.03,
            "reinvestment_rate": 14.34,
            "research_to_sale_ratio": 18.15,
            "price_fair": 103.51,
            "eps_avg_yearly": 2.96,
            "eps_latest_yearly": 2.68,
            "eps_growth_yearly": 114.25
        },
        "20142": {
            "year_quarter": 20142,
            "year": 2014,
            "quarter": 2,
            "eps": 0.14,
            "eps_growth_year": -70.21,
            "eps_4q": 2.43,
            "eps_4q_growth_year": 98.02,
            "roe": -0.05,
            "roe_4q": 7.44,
            "gross_profit": 190481,
            "gross_margin": 29.77,
            "gross_margin_4q_avg": 31.58,
            "net_income": -1065,
            "revenue": 639787,
            "common_shares": 819568,
            "book_valuer_per_share": 26.11,
            "book_valuer_per_share_4q_avg": 26.82,
            "equity": 2376826,
            "current_ratio": 365.4,
            "debt_ratio": 23.65,
            "inventory_turnover_ratio": 1.18,
            "account_receivable_turnover_ratio": 2.18,
            "reinvestment_rate": -2.49,
            "research_to_sale_ratio": 20.64,
            "price_fair": 96.78,
            "eps_avg_yearly": 2.77,
            "eps_latest_yearly": 0.56,
            "eps_growth_yearly": 73.97
        },
        "20143": {
            "year_quarter": 20143,
            "year": 2014,
            "quarter": 3,
            "eps": 0.28,
            "eps_growth_year": -22.22,
            "eps_4q": 2.28,
            "eps_4q_growth_year": 109.69,
            "roe": 0.45,
            "roe_4q": 6.84,
            "gross_profit": 225771,
            "gross_margin": 34.11,
            "gross_margin_4q_avg": 32.28,
            "net_income": 10745,
            "revenue": 661896,
            "common_shares": 843568,
            "book_valuer_per_share": 25.73,
            "book_valuer_per_share_4q_avg": 26.77,
            "equity": 2401321,
            "current_ratio": 464.98,
            "debt_ratio": 18.51,
            "inventory_turnover_ratio": 1.1,
            "account_receivable_turnover_ratio": 2.02,
            "reinvestment_rate": -5.26,
            "research_to_sale_ratio": 24.04,
            "price_fair": 91.79,
            "eps_avg_yearly": 2.62,
            "eps_latest_yearly": 1.12,
            "eps_growth_yearly": 100.62
        },
        "20144": {
            "year_quarter": 20144,
            "year": 2014,
            "quarter": 4,
            "eps": 0.36,
            "eps_growth_year": -71.17,
            "eps_4q": 1.42,
            "eps_4q_growth_year": -36.66,
            "roe": 0.62,
            "roe_4q": 3.2,
            "gross_profit": 248528,
            "gross_margin": 34.52,
            "gross_margin_4q_avg": 32.51,
            "net_income": 15028,
            "revenue": 719957,
            "common_shares": 821478,
            "book_valuer_per_share": 26.3,
            "book_valuer_per_share_4q_avg": 26.53,
            "equity": 2418759,
            "current_ratio": 449.39,
            "debt_ratio": 19.22,
            "inventory_turnover_ratio": 1.27,
            "account_receivable_turnover_ratio": 2.04,
            "reinvestment_rate": -4.14,
            "research_to_sale_ratio": 23.43,
            "price_fair": 89.78,
            "eps_avg_yearly": 2.57,
            "eps_latest_yearly": 1.44,
            "eps_growth_yearly": 115.41
        },
        "20151": {
            "year_quarter": 20151,
            "year": 2015,
            "quarter": 1,
            "eps": 0.27,
            "eps_growth_year": -59.7,
            "eps_4q": 1.03,
            "eps_4q_growth_year": -62.75,
            "roe": 0.43,
            "roe_4q": 1.45,
            "gross_profit": 223958,
            "gross_margin": 37.08,
            "gross_margin_4q_avg": 33.87,
            "net_income": 10541,
            "revenue": 603952,
            "common_shares": 821478,
            "book_valuer_per_share": 26.64,
            "book_valuer_per_share_4q_avg": 26.2,
            "equity": 2435835,
            "current_ratio": 544.68,
            "debt_ratio": 15.75,
            "inventory_turnover_ratio": 1.04,
            "account_receivable_turnover_ratio": 1.75,
            "reinvestment_rate": -13.16,
            "research_to_sale_ratio": 24.15,
            "price_fair": 86.45,
            "eps_avg_yearly": 2.47,
            "eps_latest_yearly": 1.08,
            "eps_growth_yearly": 106.62
        },
        "20152": {
            "year_quarter": 20152,
            "year": 2015,
            "quarter": 2,
            "eps": 0.2,
            "eps_growth_year": 42.86,
            "eps_4q": 1.1,
            "eps_4q_growth_year": -54.65,
            "roe": -0.27,
            "roe_4q": 1.23,
            "gross_profit": 200472,
            "gross_margin": 35.22,
            "gross_margin_4q_avg": 35.23,
            "net_income": -6475,
            "revenue": 569140,
            "common_shares": 820618,
            "book_valuer_per_share": 25.53,
            "book_valuer_per_share_4q_avg": 26.05,
            "equity": 2304791,
            "current_ratio": 470.63,
            "debt_ratio": 18.4,
            "inventory_turnover_ratio": 1.06,
            "account_receivable_turnover_ratio": 1.72,
            "reinvestment_rate": -14.86,
            "research_to_sale_ratio": 26.29,
            "price_fair": 81.11,
            "eps_avg_yearly": 2.32,
            "eps_latest_yearly": 0.8,
            "eps_growth_yearly": 93.98
        },
        "20153": {
            "year_quarter": 20153,
            "year": 2015,
            "quarter": 3,
            "eps": 0.17,
            "eps_growth_year": -39.29,
            "eps_4q": 1.02,
            "eps_4q_growth_year": -55.32,
            "roe": 0.16,
            "roe_4q": 0.94,
            "gross_profit": 222462,
            "gross_margin": 41.9,
            "gross_margin_4q_avg": 37.18,
            "net_income": 3635,
            "revenue": 530886,
            "common_shares": 820618,
            "book_valuer_per_share": 25.77,
            "book_valuer_per_share_4q_avg": 26.06,
            "equity": 2267335,
            "current_ratio": 590.43,
            "debt_ratio": 14.29,
            "inventory_turnover_ratio": 1.01,
            "account_receivable_turnover_ratio": 1.82,
            "reinvestment_rate": 0.45,
            "research_to_sale_ratio": 28.18,
            "price_fair": 72.8,
            "eps_avg_yearly": 2.08,
            "eps_latest_yearly": 0.68,
            "eps_growth_yearly": 80.66
        },
        "20154": {
            "year_quarter": 20154,
            "year": 2015,
            "quarter": 4,
            "eps": 0.15,
            "eps_growth_year": -57.28,
            "eps_4q": 0.8,
            "eps_4q_growth_year": -43.88,
            "roe": 0.09,
            "roe_4q": 0.41,
            "gross_profit": 249078,
            "gross_margin": 41.45,
            "gross_margin_4q_avg": 38.91,
            "net_income": 2054,
            "revenue": 600937,
            "common_shares": 787652,
            "book_valuer_per_share": 25.96,
            "book_valuer_per_share_4q_avg": 25.98,
            "equity": 2266534,
            "current_ratio": 541.77,
            "debt_ratio": 15.47,
            "inventory_turnover_ratio": 1.36,
            "account_receivable_turnover_ratio": 2.34,
            "reinvestment_rate": 4.98,
            "research_to_sale_ratio": 27.13,
            "price_fair": 59.94,
            "eps_avg_yearly": 1.71,
            "eps_latest_yearly": 0.6,
            "eps_growth_yearly": 66.56
        },
        "20161": {
            "year_quarter": 20161,
            "year": 2016,
            "quarter": 1,
            "eps": -0.01,
            "eps_growth_year": -103.7,
            "eps_4q": 0.51,
            "eps_4q_growth_year": -50.41,
            "roe": -0.75,
            "roe_4q": -0.77,
            "gross_profit": 212114,
            "gross_margin": 40.96,
            "gross_margin_4q_avg": 39.88,
            "net_income": -16985,
            "revenue": 517848,
            "common_shares": 787652,
            "book_valuer_per_share": 25.99,
            "book_valuer_per_share_4q_avg": 25.81,
            "equity": 2253860,
            "current_ratio": 539.42,
            "debt_ratio": 15.42,
            "inventory_turnover_ratio": 1.27,
            "account_receivable_turnover_ratio": 2.24,
            "reinvestment_rate": 7.14,
            "research_to_sale_ratio": 28.29,
            "price_fair": 52.92,
            "eps_avg_yearly": 1.51,
            "eps_latest_yearly": 0.6,
            "eps_growth_yearly": 78.24
        },
        "20162": {
            "year_quarter": 20162,
            "year": 2016,
            "quarter": 2,
            "eps": 0.92,
            "eps_growth_year": 360,
            "eps_4q": 1.25,
            "eps_4q_growth_year": 13.46,
            "roe": 2.7,
            "roe_4q": 2.2,
            "gross_profit": 237498,
            "gross_margin": 42,
            "gross_margin_4q_avg": 41.58,
            "net_income": 62164,
            "revenue": 565471,
            "common_shares": 786032,
            "book_valuer_per_share": 26.25,
            "book_valuer_per_share_4q_avg": 25.99,
            "equity": 2354741,
            "current_ratio": 453.47,
            "debt_ratio": 18.08,
            "inventory_turnover_ratio": 1.27,
            "account_receivable_turnover_ratio": 2.64,
            "reinvestment_rate": 23.91,
            "research_to_sale_ratio": 29.15,
            "price_fair": 50.6,
            "eps_avg_yearly": 1.45,
            "eps_latest_yearly": 0.6,
            "eps_growth_yearly": 97.63
        },
        "20163": {
            "year_quarter": 20163,
            "year": 2016,
            "quarter": 3,
            "eps": -0.09,
            "eps_growth_year": -152.94,
            "eps_4q": 1.02,
            "eps_4q_growth_year": 0.03,
            "roe": -0.58,
            "roe_4q": 1.4600000000000002,
            "gross_profit": 219624,
            "gross_margin": 41.74,
            "gross_margin_4q_avg": 41.54,
            "net_income": -13612,
            "revenue": 526185,
            "common_shares": 766072,
            "book_valuer_per_share": 26.37,
            "book_valuer_per_share_4q_avg": 26.14,
            "equity": 2314825,
            "current_ratio": 520.26,
            "debt_ratio": 15.68,
            "inventory_turnover_ratio": 1.03,
            "account_receivable_turnover_ratio": 2.42,
            "reinvestment_rate": 28.56,
            "research_to_sale_ratio": 26.9,
            "price_fair": 49,
            "eps_avg_yearly": 1.4,
            "eps_latest_yearly": 0.6,
            "eps_growth_yearly": 110.19
        },
        "20164": {
            "year_quarter": 20164,
            "year": 2016,
            "quarter": 4,
            "eps": -0.16,
            "eps_growth_year": -206.11,
            "eps_4q": 0.69,
            "eps_4q_growth_year": -12.97,
            "roe": -0.51,
            "roe_4q": 0.8600000000000003,
            "gross_profit": 206212,
            "gross_margin": 41.53,
            "gross_margin_4q_avg": 41.56,
            "net_income": -11715,
            "revenue": 496531,
            "common_shares": 739037,
            "book_valuer_per_share": 26.32,
            "book_valuer_per_share_4q_avg": 26.23,
            "equity": 2310877,
            "current_ratio": 579.98,
            "debt_ratio": 13.97,
            "inventory_turnover_ratio": 0.92,
            "account_receivable_turnover_ratio": 2.41,
            "reinvestment_rate": 29.23,
            "research_to_sale_ratio": 27.32,
            "price_fair": 52.03,
            "eps_avg_yearly": 1.49,
            "eps_latest_yearly": 0.6,
            "eps_growth_yearly": 146.82
        },
        "20171": {
            "year_quarter": 20171,
            "year": 2017,
            "quarter": 1,
            "eps": -0.35,
            "eps_growth_year": null,
            "eps_4q": 0.35,
            "eps_4q_growth_year": -31.4,
            "roe": -1.12,
            "roe_4q": 0.4900000000000002,
            "gross_profit": 189198,
            "gross_margin": 41.93,
            "gross_margin_4q_avg": 41.8,
            "net_income": -25682,
            "revenue": 451205,
            "common_shares": 738827,
            "book_valuer_per_share": 25.94,
            "book_valuer_per_share_4q_avg": 26.22,
            "equity": 2283932,
            "current_ratio": 548.71,
            "debt_ratio": 14.74,
            "inventory_turnover_ratio": 0.84,
            "account_receivable_turnover_ratio": 2.48,
            "reinvestment_rate": 39.96,
            "research_to_sale_ratio": 29.5,
            "price_fair": 54.98,
            "eps_avg_yearly": 1.57,
            "eps_latest_yearly": 0.6,
            "eps_growth_yearly": 139.97
        },
        "20172": {
            "year_quarter": 20172,
            "year": 2017,
            "quarter": 2,
            "eps": 1.37,
            "eps_growth_year": 48.91,
            "eps_4q": 0.76,
            "eps_4q_growth_year": -38.91,
            "roe": 5.12,
            "roe_4q": 2.91,
            "gross_profit": 209427,
            "gross_margin": 38.88,
            "gross_margin_4q_avg": 41.02,
            "net_income": 117133,
            "revenue": 538633,
            "common_shares": 738752,
            "book_valuer_per_share": 26.63,
            "book_valuer_per_share_4q_avg": 26.32,
            "equity": 2292123,
            "current_ratio": 528.44,
            "debt_ratio": 14.56,
            "inventory_turnover_ratio": 1.14,
            "account_receivable_turnover_ratio": 3.11,
            "reinvestment_rate": 82.33,
            "research_to_sale_ratio": 23.7,
            "price_fair": 53.9,
            "eps_avg_yearly": 1.54,
            "eps_latest_yearly": 0.6,
            "eps_growth_yearly": 59.68
        },
        "20173": {
            "year_quarter": 20173,
            "year": 2017,
            "quarter": 3,
            "eps": 0.21,
            "eps_growth_year": null,
            "eps_4q": 1.07,
            "eps_4q_growth_year": 5.45,
            "roe": 0.75,
            "roe_4q": 4.24,
            "gross_profit": 186530,
            "gross_margin": 35.72,
            "gross_margin_4q_avg": 39.52,
            "net_income": 17300,
            "revenue": 522222,
            "common_shares": 737753,
            "book_valuer_per_share": 26.91,
            "book_valuer_per_share_4q_avg": 26.45,
            "equity": 2311878,
            "current_ratio": 553.03,
            "debt_ratio": 13.89,
            "inventory_turnover_ratio": 1.42,
            "account_receivable_turnover_ratio": 3.05,
            "reinvestment_rate": 85.53,
            "research_to_sale_ratio": 21.36,
            "price_fair": 51.8,
            "eps_avg_yearly": 1.48,
            "eps_latest_yearly": 0.84,
            "eps_growth_yearly": 35.17
        },
        "20174": {
            "year_quarter": 20174,
            "year": 2017,
            "quarter": 4,
            "eps": -0.17,
            "eps_growth_year": null,
            "eps_4q": 1.07,
            "eps_4q_growth_year": 53.97,
            "roe": -0.87,
            "roe_4q": 3.88,
            "gross_profit": 152946,
            "gross_margin": 35.24,
            "gross_margin_4q_avg": 37.94,
            "net_income": -20143,
            "revenue": 433982,
            "common_shares": 737753,
            "book_valuer_per_share": 26.74,
            "book_valuer_per_share_4q_avg": 26.56,
            "equity": 2292508,
            "current_ratio": 605.68,
            "debt_ratio": 12.15,
            "inventory_turnover_ratio": 1.27,
            "account_receivable_turnover_ratio": 2.6,
            "reinvestment_rate": 109.31,
            "research_to_sale_ratio": 23.95,
            "price_fair": 3.27,
            "eps_avg_yearly": 1.09,
            "eps_latest_yearly": 0.84,
            "eps_growth_yearly": -70.8
        },
        "20181": {
            "year_quarter": 20181,
            "year": 2018,
            "quarter": 1,
            "eps": 0.07,
            "eps_growth_year": null,
            "eps_4q": 1.5,
            "eps_4q_growth_year": 326.88,
            "roe": 0.28,
            "roe_4q": 5.28,
            "gross_profit": 152072,
            "gross_margin": 38.58,
            "gross_margin_4q_avg": 37.11,
            "net_income": 6461,
            "revenue": 394185,
            "common_shares": 737753,
            "book_valuer_per_share": 27.86,
            "book_valuer_per_share_4q_avg": 27.04,
            "equity": 2376266,
            "current_ratio": 713.67,
            "debt_ratio": 10.05,
            "inventory_turnover_ratio": 1.19,
            "account_receivable_turnover_ratio": 2.47,
            "reinvestment_rate": -23.5,
            "research_to_sale_ratio": 26.19,
            "price_fair": 2.67,
            "eps_avg_yearly": 0.89,
            "eps_latest_yearly": 0.84,
            "eps_growth_yearly": -56.45
        },
        "20182": {
            "year_quarter": 20182,
            "year": 2018,
            "quarter": 2,
            "eps": 0.82,
            "eps_growth_year": -40.15,
            "eps_4q": 0.94,
            "eps_4q_growth_year": 22.65,
            "roe": 2.79,
            "roe_4q": 2.95,
            "gross_profit": 193892,
            "gross_margin": 37.87,
            "gross_margin_4q_avg": 36.85,
            "net_income": 65863,
            "revenue": 512016,
            "common_shares": 737753,
            "book_valuer_per_share": 27.53,
            "book_valuer_per_share_4q_avg": 27.26,
            "equity": 2351803,
            "current_ratio": 452.05,
            "debt_ratio": 16.68,
            "inventory_turnover_ratio": 1.67,
            "account_receivable_turnover_ratio": 2.86,
            "reinvestment_rate": 10.77,
            "research_to_sale_ratio": 20.94,
            "price_fair": 43.05,
            "eps_avg_yearly": 1.23,
            "eps_latest_yearly": 3.28,
            "eps_growth_yearly": 518.82
        },
        "20183": {
            "year_quarter": 20183,
            "year": 2018,
            "quarter": 3,
            "eps": 0.25,
            "eps_growth_year": 19.05,
            "eps_4q": 0.95,
            "eps_4q_growth_year": -11.34,
            "roe": 1.4,
            "roe_4q": 3.5999999999999996,
            "gross_profit": 181392,
            "gross_margin": 40.56,
            "gross_margin_4q_avg": 38.06,
            "net_income": 33373,
            "revenue": 447165,
            "common_shares": 752653,
            "book_valuer_per_share": 27.61,
            "book_valuer_per_share_4q_avg": 27.44,
            "equity": 2414410,
            "current_ratio": 609.56,
            "debt_ratio": 11.9,
            "inventory_turnover_ratio": 1.35,
            "account_receivable_turnover_ratio": 2.3,
            "reinvestment_rate": 11.29,
            "research_to_sale_ratio": 22.6,
            "price_fair": 42.53,
            "eps_avg_yearly": 1.22,
            "eps_latest_yearly": 1,
            "eps_growth_yearly": 434.06
        },
        "20184": {
            "year_quarter": 20184,
            "year": 2018,
            "quarter": 4,
            "eps": -0.03,
            "eps_growth_year": null,
            "eps_4q": 1.08,
            "eps_4q_growth_year": 1.28,
            "roe": 0.07,
            "roe_4q": 4.54,
            "gross_profit": 150776,
            "gross_margin": 38.76,
            "gross_margin_4q_avg": 38.94,
            "net_income": 1654,
            "revenue": 389002,
            "common_shares": 752653,
            "book_valuer_per_share": 27.57,
            "book_valuer_per_share_4q_avg": 27.64,
            "equity": 2424107,
            "current_ratio": 765.82,
            "debt_ratio": 9.47,
            "inventory_turnover_ratio": 1.29,
            "account_receivable_turnover_ratio": 2.06,
            "reinvestment_rate": 6.92,
            "research_to_sale_ratio": 24.87,
            "price_fair": 41.4,
            "eps_avg_yearly": 1.18,
            "eps_latest_yearly": 1,
            "eps_growth_yearly": 479.75
        },
        "20191": {
            "year_quarter": 20191,
            "year": 2019,
            "quarter": 1,
            "eps": -0.36,
            "eps_growth_year": -614.29,
            "eps_4q": 0.66,
            "eps_4q_growth_year": -55.91,
            "roe": -0.85,
            "roe_4q": 3.41,
            "gross_profit": 130374,
            "gross_margin": 39.32,
            "gross_margin_4q_avg": 39.13,
            "net_income": -20682,
            "revenue": 331611,
            "common_shares": 752653,
            "book_valuer_per_share": 27.53,
            "book_valuer_per_share_4q_avg": 27.56,
            "equity": 2426738,
            "current_ratio": 633.1,
            "debt_ratio": 14.66,
            "inventory_turnover_ratio": 1.2,
            "account_receivable_turnover_ratio": 1.96,
            "reinvestment_rate": 14.17,
            "research_to_sale_ratio": 28.04,
            "price_fair": 42,
            "eps_avg_yearly": 1.2,
            "eps_latest_yearly": 1,
            "eps_growth_yearly": 576.37
        },
        "20192": {
            "year_quarter": 20192,
            "year": 2019,
            "quarter": 2,
            "eps": -0.23,
            "eps_growth_year": -128.05,
            "eps_4q": -0.37,
            "eps_4q_growth_year": -139.76,
            "roe": -0.44,
            "roe_4q": 0.17999999999999994,
            "gross_profit": 103173,
            "gross_margin": 40.05,
            "gross_margin_4q_avg": 39.67,
            "net_income": -10690,
            "revenue": 257628,
            "common_shares": 752053,
            "book_valuer_per_share": 27.05,
            "book_valuer_per_share_4q_avg": 27.44,
            "equity": 2389309,
            "current_ratio": 547.15,
            "debt_ratio": 15.6,
            "inventory_turnover_ratio": 0.85,
            "account_receivable_turnover_ratio": 2.06,
            "reinvestment_rate": 23.38,
            "research_to_sale_ratio": 34.01,
            "price_fair": 44.8,
            "eps_avg_yearly": 1.28,
            "eps_latest_yearly": 1,
            "eps_growth_yearly": 712.38
        },
        "20193": {
            "year_quarter": 20193,
            "year": 2019,
            "quarter": 3,
            "eps": -0.5,
            "eps_growth_year": -300,
            "eps_4q": -1.1,
            "eps_4q_growth_year": -215.79,
            "roe": -1.24,
            "roe_4q": -2.46,
            "gross_profit": 113509,
            "gross_margin": 36.34,
            "gross_margin_4q_avg": 38.62,
            "net_income": -30067,
            "revenue": 312359,
            "common_shares": 752053,
            "book_valuer_per_share": 27.81,
            "book_valuer_per_share_4q_avg": 27.49,
            "equity": 2453364,
            "current_ratio": 709.75,
            "debt_ratio": 12.04,
            "inventory_turnover_ratio": 1.18,
            "account_receivable_turnover_ratio": 2.34,
            "reinvestment_rate": -8.4,
            "research_to_sale_ratio": 29.46,
            "price_fair": 50.05,
            "eps_avg_yearly": 1.43,
            "eps_latest_yearly": 1,
            "eps_growth_yearly": 905.48
        },
        "20194": {
            "year_quarter": 20194,
            "year": 2019,
            "quarter": 4,
            "eps": -0.31,
            "eps_growth_year": null,
            "eps_4q": -1.38,
            "eps_4q_growth_year": -227.59,
            "roe": -0.84,
            "roe_4q": -3.37,
            "gross_profit": 110811,
            "gross_margin": 39.27,
            "gross_margin_4q_avg": 38.75,
            "net_income": -20578,
            "revenue": 282194,
            "common_shares": 750069,
            "book_valuer_per_share": 27.34,
            "book_valuer_per_share_4q_avg": 27.43,
            "equity": 2417568,
            "current_ratio": 558.05,
            "debt_ratio": 14.58,
            "inventory_turnover_ratio": 1.11,
            "account_receivable_turnover_ratio": 2.05,
            "reinvestment_rate": -5.06,
            "research_to_sale_ratio": 28.55,
            "price_fair": 59.73,
            "eps_avg_yearly": 1.71,
            "eps_latest_yearly": 1,
            "eps_growth_yearly": 1222.99
        },
        "20201": {
            "year_quarter": 20201,
            "year": 2020,
            "quarter": 1,
            "eps": -0.48,
            "eps_growth_year": null,
            "eps_4q": -1.58,
            "eps_4q_growth_year": -339.68,
            "roe": -1.3,
            "roe_4q": -3.82,
            "gross_profit": 98526,
            "gross_margin": 41.86,
            "gross_margin_4q_avg": 39.38,
            "net_income": -30358,
            "revenue": 235395,
            "common_shares": 758209,
            "book_valuer_per_share": 26.56,
            "book_valuer_per_share_4q_avg": 27.19,
            "equity": 2248766,
            "current_ratio": 608,
            "debt_ratio": 13.4,
            "inventory_turnover_ratio": 0.8,
            "account_receivable_turnover_ratio": 2.22,
            "reinvestment_rate": -21.75,
            "research_to_sale_ratio": 32.32,
            "price_fair": 59.73,
            "eps_avg_yearly": 1.71,
            "eps_latest_yearly": 1,
            "eps_growth_yearly": 1222.99
        },
        "20202": {
            "year_quarter": 20202,
            "year": 2020,
            "quarter": 2,
            "eps": -0.42,
            "eps_growth_year": null,
            "eps_4q": -1.74,
            "eps_4q_growth_year": null,
            "roe": -1.22,
            "roe_4q": -4.6,
            "gross_profit": 86307,
            "gross_margin": 42.21,
            "gross_margin_4q_avg": 39.92,
            "net_income": -27093,
            "revenue": 204476,
            "common_shares": 708239,
            "book_valuer_per_share": 26.06,
            "book_valuer_per_share_4q_avg": 26.94,
            "equity": 2196407,
            "current_ratio": 567.45,
            "debt_ratio": 13.73,
            "inventory_turnover_ratio": 0.71,
            "account_receivable_turnover_ratio": 2.2,
            "reinvestment_rate": null,
            "research_to_sale_ratio": 37.97,
            "price_fair": 59.73,
            "eps_avg_yearly": 1.71,
            "eps_latest_yearly": 1,
            "eps_growth_yearly": 1222.99
        },
        "20203": {
            "year_quarter": 20203,
            "year": 2020,
            "quarter": 3,
            "eps": 0.03,
            "eps_growth_year": null,
            "eps_4q": -1.2,
            "eps_4q_growth_year": null,
            "roe": 1.05,
            "roe_4q": -2.31,
            "gross_profit": 141327,
            "gross_margin": 39.95,
            "gross_margin_4q_avg": 40.82,
            "net_income": 23204,
            "revenue": 353800,
            "common_shares": 707179,
            "book_valuer_per_share": 26.13,
            "book_valuer_per_share_4q_avg": 26.52,
            "equity": 2212261,
            "current_ratio": 534.85,
            "debt_ratio": 15.18,
            "inventory_turnover_ratio": 1.38,
            "account_receivable_turnover_ratio": 3.21,
            "reinvestment_rate": null,
            "research_to_sale_ratio": 22.56,
            "price_fair": 59.73,
            "eps_avg_yearly": 1.71,
            "eps_latest_yearly": 1,
            "eps_growth_yearly": 1222.99
        },
        "20204": {
            "year_quarter": 20204,
            "year": 2020,
            "quarter": 4,
            "eps": 0.27,
            "eps_growth_year": null,
            "eps_4q": -0.6,
            "eps_4q_growth_year": null,
            "roe": 1.5,
            "roe_4q": 0.029999999999999805,
            "gross_profit": 145024,
            "gross_margin": 40.87,
            "gross_margin_4q_avg": 41.22,
            "net_income": 34301,
            "revenue": 354832,
            "common_shares": 706553,
            "book_valuer_per_share": 27.77,
            "book_valuer_per_share_4q_avg": 26.63,
            "equity": 2346982,
            "current_ratio": 499.96,
            "debt_ratio": 15.16,
            "inventory_turnover_ratio": 1.34,
            "account_receivable_turnover_ratio": 2.92,
            "reinvestment_rate": -619.3,
            "research_to_sale_ratio": 21.65,
            "price_fair": 54.25,
            "eps_avg_yearly": 1.55,
            "eps_latest_yearly": 1.08,
            "eps_growth_yearly": 1717.24
        },
        "20211": {
            "year_quarter": 20211,
            "year": 2021,
            "quarter": 1,
            "eps": 0.73,
            "eps_growth_year": null,
            "eps_4q": 0.62,
            "eps_4q_growth_year": null,
            "roe": 2.88,
            "roe_4q": 4.21,
            "gross_profit": 214835,
            "gross_margin": 48.9,
            "gross_margin_4q_avg": 42.98,
            "net_income": 67877,
            "revenue": 439344,
            "common_shares": 706229,
            "book_valuer_per_share": 27.8,
            "book_valuer_per_share_4q_avg": 26.94,
            "equity": 2364879,
            "current_ratio": 460.49,
            "debt_ratio": 15.82,
            "inventory_turnover_ratio": 1.41,
            "account_receivable_turnover_ratio": 3.16,
            "reinvestment_rate": -100.37,
            "research_to_sale_ratio": 19.51,
            "price_fair": 63.84,
            "eps_avg_yearly": 1.82,
            "eps_latest_yearly": 2.92,
            "eps_growth_yearly": 1510.09
        },
        "20212": {
            "year_quarter": 20212,
            "year": 2021,
            "quarter": 2,
            "eps": 1.15,
            "eps_growth_year": null,
            "eps_4q": 2.16,
            "eps_4q_growth_year": null,
            "roe": 3.97,
            "roe_4q": 9.4,
            "gross_profit": 195536,
            "gross_margin": 52.16,
            "gross_margin_4q_avg": 45.47,
            "net_income": 95262,
            "revenue": 374874,
            "common_shares": 706229,
            "book_valuer_per_share": 28.61,
            "book_valuer_per_share_4q_avg": 27.58,
            "equity": 2429208,
            "current_ratio": 502.9,
            "debt_ratio": 14.17,
            "inventory_turnover_ratio": 1.07,
            "account_receivable_turnover_ratio": 2.6,
            "reinvestment_rate": -308.5,
            "research_to_sale_ratio": 23.13,
            "price_fair": 80.03,
            "eps_avg_yearly": 2.29,
            "eps_latest_yearly": 4.6,
            "eps_growth_yearly": 1296.77
        },
        "20213": {
            "year_quarter": 20213,
            "year": 2021,
            "quarter": 3,
            "eps": 1.37,
            "eps_growth_year": 4466.67,
            "eps_4q": 3.48,
            "eps_4q_growth_year": null,
            "roe": 4,
            "roe_4q": 12.350000000000001,
            "gross_profit": 148863,
            "gross_margin": 49.39,
            "gross_margin_4q_avg": 47.83,
            "net_income": 103898,
            "revenue": 301378,
            "common_shares": 704849,
            "book_valuer_per_share": 31.18,
            "book_valuer_per_share_4q_avg": 28.84,
            "equity": 2760531,
            "current_ratio": 611.86,
            "debt_ratio": 11.95,
            "inventory_turnover_ratio": 0.69,
            "account_receivable_turnover_ratio": 2.85,
            "reinvestment_rate": -111.37,
            "research_to_sale_ratio": 31.07,
            "price_fair": 107.1,
            "eps_avg_yearly": 3.06,
            "eps_latest_yearly": 5.48,
            "eps_growth_yearly": 1365.97
        },
        "20214": {
            "year_quarter": 20214,
            "year": 2021,
            "quarter": 4,
            "eps": 0.15,
            "eps_growth_year": -43.39,
            "eps_4q": 2.65,
            "eps_4q_growth_year": null,
            "roe": 1.05,
            "roe_4q": 11.899999999999999,
            "gross_profit": 173728,
            "gross_margin": 46.83,
            "gross_margin_4q_avg": 49.32,
            "net_income": 33110,
            "revenue": 371007,
            "common_shares": 904808,
            "book_valuer_per_share": 33.1,
            "book_valuer_per_share_4q_avg": 30.17,
            "equity": 3569486,
            "current_ratio": 630.95,
            "debt_ratio": 11.17,
            "inventory_turnover_ratio": 0.71,
            "account_receivable_turnover_ratio": 3.46,
            "reinvestment_rate": 14,
            "research_to_sale_ratio": 26.24,
            "price_fair": 94.8,
            "eps_avg_yearly": 2.71,
            "eps_latest_yearly": 0.6,
            "eps_growth_yearly": 1119.94
        },
        "20221": {
            "year_quarter": 20221,
            "year": 2022,
            "quarter": 1,
            "eps": 0.18,
            "eps_growth_year": -75.34,
            "eps_4q": 2.25,
            "eps_4q_growth_year": 264.65,
            "roe": 0.97,
            "roe_4q": 9.99,
            "gross_profit": 168798,
            "gross_margin": 46.89,
            "gross_margin_4q_avg": 48.82,
            "net_income": 33388,
            "revenue": 360016,
            "common_shares": 908858,
            "book_valuer_per_share": 30.2,
            "book_valuer_per_share_4q_avg": 30.77,
            "equity": 3340371,
            "current_ratio": 513.65,
            "debt_ratio": 13.53,
            "inventory_turnover_ratio": 0.59,
            "account_receivable_turnover_ratio": 2.91,
            "reinvestment_rate": 165.98,
            "research_to_sale_ratio": 24.58,
            "price_fair": 86.1,
            "eps_avg_yearly": 2.46,
            "eps_latest_yearly": 0.72,
            "eps_growth_yearly": 989.95
        },
        "20222": {
            "year_quarter": 20222,
            "year": 2022,
            "quarter": 2,
            "eps": 0.7,
            "eps_growth_year": -39.13,
            "eps_4q": 2.07,
            "eps_4q_growth_year": -4.21,
            "roe": 2.56,
            "roe_4q": 8.58,
            "gross_profit": 212087,
            "gross_margin": 49.44,
            "gross_margin_4q_avg": 48.14,
            "net_income": 95838,
            "revenue": 428937,
            "common_shares": 908858,
            "book_valuer_per_share": 30.76,
            "book_valuer_per_share_4q_avg": 31.31,
            "equity": 4160637,
            "current_ratio": 392.37,
            "debt_ratio": 20.03,
            "inventory_turnover_ratio": 0.45,
            "account_receivable_turnover_ratio": 1.85,
            "reinvestment_rate": 40.8,
            "research_to_sale_ratio": 25.97,
            "price_fair": 84,
            "eps_avg_yearly": 2.4,
            "eps_latest_yearly": 2.8,
            "eps_growth_yearly": 598.68
        },
        "20223": {
            "year_quarter": 20223,
            "year": 2022,
            "quarter": 3,
            "eps": -0.02,
            "eps_growth_year": -101.46,
            "eps_4q": 1.01,
            "eps_4q_growth_year": -71.06,
            "roe": 0.52,
            "roe_4q": 5.1,
            "gross_profit": 189426,
            "gross_margin": 44.3,
            "gross_margin_4q_avg": 46.87,
            "net_income": 21823,
            "revenue": 427616,
            "common_shares": 908588,
            "book_valuer_per_share": 30.67,
            "book_valuer_per_share_4q_avg": 31.18,
            "equity": 4181531,
            "current_ratio": 568.05,
            "debt_ratio": 14.46,
            "inventory_turnover_ratio": 0.36,
            "account_receivable_turnover_ratio": 1.28,
            "reinvestment_rate": 49.3,
            "research_to_sale_ratio": 27.94,
            "price_fair": 91,
            "eps_avg_yearly": 2.6,
            "eps_latest_yearly": 2.8,
            "eps_growth_yearly": 723.93
        },
        "20224": {
            "year_quarter": 20224,
            "year": 2022,
            "quarter": 4,
            "eps": -0.29,
            "eps_growth_year": -289.87,
            "eps_4q": 0.57,
            "eps_4q_growth_year": -78.64,
            "roe": -1.01,
            "roe_4q": 3.04,
            "gross_profit": 167216,
            "gross_margin": 42.96,
            "gross_margin_4q_avg": 45.9,
            "net_income": -41957,
            "revenue": 389219,
            "common_shares": 908588,
            "book_valuer_per_share": 30.34,
            "book_valuer_per_share_4q_avg": 30.49,
            "equity": 4143904,
            "current_ratio": 550.7,
            "debt_ratio": 14.95,
            "inventory_turnover_ratio": 0.32,
            "account_receivable_turnover_ratio": 1.27,
            "reinvestment_rate": 59.18,
            "research_to_sale_ratio": 28.72,
            "price_fair": 91,
            "eps_avg_yearly": 2.6,
            "eps_latest_yearly": 2.8,
            "eps_growth_yearly": 723.93
        },
        "20231": {
            "year_quarter": 20231,
            "year": 2023,
            "quarter": 1,
            "eps": -0.61,
            "eps_growth_year": -438.89,
            "eps_4q": -0.21,
            "eps_4q_growth_year": -109.28,
            "roe": -1.9,
            "roe_4q": 0.16999999999999993,
            "gross_profit": 150963,
            "gross_margin": 38.91,
            "gross_margin_4q_avg": 43.9,
            "net_income": -77375,
            "revenue": 387946,
            "common_shares": 914592,
            "book_valuer_per_share": 29.26,
            "book_valuer_per_share_4q_avg": 30.26,
            "equity": 4019952,
            "current_ratio": 541.36,
            "debt_ratio": 15.25,
            "inventory_turnover_ratio": 0.36,
            "account_receivable_turnover_ratio": 1.41,
            "reinvestment_rate": 59,
            "research_to_sale_ratio": 31.75,
            "price_fair": 91,
            "eps_avg_yearly": 2.6,
            "eps_latest_yearly": 2.8,
            "eps_growth_yearly": 723.93
        }
    },
    "months": {
        "2003-09": {
            "month": "2003-09",
            "price": "22.50",
            "revenue": 65655
        },
        "2003-10": {
            "month": "2003-10",
            "price": "29.50",
            "revenue": 59925
        },
        "2003-11": {
            "month": "2003-11",
            "price": "34.88",
            "revenue": 58802
        },
        "2003-12": {
            "month": "2003-12",
            "price": "36.07",
            "revenue": 64687
        },
        "2004-01": {
            "month": "2004-01",
            "price": "47.68",
            "revenue": 54931
        },
        "2004-02": {
            "month": "2004-02",
            "price": "51.22",
            "revenue": 53211
        },
        "2004-03": {
            "month": "2004-03",
            "price": "53.84",
            "revenue": 53725
        },
        "2004-04": {
            "month": "2004-04",
            "price": "59.78",
            "revenue": 49577
        },
        "2004-05": {
            "month": "2004-05",
            "price": "60.43",
            "revenue": 46524
        },
        "2004-06": {
            "month": "2004-06",
            "price": "60.26",
            "revenue": 45191
        },
        "2004-07": {
            "month": "2004-07",
            "price": "53.89",
            "revenue": 51510
        },
        "2004-08": {
            "month": "2004-08",
            "price": "44.72",
            "revenue": 55138
        },
        "2004-09": {
            "month": "2004-09",
            "price": "35.73",
            "revenue": 64561
        },
        "2004-10": {
            "month": "2004-10",
            "price": "34.05",
            "revenue": 76621
        },
        "2004-11": {
            "month": "2004-11",
            "price": "31.48",
            "revenue": 86635
        },
        "2004-12": {
            "month": "2004-12",
            "price": "31.12",
            "revenue": 87888
        },
        "2005-01": {
            "month": "2005-01",
            "price": "33.38",
            "revenue": 80420
        },
        "2005-02": {
            "month": "2005-02",
            "price": "37.68",
            "revenue": 67974
        },
        "2005-03": {
            "month": "2005-03",
            "price": "44.92",
            "revenue": 78166
        },
        "2005-04": {
            "month": "2005-04",
            "price": "42.06",
            "revenue": 75341
        },
        "2005-05": {
            "month": "2005-05",
            "price": "43.32",
            "revenue": 86265
        },
        "2005-06": {
            "month": "2005-06",
            "price": "58.75",
            "revenue": 103843
        },
        "2005-07": {
            "month": "2005-07",
            "price": "69.98",
            "revenue": 91237
        },
        "2005-08": {
            "month": "2005-08",
            "price": "63.10",
            "revenue": 93219
        },
        "2005-09": {
            "month": "2005-09",
            "price": "59.41",
            "revenue": 99491
        },
        "2005-10": {
            "month": "2005-10",
            "price": "68.05",
            "revenue": 104756
        },
        "2005-11": {
            "month": "2005-11",
            "price": "70.81",
            "revenue": 114528
        },
        "2005-12": {
            "month": "2005-12",
            "price": "76.85",
            "revenue": 118433
        },
        "2006-01": {
            "month": "2006-01",
            "price": "101.41",
            "revenue": 93033
        },
        "2006-02": {
            "month": "2006-02",
            "price": "94.10",
            "revenue": 91848
        },
        "2006-03": {
            "month": "2006-03",
            "price": "100.47",
            "revenue": 109895
        },
        "2006-04": {
            "month": "2006-04",
            "price": "107.32",
            "revenue": 121415
        },
        "2006-05": {
            "month": "2006-05",
            "price": "115.88",
            "revenue": 119827
        },
        "2006-06": {
            "month": "2006-06",
            "price": "91.83",
            "revenue": 132353
        },
        "2006-07": {
            "month": "2006-07",
            "price": "93.84",
            "revenue": 132285
        },
        "2006-08": {
            "month": "2006-08",
            "price": "101.24",
            "revenue": 134044
        },
        "2006-09": {
            "month": "2006-09",
            "price": "96.49",
            "revenue": 119889
        },
        "2006-10": {
            "month": "2006-10",
            "price": "81.87",
            "revenue": 127471
        },
        "2006-11": {
            "month": "2006-11",
            "price": "86.58",
            "revenue": 140642
        },
        "2006-12": {
            "month": "2006-12",
            "price": "100.13",
            "revenue": 145301
        },
        "2007-01": {
            "month": "2007-01",
            "price": "133.70",
            "revenue": 130442
        },
        "2007-02": {
            "month": "2007-02",
            "price": "128.46",
            "revenue": 114410
        },
        "2007-03": {
            "month": "2007-03",
            "price": "152.43",
            "revenue": 156823
        },
        "2007-04": {
            "month": "2007-04",
            "price": "174.38",
            "revenue": 162810
        },
        "2007-05": {
            "month": "2007-05",
            "price": "189.95",
            "revenue": 168451
        },
        "2007-06": {
            "month": "2007-06",
            "price": "264.05",
            "revenue": 133385
        },
        "2007-07": {
            "month": "2007-07",
            "price": "255.98",
            "revenue": 137991
        },
        "2007-08": {
            "month": "2007-08",
            "price": "173.43",
            "revenue": 141901
        },
        "2007-09": {
            "month": "2007-09",
            "price": "160.47",
            "revenue": 155083
        },
        "2007-10": {
            "month": "2007-10",
            "price": "155.91",
            "revenue": 154175
        },
        "2007-11": {
            "month": "2007-11",
            "price": "102.43",
            "revenue": 170822
        },
        "2007-12": {
            "month": "2007-12",
            "price": "103.95",
            "revenue": 146513
        },
        "2008-01": {
            "month": "2008-01",
            "price": "84.35",
            "revenue": 154923
        },
        "2008-02": {
            "month": "2008-02",
            "price": "68.31",
            "revenue": 136926
        },
        "2008-03": {
            "month": "2008-03",
            "price": "81.12",
            "revenue": 145983
        },
        "2008-04": {
            "month": "2008-04",
            "price": "79.75",
            "revenue": 204761
        },
        "2008-05": {
            "month": "2008-05",
            "price": "99.44",
            "revenue": 178352
        },
        "2008-06": {
            "month": "2008-06",
            "price": "83.46",
            "revenue": 149098
        },
        "2008-07": {
            "month": "2008-07",
            "price": "65.49",
            "revenue": 157910
        },
        "2008-08": {
            "month": "2008-08",
            "price": "64.39",
            "revenue": 209534
        },
        "2008-09": {
            "month": "2008-09",
            "price": "48.10",
            "revenue": 195074
        },
        "2008-10": {
            "month": "2008-10",
            "price": "43.35",
            "revenue": 203474
        },
        "2008-11": {
            "month": "2008-11",
            "price": "35.20",
            "revenue": 185771
        },
        "2008-12": {
            "month": "2008-12",
            "price": "30.78",
            "revenue": 142735
        },
        "2009-01": {
            "month": "2009-01",
            "price": "33.05",
            "revenue": 75826
        },
        "2009-02": {
            "month": "2009-02",
            "price": "34.97",
            "revenue": 101026
        },
        "2009-03": {
            "month": "2009-03",
            "price": "43.08",
            "revenue": 188110
        },
        "2009-04": {
            "month": "2009-04",
            "price": "54.24",
            "revenue": 155606
        },
        "2009-05": {
            "month": "2009-05",
            "price": "62.37",
            "revenue": 146008
        },
        "2009-06": {
            "month": "2009-06",
            "price": "54.96",
            "revenue": 157474
        },
        "2009-07": {
            "month": "2009-07",
            "price": "55.71",
            "revenue": 176466
        },
        "2009-08": {
            "month": "2009-08",
            "price": "55.92",
            "revenue": 172689
        },
        "2009-09": {
            "month": "2009-09",
            "price": "60.99",
            "revenue": 210360
        },
        "2009-10": {
            "month": "2009-10",
            "price": "63.15",
            "revenue": 161904
        },
        "2009-11": {
            "month": "2009-11",
            "price": "64.94",
            "revenue": 155102
        },
        "2009-12": {
            "month": "2009-12",
            "price": "67.07",
            "revenue": 157494
        },
        "2010-01": {
            "month": "2010-01",
            "price": "65.30",
            "revenue": 156437
        },
        "2010-02": {
            "month": "2010-02",
            "price": "55.04",
            "revenue": 104602
        },
        "2010-03": {
            "month": "2010-03",
            "price": "56.50",
            "revenue": 206911
        },
        "2010-04": {
            "month": "2010-04",
            "price": "60.62",
            "revenue": 226454
        },
        "2010-05": {
            "month": "2010-05",
            "price": "54.42",
            "revenue": 195175
        },
        "2010-06": {
            "month": "2010-06",
            "price": "51.14",
            "revenue": 197733
        },
        "2010-07": {
            "month": "2010-07",
            "price": "52.86",
            "revenue": 207939
        },
        "2010-08": {
            "month": "2010-08",
            "price": "52.65",
            "revenue": 180570
        },
        "2010-09": {
            "month": "2010-09",
            "price": "55.76",
            "revenue": 212222
        },
        "2010-10": {
            "month": "2010-10",
            "price": "53.00",
            "revenue": 221065
        },
        "2010-11": {
            "month": "2010-11",
            "price": "49.41",
            "revenue": 245476
        },
        "2010-12": {
            "month": "2010-12",
            "price": "57.44",
            "revenue": 257094
        },
        "2011-01": {
            "month": "2011-01",
            "price": "60.50",
            "revenue": 195379
        },
        "2011-02": {
            "month": "2011-02",
            "price": "53.35",
            "revenue": 155048
        },
        "2011-03": {
            "month": "2011-03",
            "price": "48.18",
            "revenue": 289941
        },
        "2011-04": {
            "month": "2011-04",
            "price": "52.00",
            "revenue": 291611
        },
        "2011-05": {
            "month": "2011-05",
            "price": "56.48",
            "revenue": 236121
        },
        "2011-06": {
            "month": "2011-06",
            "price": "52.13",
            "revenue": 211830
        },
        "2011-07": {
            "month": "2011-07",
            "price": "46.30",
            "revenue": 242696
        },
        "2011-08": {
            "month": "2011-08",
            "price": "38.56",
            "revenue": 263688
        },
        "2011-09": {
            "month": "2011-09",
            "price": "40.94",
            "revenue": 244730
        },
        "2011-10": {
            "month": "2011-10",
            "price": "40.71",
            "revenue": 259534
        },
        "2011-11": {
            "month": "2011-11",
            "price": "38.85",
            "revenue": 288669
        },
        "2011-12": {
            "month": "2011-12",
            "price": "37.90",
            "revenue": 269553
        },
        "2012-01": {
            "month": "2012-01",
            "price": "39.66",
            "revenue": 188543
        },
        "2012-02": {
            "month": "2012-02",
            "price": "45.94",
            "revenue": 265555
        },
        "2012-03": {
            "month": "2012-03",
            "price": "52.19",
            "revenue": 297965
        },
        "2012-04": {
            "month": "2012-04",
            "price": "53.96",
            "revenue": 243629
        },
        "2012-05": {
            "month": "2012-05",
            "price": "51.59",
            "revenue": 256658
        },
        "2012-06": {
            "month": "2012-06",
            "price": "48.36",
            "revenue": 212401
        },
        "2012-07": {
            "month": "2012-07",
            "price": "48.10",
            "revenue": 251218
        },
        "2012-08": {
            "month": "2012-08",
            "price": "47.24",
            "revenue": 215521
        },
        "2012-09": {
            "month": "2012-09",
            "price": "43.54",
            "revenue": 196548
        },
        "2012-10": {
            "month": "2012-10",
            "price": "36.26",
            "revenue": 235924
        },
        "2012-11": {
            "month": "2012-11",
            "price": "32.85",
            "revenue": 208009
        },
        "2012-12": {
            "month": "2012-12",
            "price": "33.26",
            "revenue": 200087
        },
        "2013-01": {
            "month": "2013-01",
            "price": "34.01",
            "revenue": 211941
        },
        "2013-02": {
            "month": "2013-02",
            "price": "35.15",
            "revenue": 107452
        },
        "2013-03": {
            "month": "2013-03",
            "price": "34.56",
            "revenue": 231524
        },
        "2013-04": {
            "month": "2013-04",
            "price": "34.06",
            "revenue": 226743
        },
        "2013-05": {
            "month": "2013-05",
            "price": "33.81",
            "revenue": 249900
        },
        "2013-06": {
            "month": "2013-06",
            "price": "32.66",
            "revenue": 193391
        },
        "2013-07": {
            "month": "2013-07",
            "price": "30.83",
            "revenue": 188667
        },
        "2013-08": {
            "month": "2013-08",
            "price": "26.15",
            "revenue": 245033
        },
        "2013-09": {
            "month": "2013-09",
            "price": "28.85",
            "revenue": 244524
        },
        "2013-10": {
            "month": "2013-10",
            "price": "28.06",
            "revenue": 277740
        },
        "2013-11": {
            "month": "2013-11",
            "price": "27.04",
            "revenue": 303529
        },
        "2013-12": {
            "month": "2013-12",
            "price": "30.46",
            "revenue": 313198
        },
        "2014-01": {
            "month": "2014-01",
            "price": "36.05",
            "revenue": 239287
        },
        "2014-02": {
            "month": "2014-02",
            "price": "34.07",
            "revenue": 204875
        },
        "2014-03": {
            "month": "2014-03",
            "price": "36.22",
            "revenue": 259493
        },
        "2014-04": {
            "month": "2014-04",
            "price": "38.86",
            "revenue": 214022
        },
        "2014-05": {
            "month": "2014-05",
            "price": "39.54",
            "revenue": 205342
        },
        "2014-06": {
            "month": "2014-06",
            "price": "39.36",
            "revenue": 220423
        },
        "2014-07": {
            "month": "2014-07",
            "price": "36.13",
            "revenue": 221365
        },
        "2014-08": {
            "month": "2014-08",
            "price": "32.91",
            "revenue": 230940
        },
        "2014-09": {
            "month": "2014-09",
            "price": "31.33",
            "revenue": 209591
        },
        "2014-10": {
            "month": "2014-10",
            "price": "26.21",
            "revenue": 248886
        },
        "2014-11": {
            "month": "2014-11",
            "price": "25.53",
            "revenue": 240347
        },
        "2014-12": {
            "month": "2014-12",
            "price": "27.62",
            "revenue": 230724
        },
        "2015-01": {
            "month": "2015-01",
            "price": "27.41",
            "revenue": 238338
        },
        "2015-02": {
            "month": "2015-02",
            "price": "26.98",
            "revenue": 155484
        },
        "2015-03": {
            "month": "2015-03",
            "price": "28.11",
            "revenue": 210124
        },
        "2015-04": {
            "month": "2015-04",
            "price": "26.02",
            "revenue": 199124
        },
        "2015-05": {
            "month": "2015-05",
            "price": "24.18",
            "revenue": 183733
        },
        "2015-06": {
            "month": "2015-06",
            "price": "23.33",
            "revenue": 186290
        },
        "2015-07": {
            "month": "2015-07",
            "price": "24.44",
            "revenue": 163848
        },
        "2015-08": {
            "month": "2015-08",
            "price": "22.47",
            "revenue": 180048
        },
        "2015-09": {
            "month": "2015-09",
            "price": "20.38",
            "revenue": 186988
        },
        "2015-10": {
            "month": "2015-10",
            "price": "22.07",
            "revenue": 190170
        },
        "2015-11": {
            "month": "2015-11",
            "price": "20.96",
            "revenue": 194190
        },
        "2015-12": {
            "month": "2015-12",
            "price": "20.82",
            "revenue": 216577
        },
        "2016-01": {
            "month": "2016-01",
            "price": "19.65",
            "revenue": 189775
        },
        "2016-02": {
            "month": "2016-02",
            "price": "19.47",
            "revenue": 107202
        },
        "2016-03": {
            "month": "2016-03",
            "price": "20.07",
            "revenue": 220871
        },
        "2016-04": {
            "month": "2016-04",
            "price": "19.22",
            "revenue": 206660
        },
        "2016-05": {
            "month": "2016-05",
            "price": "18.05",
            "revenue": 188670
        },
        "2016-06": {
            "month": "2016-06",
            "price": "18.83",
            "revenue": 170141
        },
        "2016-07": {
            "month": "2016-07",
            "price": "19.04",
            "revenue": 180077
        },
        "2016-08": {
            "month": "2016-08",
            "price": "19.99",
            "revenue": 174076
        },
        "2016-09": {
            "month": "2016-09",
            "price": "20.24",
            "revenue": 172032
        },
        "2016-10": {
            "month": "2016-10",
            "price": "19.53",
            "revenue": 165208
        },
        "2016-11": {
            "month": "2016-11",
            "price": "18.27",
            "revenue": 177442
        },
        "2016-12": {
            "month": "2016-12",
            "price": "18.54",
            "revenue": 153881
        },
        "2017-01": {
            "month": "2017-01",
            "price": "18.65",
            "revenue": 123355
        },
        "2017-02": {
            "month": "2017-02",
            "price": "18.89",
            "revenue": 137656
        },
        "2017-03": {
            "month": "2017-03",
            "price": "19.60",
            "revenue": 190194
        },
        "2017-04": {
            "month": "2017-04",
            "price": "20.91",
            "revenue": 182566
        },
        "2017-05": {
            "month": "2017-05",
            "price": "19.11",
            "revenue": 178267
        },
        "2017-06": {
            "month": "2017-06",
            "price": "18.83",
            "revenue": 177670
        },
        "2017-07": {
            "month": "2017-07",
            "price": "18.70",
            "revenue": 189498
        },
        "2017-08": {
            "month": "2017-08",
            "price": "19.57",
            "revenue": 155458
        },
        "2017-09": {
            "month": "2017-09",
            "price": "19.88",
            "revenue": 177396
        },
        "2017-10": {
            "month": "2017-10",
            "price": "20.09",
            "revenue": 154622
        },
        "2017-11": {
            "month": "2017-11",
            "price": "20.45",
            "revenue": 149392
        },
        "2017-12": {
            "month": "2017-12",
            "price": "20.28",
            "revenue": 129969
        },
        "2018-01": {
            "month": "2018-01",
            "price": "20.90",
            "revenue": 138999
        },
        "2018-02": {
            "month": "2018-02",
            "price": "19.29",
            "revenue": 91951
        },
        "2018-03": {
            "month": "2018-03",
            "price": "19.26",
            "revenue": 163235
        },
        "2018-04": {
            "month": "2018-04",
            "price": "18.75",
            "revenue": 175985
        },
        "2018-05": {
            "month": "2018-05",
            "price": "19.04",
            "revenue": 179263
        },
        "2018-06": {
            "month": "2018-06",
            "price": "19.57",
            "revenue": 156770
        },
        "2018-07": {
            "month": "2018-07",
            "price": "18.10",
            "revenue": 153154
        },
        "2018-08": {
            "month": "2018-08",
            "price": "18.22",
            "revenue": 153145
        },
        "2018-09": {
            "month": "2018-09",
            "price": "18.63",
            "revenue": 140866
        },
        "2018-10": {
            "month": "2018-10",
            "price": "17.45",
            "revenue": 123690
        },
        "2018-11": {
            "month": "2018-11",
            "price": "16.64",
            "revenue": 139936
        },
        "2018-12": {
            "month": "2018-12",
            "price": "17.30",
            "revenue": 125374
        },
        "2019-01": {
            "month": "2019-01",
            "price": "17.32",
            "revenue": 113941
        },
        "2019-02": {
            "month": "2019-02",
            "price": "17.67",
            "revenue": 94923
        },
        "2019-03": {
            "month": "2019-03",
            "price": "17.90",
            "revenue": 122747
        },
        "2019-04": {
            "month": "2019-04",
            "price": "18.02",
            "revenue": 100267
        },
        "2019-05": {
            "month": "2019-05",
            "price": "16.34",
            "revenue": 87233
        },
        "2019-06": {
            "month": "2019-06",
            "price": "15.82",
            "revenue": 70128
        },
        "2019-07": {
            "month": "2019-07",
            "price": "15.25",
            "revenue": 103096
        },
        "2019-08": {
            "month": "2019-08",
            "price": "14.63",
            "revenue": 108850
        },
        "2019-09": {
            "month": "2019-09",
            "price": "14.79",
            "revenue": 100413
        },
        "2019-10": {
            "month": "2019-10",
            "price": "14.68",
            "revenue": 88479
        },
        "2019-11": {
            "month": "2019-11",
            "price": "14.08",
            "revenue": 108011
        },
        "2019-12": {
            "month": "2019-12",
            "price": "13.89",
            "revenue": 85704
        },
        "2020-01": {
            "month": "2020-01",
            "price": "13.73",
            "revenue": 86745
        },
        "2020-02": {
            "month": "2020-02",
            "price": "13.53",
            "revenue": 46639
        },
        "2020-03": {
            "month": "2020-03",
            "price": "11.90",
            "revenue": 102011
        },
        "2020-04": {
            "month": "2020-04",
            "price": "11.53",
            "revenue": 62107
        },
        "2020-05": {
            "month": "2020-05",
            "price": "12.24",
            "revenue": 65915
        },
        "2020-06": {
            "month": "2020-06",
            "price": "14.39",
            "revenue": 76454
        },
        "2020-07": {
            "month": "2020-07",
            "price": "19.32",
            "revenue": 113124
        },
        "2020-08": {
            "month": "2020-08",
            "price": "17.58",
            "revenue": 107954
        },
        "2020-09": {
            "month": "2020-09",
            "price": "18.30",
            "revenue": 132722
        },
        "2020-10": {
            "month": "2020-10",
            "price": "18.53",
            "revenue": 116073
        },
        "2020-11": {
            "month": "2020-11",
            "price": "18.34",
            "revenue": 128264
        },
        "2020-12": {
            "month": "2020-12",
            "price": "21.00",
            "revenue": 110495
        },
        "2021-01": {
            "month": "2021-01",
            "price": "22.84",
            "revenue": 151880
        },
        "2021-02": {
            "month": "2021-02",
            "price": "31.06",
            "revenue": 131297
        },
        "2021-03": {
            "month": "2021-03",
            "price": "44.15",
            "revenue": 156167
        },
        "2021-04": {
            "month": "2021-04",
            "price": "51.84",
            "revenue": 148632
        },
        "2021-05": {
            "month": "2021-05",
            "price": "40.70",
            "revenue": 121595
        },
        "2021-06": {
            "month": "2021-06",
            "price": "44.89",
            "revenue": 104647
        },
        "2021-07": {
            "month": "2021-07",
            "price": "55.53",
            "revenue": 94210
        },
        "2021-08": {
            "month": "2021-08",
            "price": "50.38",
            "revenue": 100230
        },
        "2021-09": {
            "month": "2021-09",
            "price": "51.17",
            "revenue": 106938
        },
        "2021-10": {
            "month": "2021-10",
            "price": "45.95",
            "revenue": 119966
        },
        "2021-11": {
            "month": "2021-11",
            "price": "59.65",
            "revenue": 130387
        },
        "2021-12": {
            "month": "2021-12",
            "price": "62.81",
            "revenue": 120654
        },
        "2022-01": {
            "month": "2022-01",
            "price": "53.59",
            "revenue": 118602
        },
        "2022-02": {
            "month": "2022-02",
            "price": "54.52",
            "revenue": 109521
        },
        "2022-03": {
            "month": "2022-03",
            "price": "57.90",
            "revenue": 131893
        },
        "2022-04": {
            "month": "2022-04",
            "price": "52.84",
            "revenue": 131243
        },
        "2022-05": {
            "month": "2022-05",
            "price": "45.44",
            "revenue": 130237
        },
        "2022-06": {
            "month": "2022-06",
            "price": "41.27",
            "revenue": 167457
        },
        "2022-07": {
            "month": "2022-07",
            "price": "36.13",
            "revenue": 163533
        },
        "2022-08": {
            "month": "2022-08",
            "price": "38.24",
            "revenue": 133579
        },
        "2022-09": {
            "month": "2022-09",
            "price": "35.17",
            "revenue": 130504
        },
        "2022-10": {
            "month": "2022-10",
            "price": "31.62",
            "revenue": 118660
        },
        "2022-11": {
            "month": "2022-11",
            "price": "33.22",
            "revenue": 146464
        },
        "2022-12": {
            "month": "2022-12",
            "price": "32.35",
            "revenue": 124095
        },
        "2023-01": {
            "month": "2023-01",
            "price": "31.43",
            "revenue": 111930
        },
        "2023-02": {
            "month": "2023-02",
            "price": "34.20",
            "revenue": 131047
        },
        "2023-03": {
            "month": "2023-03",
            "price": "34.52",
            "revenue": 144969
        },
        "2023-04": {
            "month": "2023-04",
            "price": "33.33",
            "revenue": 152318
        },
        "2023-05": {
            "month": "2023-05",
            "price": "32.14",
            "revenue": 155203
        }
    }
}
