{
    "summary": {
        "stock_name": "凱碩",
        "stock_id": "8059",
        "category": "通信網路",
        "main_business": "Cable modem、DSL modem寬頻網路用戶端產品之設計、製造與銷售．<br>ONT modem寬頻網路用戶端產品之設計、製造與銷售．<br>其他消費性電子產品之設計、製造與銷售．",
        "website_url": "http://www.castlenet.com.tw",
        "ceo": "章瑛(代理)",
        "pe_ratio": 29,
        "report_year_from": 2002,
        "report_year_to": 2023,
        "age": 21,
        "eps_negative_percentage": 50,
        "eps_growth_avg": {
            "last_all": -54.76,
            "last_2y": -100,
            "last_4y": -100,
            "last_8y": -76.5,
            "last_12y": -85.71,
            "last_16y": null,
            "last_20y": null,
            "at_2006_last_3y": null,
            "at_2007_last_3y": null,
            "at_2008_last_3y": null,
            "at_2009_last_3y": null,
            "at_2010_last_3y": null,
            "at_2011_last_3y": null,
            "at_2012_last_3y": -33.02,
            "at_2013_last_3y": -99.53,
            "at_2014_last_3y": -100,
            "at_2015_last_3y": -29.49,
            "at_2016_last_3y": -64.74,
            "at_2017_last_3y": -64.74,
            "at_2018_last_3y": -64.74,
            "at_2019_last_3y": -100,
            "at_2020_last_3y": -100,
            "at_2021_last_3y": -100,
            "at_2022_last_3y": -100,
            "at_2023_last_3y": -100,
            "at_2006_last_all": null,
            "at_2007_last_all": null,
            "at_2008_last_all": null,
            "at_2009_last_all": null,
            "at_2010_last_all": 0.47,
            "at_2011_last_all": -33.02,
            "at_2012_last_all": -33.02,
            "at_2013_last_all": -33.02,
            "at_2014_last_all": -33.02,
            "at_2015_last_all": -32.14,
            "at_2016_last_all": -45.71,
            "at_2017_last_all": -45.71,
            "at_2018_last_all": -45.71,
            "at_2019_last_all": -45.71,
            "at_2020_last_all": -54.76,
            "at_2021_last_all": -54.76,
            "at_2022_last_all": -54.76,
            "at_2023_last_all": -54.76
        },
        "latest_eps": 0.51,
        "latest_price": 14.6,
        "latest_roe": 5.2,
        "latest_gross_margin": 37.83,
        "latest_equity": 1935527,
        "latest_revenue": 118852,
        "latest_gross_profit": 44957,
        "latest_net_income": -115,
        "latest_debt_ratio": 28.61,
        "latest_current_ratio": 151.21,
        "latest_account_receivable_turnover_ratio": 0.37,
        "latest_inventory_turnover_ratio": 0.12,
        "latest_reinvestment_rate": null,
        "latest_research_to_sale_ratio": 27.33
    },
    "eps_dividends": {
        "2001": {
            "cash": 0,
            "stock": 0,
            "eps": 0
        },
        "2002": {
            "cash": 0,
            "stock": 0,
            "eps": 0
        },
        "2003": {
            "cash": 1,
            "stock": 0,
            "eps": 0
        },
        "2004": {
            "cash": 0.5,
            "stock": 0,
            "eps": 0
        },
        "2005": {
            "cash": 0,
            "stock": 0,
            "eps": 0
        },
        "2006": {
            "cash": 0.2,
            "stock": 0,
            "eps": 0
        },
        "2007": {
            "cash": 0,
            "stock": 0,
            "eps": 0
        },
        "2008": {
            "cash": 0.77,
            "stock": 0,
            "eps": 0.34
        },
        "2009": {
            "cash": 0.7,
            "stock": 0,
            "eps": 2.12
        },
        "2010": {
            "cash": 1.8,
            "stock": 0,
            "eps": 0.02
        },
        "2011": {
            "cash": 0,
            "stock": 0,
            "eps": -1.19
        },
        "2012": {
            "cash": 0,
            "stock": 0,
            "eps": -0.71
        },
        "2013": {
            "cash": 0,
            "stock": 0,
            "eps": -0.1
        },
        "2014": {
            "cash": 0,
            "stock": 0,
            "eps": 1.56
        },
        "2015": {
            "cash": 0.6,
            "stock": 0,
            "eps": 1.1
        },
        "2016": {
            "cash": 0.5,
            "stock": 0,
            "eps": -0.19
        },
        "2017": {
            "cash": 0.2,
            "stock": 0,
            "eps": -1.56
        },
        "2018": {
            "cash": 0,
            "stock": 0,
            "eps": -1.79
        },
        "2019": {
            "cash": 0,
            "stock": 0,
            "eps": 0.29
        },
        "2020": {
            "cash": 0,
            "stock": 0,
            "eps": -0.04
        },
        "2021": {
            "cash": 0,
            "stock": 0,
            "eps": -0.8
        },
        "2022": {
            "cash": 0,
            "stock": 0,
            "eps": 0.09
        },
        "2023": {
            "cash": 0,
            "stock": 0,
            "eps": 0.28
        }
    },
    "dividends": {
        "2003-06-25": {
            "cash": 1,
            "stock": 0
        },
        "2004-03-19": {
            "cash": 0.5,
            "stock": 0
        },
        "2006-04-10": {
            "cash": 0.2,
            "stock": 0
        },
        "2008-03-21": {
            "cash": 0.77,
            "stock": 0
        },
        "2009-03-24": {
            "cash": 0.7,
            "stock": 0
        },
        "2010-03-17": {
            "cash": 1.8,
            "stock": 0
        },
        "2015-08-12": {
            "cash": 0.6,
            "stock": 0
        },
        "2016-09-23": {
            "cash": 0.5,
            "stock": 0
        },
        "2017-08-21": {
            "cash": 0.2,
            "stock": 0
        }
    },
    "prices": {
        "200101": "無",
        "200102": "無",
        "200103": "無",
        "200104": "無",
        "200105": "無",
        "200106": "無",
        "200107": "無",
        "200108": "無",
        "200109": "無",
        "200110": "無",
        "200111": "無",
        "200112": "無",
        "200201": "無",
        "200202": "無",
        "200203": "無",
        "200204": "無",
        "200205": "無",
        "200206": "無",
        "200207": "無",
        "200208": "無",
        "200209": "無",
        "200210": "無",
        "200211": "無",
        "200212": "無",
        "200301": "無",
        "200302": "無",
        "200303": "無",
        "200304": "無",
        "200305": "無",
        "200306": "無",
        "200307": "無",
        "200308": "無",
        "200309": "無",
        "200310": "無",
        "200311": "無",
        "200312": "無",
        "200401": "無",
        "200402": "無",
        "200403": "無",
        "200404": "無",
        "200405": "無",
        "200406": "無",
        "200407": "無",
        "200408": "無",
        "200409": "無",
        "200410": "無",
        "200411": "無",
        "200412": "無",
        "200501": "無",
        "200502": "無",
        "200503": "無",
        "200504": "無",
        "200505": "無",
        "200506": "無",
        "200507": "無",
        "200508": "無",
        "200509": "無",
        "200510": "無",
        "200511": "無",
        "200512": "無",
        "200601": "無",
        "200602": "無",
        "200603": "無",
        "200604": "無",
        "200605": "無",
        "200606": "無",
        "200607": "無",
        "200608": "無",
        "200609": "無",
        "200610": "無",
        "200611": "無",
        "200612": "無",
        "200701": "無",
        "200702": "無",
        "200703": "無",
        "200704": "無",
        "200705": "無",
        "200706": "無",
        "200707": "無",
        "200708": "無",
        "200709": "無",
        "200710": "無",
        "200711": "無",
        "200712": "無",
        "200801": "無",
        "200802": "8.25",
        "200803": "8.06",
        "200804": "8.44",
        "200805": "8.61",
        "200806": "8.74",
        "200807": "8.15",
        "200808": "7.48",
        "200809": "7.51",
        "200810": "6.67",
        "200811": "5.72",
        "200812": "5.00",
        "200901": "4.97",
        "200902": "5.39",
        "200903": "5.89",
        "200904": "7.59",
        "200905": "11.30",
        "200906": "11.41",
        "200907": "11.90",
        "200908": "13.76",
        "200909": "16.48",
        "200910": "19.62",
        "200911": "22.16",
        "200912": "26.56",
        "201001": "32.49",
        "201002": "30.25",
        "201003": "28.45",
        "201004": "29.21",
        "201005": "24.31",
        "201006": "21.39",
        "201007": "19.31",
        "201008": "18.75",
        "201009": "16.70",
        "201010": "16.00",
        "201011": "14.82",
        "201012": "16.39",
        "201101": "15.63",
        "201102": "14.19",
        "201103": "13.55",
        "201104": "13.13",
        "201105": "11.74",
        "201106": "11.85",
        "201107": "12.07",
        "201108": "9.94",
        "201109": "9.21",
        "201110": "8.81",
        "201111": "7.95",
        "201112": "6.68",
        "201201": "5.73",
        "201202": "6.86",
        "201203": "7.11",
        "201204": "6.36",
        "201205": "5.47",
        "201206": "6.79",
        "201207": "7.49",
        "201208": "7.48",
        "201209": "6.69",
        "201210": "6.32",
        "201211": "6.03",
        "201212": "6.74",
        "201301": "7.12",
        "201302": "7.12",
        "201303": "7.21",
        "201304": "8.65",
        "201305": "8.74",
        "201306": "9.07",
        "201307": "8.48",
        "201308": "8.14",
        "201309": "8.46",
        "201310": "8.44",
        "201311": "8.23",
        "201312": "9.35",
        "201401": "11.16",
        "201402": "11.45",
        "201403": "15.35",
        "201404": "15.99",
        "201405": "17.54",
        "201406": "17.75",
        "201407": "18.29",
        "201408": "18.11",
        "201409": "16.52",
        "201410": "14.28",
        "201411": "14.16",
        "201412": "15.81",
        "201501": "17.94",
        "201502": "17.77",
        "201503": "18.58",
        "201504": "18.06",
        "201505": "16.73",
        "201506": "15.22",
        "201507": "13.69",
        "201508": "12.67",
        "201509": "12.11",
        "201510": "11.45",
        "201511": "10.96",
        "201512": "11.84",
        "201601": "11.97",
        "201602": "13.50",
        "201603": "13.10",
        "201604": "12.51",
        "201605": "10.86",
        "201606": "11.03",
        "201607": "10.42",
        "201608": "11.65",
        "201609": "11.22",
        "201610": "10.72",
        "201611": "10.06",
        "201612": "13.13",
        "201701": "14.34",
        "201702": "13.91",
        "201703": "13.60",
        "201704": "13.08",
        "201705": "12.18",
        "201706": "12.33",
        "201707": "12.09",
        "201708": "10.73",
        "201709": "10.45",
        "201710": "10.43",
        "201711": "10.60",
        "201712": "9.62",
        "201801": "9.56",
        "201802": "8.88",
        "201803": "10.07",
        "201804": "9.31",
        "201805": "8.52",
        "201806": "9.26",
        "201807": "8.24",
        "201808": "7.98",
        "201809": "6.90",
        "201810": "5.50",
        "201811": "4.89",
        "201812": "5.32",
        "201901": "5.04",
        "201902": "5.25",
        "201903": "6.44",
        "201904": "7.23",
        "201905": "8.59",
        "201906": "8.80",
        "201907": "11.80",
        "201908": "13.44",
        "201909": "15.88",
        "201910": "16.92",
        "201911": "15.62",
        "201912": "14.86",
        "202001": "16.84",
        "202002": "18.51",
        "202003": "13.58",
        "202004": "13.52",
        "202005": "13.51",
        "202006": "13.25",
        "202007": "14.15",
        "202008": "13.53",
        "202009": "13.30",
        "202010": "13.26",
        "202011": "12.27",
        "202012": "11.74",
        "202101": "11.38",
        "202102": "10.86",
        "202103": "11.42",
        "202104": "12.66",
        "202105": "10.64",
        "202106": "10.48",
        "202107": "10.48",
        "202108": "9.93",
        "202109": "10.33",
        "202110": "10.68",
        "202111": "11.26",
        "202112": "10.99",
        "202201": "10.74",
        "202202": "10.49",
        "202203": "10.14",
        "202204": "9.89",
        "202205": "9.32",
        "202206": "10.01",
        "202207": "9.98",
        "202208": "10.63",
        "202209": "10.31",
        "202210": "9.76",
        "202211": "9.46",
        "202212": "9.73",
        "202301": "9.87",
        "202302": "10.20",
        "202303": "11.46",
        "202304": "13.16",
        "202305": "14.22",
        "202306": "16.39",
        "202307": "15.97",
        "202308": "14.24",
        "202309": "14.66"
    },
    "quarters": {
        "20011": {
            "year_quarter": 20011,
            "year": 2001,
            "quarter": 1,
            "eps": null,
            "eps_growth_year": null,
            "eps_4q": null,
            "eps_4q_growth_year": null,
            "roe": null,
            "roe_4q": 0,
            "gross_profit": null,
            "gross_margin": null,
            "gross_margin_4q_avg": 0,
            "net_income": null,
            "revenue": null,
            "common_shares": null,
            "book_valuer_per_share": null,
            "book_valuer_per_share_4q_avg": 0,
            "equity": null,
            "current_ratio": null,
            "debt_ratio": null,
            "inventory_turnover_ratio": null,
            "account_receivable_turnover_ratio": null,
            "reinvestment_rate": null,
            "research_to_sale_ratio": null,
            "price_fair": 0,
            "eps_avg_yearly": 0,
            "eps_latest_yearly": 0,
            "eps_growth_yearly": 0
        },
        "20012": {
            "year_quarter": 20012,
            "year": 2001,
            "quarter": 2,
            "eps": null,
            "eps_growth_year": null,
            "eps_4q": null,
            "eps_4q_growth_year": null,
            "roe": null,
            "roe_4q": 0,
            "gross_profit": null,
            "gross_margin": null,
            "gross_margin_4q_avg": 0,
            "net_income": null,
            "revenue": null,
            "common_shares": null,
            "book_valuer_per_share": null,
            "book_valuer_per_share_4q_avg": 0,
            "equity": null,
            "current_ratio": null,
            "debt_ratio": null,
            "inventory_turnover_ratio": null,
            "account_receivable_turnover_ratio": null,
            "reinvestment_rate": null,
            "research_to_sale_ratio": null,
            "price_fair": 0,
            "eps_avg_yearly": 0,
            "eps_latest_yearly": 0,
            "eps_growth_yearly": 0
        },
        "20013": {
            "year_quarter": 20013,
            "year": 2001,
            "quarter": 3,
            "eps": null,
            "eps_growth_year": null,
            "eps_4q": null,
            "eps_4q_growth_year": null,
            "roe": null,
            "roe_4q": 0,
            "gross_profit": null,
            "gross_margin": null,
            "gross_margin_4q_avg": 0,
            "net_income": null,
            "revenue": null,
            "common_shares": null,
            "book_valuer_per_share": null,
            "book_valuer_per_share_4q_avg": 0,
            "equity": null,
            "current_ratio": null,
            "debt_ratio": null,
            "inventory_turnover_ratio": null,
            "account_receivable_turnover_ratio": null,
            "reinvestment_rate": null,
            "research_to_sale_ratio": null,
            "price_fair": 0,
            "eps_avg_yearly": 0,
            "eps_latest_yearly": 0,
            "eps_growth_yearly": 0
        },
        "20014": {
            "year_quarter": 20014,
            "year": 2001,
            "quarter": 4,
            "eps": null,
            "eps_growth_year": null,
            "eps_4q": null,
            "eps_4q_growth_year": null,
            "roe": null,
            "roe_4q": 0,
            "gross_profit": null,
            "gross_margin": null,
            "gross_margin_4q_avg": 0,
            "net_income": null,
            "revenue": null,
            "common_shares": 822900,
            "book_valuer_per_share": 15.73,
            "book_valuer_per_share_4q_avg": 3.93,
            "equity": 1294514,
            "current_ratio": 305.47,
            "debt_ratio": 29.56,
            "inventory_turnover_ratio": null,
            "account_receivable_turnover_ratio": null,
            "reinvestment_rate": null,
            "research_to_sale_ratio": null,
            "price_fair": 0,
            "eps_avg_yearly": 0,
            "eps_latest_yearly": 0,
            "eps_growth_yearly": 0
        },
        "20021": {
            "year_quarter": 20021,
            "year": 2002,
            "quarter": 1,
            "eps": null,
            "eps_growth_year": null,
            "eps_4q": null,
            "eps_4q_growth_year": null,
            "roe": null,
            "roe_4q": 0,
            "gross_profit": null,
            "gross_margin": null,
            "gross_margin_4q_avg": 0,
            "net_income": null,
            "revenue": null,
            "common_shares": null,
            "book_valuer_per_share": null,
            "book_valuer_per_share_4q_avg": 3.93,
            "equity": null,
            "current_ratio": null,
            "debt_ratio": null,
            "inventory_turnover_ratio": null,
            "account_receivable_turnover_ratio": null,
            "reinvestment_rate": null,
            "research_to_sale_ratio": null,
            "price_fair": 0,
            "eps_avg_yearly": 0,
            "eps_latest_yearly": 0,
            "eps_growth_yearly": 0
        },
        "20022": {
            "year_quarter": 20022,
            "year": 2002,
            "quarter": 2,
            "eps": null,
            "eps_growth_year": null,
            "eps_4q": null,
            "eps_4q_growth_year": null,
            "roe": null,
            "roe_4q": 0,
            "gross_profit": null,
            "gross_margin": null,
            "gross_margin_4q_avg": 0,
            "net_income": null,
            "revenue": null,
            "common_shares": null,
            "book_valuer_per_share": null,
            "book_valuer_per_share_4q_avg": 3.93,
            "equity": null,
            "current_ratio": null,
            "debt_ratio": null,
            "inventory_turnover_ratio": null,
            "account_receivable_turnover_ratio": null,
            "reinvestment_rate": null,
            "research_to_sale_ratio": null,
            "price_fair": 0,
            "eps_avg_yearly": 0,
            "eps_latest_yearly": 0,
            "eps_growth_yearly": 0
        },
        "20023": {
            "year_quarter": 20023,
            "year": 2002,
            "quarter": 3,
            "eps": null,
            "eps_growth_year": null,
            "eps_4q": null,
            "eps_4q_growth_year": null,
            "roe": null,
            "roe_4q": 0,
            "gross_profit": null,
            "gross_margin": null,
            "gross_margin_4q_avg": 0,
            "net_income": null,
            "revenue": null,
            "common_shares": null,
            "book_valuer_per_share": null,
            "book_valuer_per_share_4q_avg": 3.93,
            "equity": null,
            "current_ratio": null,
            "debt_ratio": null,
            "inventory_turnover_ratio": null,
            "account_receivable_turnover_ratio": null,
            "reinvestment_rate": null,
            "research_to_sale_ratio": null,
            "price_fair": 0,
            "eps_avg_yearly": 0,
            "eps_latest_yearly": 0,
            "eps_growth_yearly": 0
        },
        "20024": {
            "year_quarter": 20024,
            "year": 2002,
            "quarter": 4,
            "eps": null,
            "eps_growth_year": null,
            "eps_4q": null,
            "eps_4q_growth_year": null,
            "roe": null,
            "roe_4q": 0,
            "gross_profit": null,
            "gross_margin": null,
            "gross_margin_4q_avg": 0,
            "net_income": null,
            "revenue": null,
            "common_shares": 838900,
            "book_valuer_per_share": 15.18,
            "book_valuer_per_share_4q_avg": 3.8,
            "equity": 1273189,
            "current_ratio": 268.34,
            "debt_ratio": 30.94,
            "inventory_turnover_ratio": null,
            "account_receivable_turnover_ratio": null,
            "reinvestment_rate": null,
            "research_to_sale_ratio": null,
            "price_fair": 0,
            "eps_avg_yearly": 0,
            "eps_latest_yearly": 0,
            "eps_growth_yearly": 0
        },
        "20031": {
            "year_quarter": 20031,
            "year": 2003,
            "quarter": 1,
            "eps": null,
            "eps_growth_year": null,
            "eps_4q": null,
            "eps_4q_growth_year": null,
            "roe": null,
            "roe_4q": 0,
            "gross_profit": null,
            "gross_margin": null,
            "gross_margin_4q_avg": 0,
            "net_income": null,
            "revenue": null,
            "common_shares": null,
            "book_valuer_per_share": null,
            "book_valuer_per_share_4q_avg": 3.8,
            "equity": null,
            "current_ratio": null,
            "debt_ratio": null,
            "inventory_turnover_ratio": null,
            "account_receivable_turnover_ratio": null,
            "reinvestment_rate": null,
            "research_to_sale_ratio": null,
            "price_fair": 0,
            "eps_avg_yearly": 0,
            "eps_latest_yearly": 0,
            "eps_growth_yearly": 0
        },
        "20032": {
            "year_quarter": 20032,
            "year": 2003,
            "quarter": 2,
            "eps": null,
            "eps_growth_year": null,
            "eps_4q": null,
            "eps_4q_growth_year": null,
            "roe": null,
            "roe_4q": 0,
            "gross_profit": null,
            "gross_margin": null,
            "gross_margin_4q_avg": 0,
            "net_income": null,
            "revenue": null,
            "common_shares": null,
            "book_valuer_per_share": null,
            "book_valuer_per_share_4q_avg": 3.8,
            "equity": null,
            "current_ratio": null,
            "debt_ratio": null,
            "inventory_turnover_ratio": null,
            "account_receivable_turnover_ratio": null,
            "reinvestment_rate": null,
            "research_to_sale_ratio": null,
            "price_fair": 0,
            "eps_avg_yearly": 0,
            "eps_latest_yearly": 0,
            "eps_growth_yearly": 0
        },
        "20033": {
            "year_quarter": 20033,
            "year": 2003,
            "quarter": 3,
            "eps": null,
            "eps_growth_year": null,
            "eps_4q": null,
            "eps_4q_growth_year": null,
            "roe": null,
            "roe_4q": 0,
            "gross_profit": null,
            "gross_margin": null,
            "gross_margin_4q_avg": 0,
            "net_income": null,
            "revenue": null,
            "common_shares": null,
            "book_valuer_per_share": null,
            "book_valuer_per_share_4q_avg": 3.8,
            "equity": null,
            "current_ratio": null,
            "debt_ratio": null,
            "inventory_turnover_ratio": null,
            "account_receivable_turnover_ratio": null,
            "reinvestment_rate": null,
            "research_to_sale_ratio": null,
            "price_fair": 0,
            "eps_avg_yearly": 0,
            "eps_latest_yearly": 0,
            "eps_growth_yearly": 0
        },
        "20034": {
            "year_quarter": 20034,
            "year": 2003,
            "quarter": 4,
            "eps": null,
            "eps_growth_year": null,
            "eps_4q": null,
            "eps_4q_growth_year": null,
            "roe": null,
            "roe_4q": 0,
            "gross_profit": null,
            "gross_margin": null,
            "gross_margin_4q_avg": 0,
            "net_income": null,
            "revenue": null,
            "common_shares": 838900,
            "book_valuer_per_share": 14.58,
            "book_valuer_per_share_4q_avg": 3.65,
            "equity": 1223090,
            "current_ratio": 252.02,
            "debt_ratio": 35.42,
            "inventory_turnover_ratio": null,
            "account_receivable_turnover_ratio": null,
            "reinvestment_rate": null,
            "research_to_sale_ratio": null,
            "price_fair": 0,
            "eps_avg_yearly": 0,
            "eps_latest_yearly": 0,
            "eps_growth_yearly": 0
        },
        "20041": {
            "year_quarter": 20041,
            "year": 2004,
            "quarter": 1,
            "eps": null,
            "eps_growth_year": null,
            "eps_4q": null,
            "eps_4q_growth_year": null,
            "roe": null,
            "roe_4q": 0,
            "gross_profit": null,
            "gross_margin": null,
            "gross_margin_4q_avg": 0,
            "net_income": null,
            "revenue": null,
            "common_shares": null,
            "book_valuer_per_share": null,
            "book_valuer_per_share_4q_avg": 3.65,
            "equity": null,
            "current_ratio": null,
            "debt_ratio": null,
            "inventory_turnover_ratio": null,
            "account_receivable_turnover_ratio": null,
            "reinvestment_rate": null,
            "research_to_sale_ratio": null,
            "price_fair": 0,
            "eps_avg_yearly": 0,
            "eps_latest_yearly": 0,
            "eps_growth_yearly": 0
        },
        "20042": {
            "year_quarter": 20042,
            "year": 2004,
            "quarter": 2,
            "eps": null,
            "eps_growth_year": null,
            "eps_4q": null,
            "eps_4q_growth_year": null,
            "roe": null,
            "roe_4q": 0,
            "gross_profit": null,
            "gross_margin": null,
            "gross_margin_4q_avg": 0,
            "net_income": null,
            "revenue": null,
            "common_shares": null,
            "book_valuer_per_share": null,
            "book_valuer_per_share_4q_avg": 3.65,
            "equity": null,
            "current_ratio": null,
            "debt_ratio": null,
            "inventory_turnover_ratio": null,
            "account_receivable_turnover_ratio": null,
            "reinvestment_rate": null,
            "research_to_sale_ratio": null,
            "price_fair": 0,
            "eps_avg_yearly": 0,
            "eps_latest_yearly": 0,
            "eps_growth_yearly": 0
        },
        "20043": {
            "year_quarter": 20043,
            "year": 2004,
            "quarter": 3,
            "eps": null,
            "eps_growth_year": null,
            "eps_4q": null,
            "eps_4q_growth_year": null,
            "roe": null,
            "roe_4q": 0,
            "gross_profit": null,
            "gross_margin": null,
            "gross_margin_4q_avg": 0,
            "net_income": null,
            "revenue": null,
            "common_shares": null,
            "book_valuer_per_share": null,
            "book_valuer_per_share_4q_avg": 3.65,
            "equity": null,
            "current_ratio": null,
            "debt_ratio": null,
            "inventory_turnover_ratio": null,
            "account_receivable_turnover_ratio": null,
            "reinvestment_rate": null,
            "research_to_sale_ratio": null,
            "price_fair": 0,
            "eps_avg_yearly": 0,
            "eps_latest_yearly": 0,
            "eps_growth_yearly": 0
        },
        "20044": {
            "year_quarter": 20044,
            "year": 2004,
            "quarter": 4,
            "eps": null,
            "eps_growth_year": null,
            "eps_4q": null,
            "eps_4q_growth_year": null,
            "roe": null,
            "roe_4q": 0,
            "gross_profit": null,
            "gross_margin": null,
            "gross_margin_4q_avg": 0,
            "net_income": null,
            "revenue": null,
            "common_shares": 838900,
            "book_valuer_per_share": 10.38,
            "book_valuer_per_share_4q_avg": 2.6,
            "equity": 871103,
            "current_ratio": 194.68,
            "debt_ratio": 39.67,
            "inventory_turnover_ratio": null,
            "account_receivable_turnover_ratio": null,
            "reinvestment_rate": null,
            "research_to_sale_ratio": null,
            "price_fair": 0,
            "eps_avg_yearly": 0,
            "eps_latest_yearly": 0,
            "eps_growth_yearly": 0
        },
        "20051": {
            "year_quarter": 20051,
            "year": 2005,
            "quarter": 1,
            "eps": null,
            "eps_growth_year": null,
            "eps_4q": null,
            "eps_4q_growth_year": null,
            "roe": null,
            "roe_4q": 0,
            "gross_profit": null,
            "gross_margin": null,
            "gross_margin_4q_avg": 0,
            "net_income": null,
            "revenue": null,
            "common_shares": null,
            "book_valuer_per_share": null,
            "book_valuer_per_share_4q_avg": 2.6,
            "equity": null,
            "current_ratio": null,
            "debt_ratio": null,
            "inventory_turnover_ratio": null,
            "account_receivable_turnover_ratio": null,
            "reinvestment_rate": null,
            "research_to_sale_ratio": null,
            "price_fair": 0,
            "eps_avg_yearly": 0,
            "eps_latest_yearly": 0,
            "eps_growth_yearly": 0
        },
        "20052": {
            "year_quarter": 20052,
            "year": 2005,
            "quarter": 2,
            "eps": null,
            "eps_growth_year": null,
            "eps_4q": null,
            "eps_4q_growth_year": null,
            "roe": null,
            "roe_4q": 0,
            "gross_profit": null,
            "gross_margin": null,
            "gross_margin_4q_avg": 0,
            "net_income": null,
            "revenue": null,
            "common_shares": null,
            "book_valuer_per_share": null,
            "book_valuer_per_share_4q_avg": 2.6,
            "equity": null,
            "current_ratio": null,
            "debt_ratio": null,
            "inventory_turnover_ratio": null,
            "account_receivable_turnover_ratio": null,
            "reinvestment_rate": null,
            "research_to_sale_ratio": null,
            "price_fair": 0,
            "eps_avg_yearly": 0,
            "eps_latest_yearly": 0,
            "eps_growth_yearly": 0
        },
        "20053": {
            "year_quarter": 20053,
            "year": 2005,
            "quarter": 3,
            "eps": null,
            "eps_growth_year": null,
            "eps_4q": null,
            "eps_4q_growth_year": null,
            "roe": null,
            "roe_4q": 0,
            "gross_profit": null,
            "gross_margin": null,
            "gross_margin_4q_avg": 0,
            "net_income": null,
            "revenue": null,
            "common_shares": null,
            "book_valuer_per_share": null,
            "book_valuer_per_share_4q_avg": 2.6,
            "equity": null,
            "current_ratio": null,
            "debt_ratio": null,
            "inventory_turnover_ratio": null,
            "account_receivable_turnover_ratio": null,
            "reinvestment_rate": null,
            "research_to_sale_ratio": null,
            "price_fair": 0,
            "eps_avg_yearly": 0,
            "eps_latest_yearly": 0,
            "eps_growth_yearly": 0
        },
        "20054": {
            "year_quarter": 20054,
            "year": 2005,
            "quarter": 4,
            "eps": null,
            "eps_growth_year": null,
            "eps_4q": null,
            "eps_4q_growth_year": null,
            "roe": null,
            "roe_4q": 0,
            "gross_profit": null,
            "gross_margin": null,
            "gross_margin_4q_avg": 0,
            "net_income": null,
            "revenue": null,
            "common_shares": 838900,
            "book_valuer_per_share": 10.16,
            "book_valuer_per_share_4q_avg": 2.54,
            "equity": 852248,
            "current_ratio": 210.11,
            "debt_ratio": 36.19,
            "inventory_turnover_ratio": null,
            "account_receivable_turnover_ratio": null,
            "reinvestment_rate": null,
            "research_to_sale_ratio": null,
            "price_fair": 0,
            "eps_avg_yearly": 0,
            "eps_latest_yearly": 0,
            "eps_growth_yearly": 0
        },
        "20061": {
            "year_quarter": 20061,
            "year": 2006,
            "quarter": 1,
            "eps": null,
            "eps_growth_year": null,
            "eps_4q": null,
            "eps_4q_growth_year": null,
            "roe": null,
            "roe_4q": 0,
            "gross_profit": null,
            "gross_margin": null,
            "gross_margin_4q_avg": 0,
            "net_income": null,
            "revenue": null,
            "common_shares": null,
            "book_valuer_per_share": null,
            "book_valuer_per_share_4q_avg": 2.54,
            "equity": null,
            "current_ratio": null,
            "debt_ratio": null,
            "inventory_turnover_ratio": null,
            "account_receivable_turnover_ratio": null,
            "reinvestment_rate": null,
            "research_to_sale_ratio": null,
            "price_fair": 0,
            "eps_avg_yearly": 0,
            "eps_latest_yearly": 0,
            "eps_growth_yearly": 0
        },
        "20062": {
            "year_quarter": 20062,
            "year": 2006,
            "quarter": 2,
            "eps": null,
            "eps_growth_year": null,
            "eps_4q": null,
            "eps_4q_growth_year": null,
            "roe": null,
            "roe_4q": 0,
            "gross_profit": null,
            "gross_margin": null,
            "gross_margin_4q_avg": 0,
            "net_income": null,
            "revenue": null,
            "common_shares": null,
            "book_valuer_per_share": null,
            "book_valuer_per_share_4q_avg": 2.54,
            "equity": null,
            "current_ratio": null,
            "debt_ratio": null,
            "inventory_turnover_ratio": null,
            "account_receivable_turnover_ratio": null,
            "reinvestment_rate": null,
            "research_to_sale_ratio": null,
            "price_fair": 0,
            "eps_avg_yearly": 0,
            "eps_latest_yearly": 0,
            "eps_growth_yearly": 0
        },
        "20063": {
            "year_quarter": 20063,
            "year": 2006,
            "quarter": 3,
            "eps": null,
            "eps_growth_year": null,
            "eps_4q": null,
            "eps_4q_growth_year": null,
            "roe": null,
            "roe_4q": 0,
            "gross_profit": null,
            "gross_margin": null,
            "gross_margin_4q_avg": 0,
            "net_income": null,
            "revenue": null,
            "common_shares": null,
            "book_valuer_per_share": null,
            "book_valuer_per_share_4q_avg": 2.54,
            "equity": null,
            "current_ratio": null,
            "debt_ratio": null,
            "inventory_turnover_ratio": null,
            "account_receivable_turnover_ratio": null,
            "reinvestment_rate": null,
            "research_to_sale_ratio": null,
            "price_fair": 0,
            "eps_avg_yearly": 0,
            "eps_latest_yearly": 0,
            "eps_growth_yearly": 0
        },
        "20064": {
            "year_quarter": 20064,
            "year": 2006,
            "quarter": 4,
            "eps": null,
            "eps_growth_year": null,
            "eps_4q": null,
            "eps_4q_growth_year": null,
            "roe": null,
            "roe_4q": 0,
            "gross_profit": null,
            "gross_margin": null,
            "gross_margin_4q_avg": 0,
            "net_income": null,
            "revenue": null,
            "common_shares": 838900,
            "book_valuer_per_share": 10.36,
            "book_valuer_per_share_4q_avg": 2.59,
            "equity": 869163,
            "current_ratio": 282.29,
            "debt_ratio": 26.35,
            "inventory_turnover_ratio": null,
            "account_receivable_turnover_ratio": null,
            "reinvestment_rate": null,
            "research_to_sale_ratio": null,
            "price_fair": 0,
            "eps_avg_yearly": 0,
            "eps_latest_yearly": 0,
            "eps_growth_yearly": 0
        },
        "20071": {
            "year_quarter": 20071,
            "year": 2007,
            "quarter": 1,
            "eps": null,
            "eps_growth_year": null,
            "eps_4q": null,
            "eps_4q_growth_year": null,
            "roe": null,
            "roe_4q": 0,
            "gross_profit": null,
            "gross_margin": null,
            "gross_margin_4q_avg": 0,
            "net_income": null,
            "revenue": null,
            "common_shares": null,
            "book_valuer_per_share": null,
            "book_valuer_per_share_4q_avg": 2.59,
            "equity": null,
            "current_ratio": null,
            "debt_ratio": null,
            "inventory_turnover_ratio": null,
            "account_receivable_turnover_ratio": null,
            "reinvestment_rate": null,
            "research_to_sale_ratio": null,
            "price_fair": 0,
            "eps_avg_yearly": 0,
            "eps_latest_yearly": 0,
            "eps_growth_yearly": 0
        },
        "20072": {
            "year_quarter": 20072,
            "year": 2007,
            "quarter": 2,
            "eps": null,
            "eps_growth_year": null,
            "eps_4q": null,
            "eps_4q_growth_year": null,
            "roe": null,
            "roe_4q": 0,
            "gross_profit": null,
            "gross_margin": null,
            "gross_margin_4q_avg": 0,
            "net_income": null,
            "revenue": null,
            "common_shares": null,
            "book_valuer_per_share": null,
            "book_valuer_per_share_4q_avg": 2.59,
            "equity": null,
            "current_ratio": null,
            "debt_ratio": null,
            "inventory_turnover_ratio": null,
            "account_receivable_turnover_ratio": null,
            "reinvestment_rate": null,
            "research_to_sale_ratio": null,
            "price_fair": 0,
            "eps_avg_yearly": 0,
            "eps_latest_yearly": 0,
            "eps_growth_yearly": 0
        },
        "20073": {
            "year_quarter": 20073,
            "year": 2007,
            "quarter": 3,
            "eps": null,
            "eps_growth_year": null,
            "eps_4q": null,
            "eps_4q_growth_year": null,
            "roe": null,
            "roe_4q": 0,
            "gross_profit": null,
            "gross_margin": null,
            "gross_margin_4q_avg": 0,
            "net_income": null,
            "revenue": null,
            "common_shares": null,
            "book_valuer_per_share": null,
            "book_valuer_per_share_4q_avg": 2.59,
            "equity": null,
            "current_ratio": null,
            "debt_ratio": null,
            "inventory_turnover_ratio": null,
            "account_receivable_turnover_ratio": null,
            "reinvestment_rate": null,
            "research_to_sale_ratio": null,
            "price_fair": 0,
            "eps_avg_yearly": 0,
            "eps_latest_yearly": 0,
            "eps_growth_yearly": 0
        },
        "20074": {
            "year_quarter": 20074,
            "year": 2007,
            "quarter": 4,
            "eps": null,
            "eps_growth_year": null,
            "eps_4q": null,
            "eps_4q_growth_year": null,
            "roe": null,
            "roe_4q": 0,
            "gross_profit": null,
            "gross_margin": null,
            "gross_margin_4q_avg": 0,
            "net_income": null,
            "revenue": null,
            "common_shares": 838900,
            "book_valuer_per_share": 11.3,
            "book_valuer_per_share_4q_avg": 2.83,
            "equity": 947630,
            "current_ratio": 264.23,
            "debt_ratio": 30.82,
            "inventory_turnover_ratio": null,
            "account_receivable_turnover_ratio": null,
            "reinvestment_rate": null,
            "research_to_sale_ratio": null,
            "price_fair": 0,
            "eps_avg_yearly": 0,
            "eps_latest_yearly": 0,
            "eps_growth_yearly": 0
        },
        "20081": {
            "year_quarter": 20081,
            "year": 2008,
            "quarter": 1,
            "eps": null,
            "eps_growth_year": null,
            "eps_4q": null,
            "eps_4q_growth_year": null,
            "roe": null,
            "roe_4q": 0,
            "gross_profit": null,
            "gross_margin": null,
            "gross_margin_4q_avg": 0,
            "net_income": null,
            "revenue": null,
            "common_shares": null,
            "book_valuer_per_share": null,
            "book_valuer_per_share_4q_avg": 2.83,
            "equity": null,
            "current_ratio": null,
            "debt_ratio": null,
            "inventory_turnover_ratio": null,
            "account_receivable_turnover_ratio": null,
            "reinvestment_rate": null,
            "research_to_sale_ratio": null,
            "price_fair": 0,
            "eps_avg_yearly": 0,
            "eps_latest_yearly": 0,
            "eps_growth_yearly": 0
        },
        "20082": {
            "year_quarter": 20082,
            "year": 2008,
            "quarter": 2,
            "eps": null,
            "eps_growth_year": null,
            "eps_4q": null,
            "eps_4q_growth_year": null,
            "roe": null,
            "roe_4q": 0,
            "gross_profit": null,
            "gross_margin": null,
            "gross_margin_4q_avg": 0,
            "net_income": null,
            "revenue": null,
            "common_shares": null,
            "book_valuer_per_share": null,
            "book_valuer_per_share_4q_avg": 2.83,
            "equity": null,
            "current_ratio": null,
            "debt_ratio": null,
            "inventory_turnover_ratio": null,
            "account_receivable_turnover_ratio": null,
            "reinvestment_rate": null,
            "research_to_sale_ratio": null,
            "price_fair": 0,
            "eps_avg_yearly": 0,
            "eps_latest_yearly": 0,
            "eps_growth_yearly": 0
        },
        "20083": {
            "year_quarter": 20083,
            "year": 2008,
            "quarter": 3,
            "eps": 0.35,
            "eps_growth_year": null,
            "eps_4q": null,
            "eps_4q_growth_year": null,
            "roe": 3.3,
            "roe_4q": 3.3,
            "gross_profit": 121110,
            "gross_margin": 25.35,
            "gross_margin_4q_avg": 6.34,
            "net_income": 29558,
            "revenue": 477807,
            "common_shares": 838900,
            "book_valuer_per_share": 10.68,
            "book_valuer_per_share_4q_avg": 5.5,
            "equity": 895961,
            "current_ratio": 260.59,
            "debt_ratio": 32.29,
            "inventory_turnover_ratio": 2.29,
            "account_receivable_turnover_ratio": null,
            "reinvestment_rate": null,
            "research_to_sale_ratio": null,
            "price_fair": 0,
            "eps_avg_yearly": 0,
            "eps_latest_yearly": 0,
            "eps_growth_yearly": 0
        },
        "20084": {
            "year_quarter": 20084,
            "year": 2008,
            "quarter": 4,
            "eps": -0.01,
            "eps_growth_year": null,
            "eps_4q": null,
            "eps_4q_growth_year": null,
            "roe": -0.11,
            "roe_4q": 3.19,
            "gross_profit": 46652,
            "gross_margin": 12.98,
            "gross_margin_4q_avg": 9.58,
            "net_income": -1026,
            "revenue": 359534,
            "common_shares": 838900,
            "book_valuer_per_share": 10.7,
            "book_valuer_per_share_4q_avg": 5.35,
            "equity": 897531,
            "current_ratio": 253.44,
            "debt_ratio": 32.99,
            "inventory_turnover_ratio": 2,
            "account_receivable_turnover_ratio": 1.92,
            "reinvestment_rate": null,
            "research_to_sale_ratio": null,
            "price_fair": 0,
            "eps_avg_yearly": 0,
            "eps_latest_yearly": 0,
            "eps_growth_yearly": 0
        },
        "20091": {
            "year_quarter": 20091,
            "year": 2009,
            "quarter": 1,
            "eps": 0.16,
            "eps_growth_year": null,
            "eps_4q": null,
            "eps_4q_growth_year": null,
            "roe": 1.48,
            "roe_4q": 4.67,
            "gross_profit": 50331,
            "gross_margin": 13.45,
            "gross_margin_4q_avg": 12.95,
            "net_income": 13418,
            "revenue": 374137,
            "common_shares": 838900,
            "book_valuer_per_share": 10.93,
            "book_valuer_per_share_4q_avg": 8.08,
            "equity": 916796,
            "current_ratio": 243.82,
            "debt_ratio": 29.36,
            "inventory_turnover_ratio": 3.84,
            "account_receivable_turnover_ratio": 1.01,
            "reinvestment_rate": null,
            "research_to_sale_ratio": null,
            "price_fair": 0,
            "eps_avg_yearly": 0,
            "eps_latest_yearly": 0,
            "eps_growth_yearly": 0
        },
        "20092": {
            "year_quarter": 20092,
            "year": 2009,
            "quarter": 2,
            "eps": 0.68,
            "eps_growth_year": null,
            "eps_4q": 1.18,
            "eps_4q_growth_year": null,
            "roe": 6.2,
            "roe_4q": 10.87,
            "gross_profit": 111355,
            "gross_margin": 21.88,
            "gross_margin_4q_avg": 18.42,
            "net_income": 57277,
            "revenue": 508844,
            "common_shares": 838900,
            "book_valuer_per_share": 11.11,
            "book_valuer_per_share_4q_avg": 10.86,
            "equity": 931899,
            "current_ratio": 204.39,
            "debt_ratio": 36.86,
            "inventory_turnover_ratio": 34.84,
            "account_receivable_turnover_ratio": 1.08,
            "reinvestment_rate": null,
            "research_to_sale_ratio": null,
            "price_fair": 95.2,
            "eps_avg_yearly": 2.72,
            "eps_latest_yearly": 2.72,
            "eps_growth_yearly": 1300
        },
        "20093": {
            "year_quarter": 20093,
            "year": 2009,
            "quarter": 3,
            "eps": 1.07,
            "eps_growth_year": 205.71,
            "eps_4q": 1.9,
            "eps_4q_growth_year": null,
            "roe": 9.14,
            "roe_4q": 16.71,
            "gross_profit": 164114,
            "gross_margin": 25.49,
            "gross_margin_4q_avg": 18.45,
            "net_income": 89400,
            "revenue": 643924,
            "common_shares": 838900,
            "book_valuer_per_share": 12.21,
            "book_valuer_per_share_4q_avg": 11.24,
            "equity": 1023985,
            "current_ratio": 228.27,
            "debt_ratio": 37.66,
            "inventory_turnover_ratio": 5,
            "account_receivable_turnover_ratio": 1.08,
            "reinvestment_rate": null,
            "research_to_sale_ratio": null,
            "price_fair": 122.5,
            "eps_avg_yearly": 3.5,
            "eps_latest_yearly": 4.28,
            "eps_growth_yearly": 764.71
        },
        "20094": {
            "year_quarter": 20094,
            "year": 2009,
            "quarter": 4,
            "eps": 0.21,
            "eps_growth_year": null,
            "eps_4q": 2.12,
            "eps_4q_growth_year": null,
            "roe": 1.67,
            "roe_4q": 18.490000000000002,
            "gross_profit": 104180,
            "gross_margin": 25.91,
            "gross_margin_4q_avg": 21.68,
            "net_income": 17331,
            "revenue": 402015,
            "common_shares": 838900,
            "book_valuer_per_share": 12.57,
            "book_valuer_per_share_4q_avg": 11.71,
            "equity": 1054730,
            "current_ratio": 275.19,
            "debt_ratio": 30.56,
            "inventory_turnover_ratio": 1.82,
            "account_receivable_turnover_ratio": 1.68,
            "reinvestment_rate": null,
            "research_to_sale_ratio": null,
            "price_fair": 91.47,
            "eps_avg_yearly": 2.61,
            "eps_latest_yearly": 0.84,
            "eps_growth_yearly": 402.64
        },
        "20101": {
            "year_quarter": 20101,
            "year": 2010,
            "quarter": 1,
            "eps": 0.15,
            "eps_growth_year": -6.25,
            "eps_4q": 1.83,
            "eps_4q_growth_year": null,
            "roe": 1.13,
            "roe_4q": 18.14,
            "gross_profit": 88958,
            "gross_margin": 25.07,
            "gross_margin_4q_avg": 24.59,
            "net_income": 12611,
            "revenue": 354867,
            "common_shares": 838900,
            "book_valuer_per_share": 14.11,
            "book_valuer_per_share_4q_avg": 12.5,
            "equity": 1183811,
            "current_ratio": 324.17,
            "debt_ratio": 26.58,
            "inventory_turnover_ratio": 1.75,
            "account_receivable_turnover_ratio": 0.78,
            "reinvestment_rate": null,
            "research_to_sale_ratio": null,
            "price_fair": 73.85,
            "eps_avg_yearly": 2.11,
            "eps_latest_yearly": 0.6,
            "eps_growth_yearly": 273.41
        },
        "20102": {
            "year_quarter": 20102,
            "year": 2010,
            "quarter": 2,
            "eps": -0.23,
            "eps_growth_year": -134.36,
            "eps_4q": 1.06,
            "eps_4q_growth_year": -10.16,
            "roe": -1.99,
            "roe_4q": 9.950000000000001,
            "gross_profit": 53085,
            "gross_margin": 17.25,
            "gross_margin_4q_avg": 23.43,
            "net_income": -21583,
            "revenue": 307787,
            "common_shares": 926000,
            "book_valuer_per_share": 10.64,
            "book_valuer_per_share_4q_avg": 12.38,
            "equity": 982343,
            "current_ratio": 227.36,
            "debt_ratio": 37.54,
            "inventory_turnover_ratio": 1.56,
            "account_receivable_turnover_ratio": 0.65,
            "reinvestment_rate": null,
            "research_to_sale_ratio": null,
            "price_fair": 73.85,
            "eps_avg_yearly": 2.11,
            "eps_latest_yearly": 0.6,
            "eps_growth_yearly": 273.41
        },
        "20103": {
            "year_quarter": 20103,
            "year": 2010,
            "quarter": 3,
            "eps": -0.03,
            "eps_growth_year": -103.26,
            "eps_4q": 0.06,
            "eps_4q_growth_year": -97.08,
            "roe": -0.33,
            "roe_4q": 0.48,
            "gross_profit": 35706,
            "gross_margin": 12.22,
            "gross_margin_4q_avg": 20.11,
            "net_income": -3218,
            "revenue": 292166,
            "common_shares": 926000,
            "book_valuer_per_share": 10.73,
            "book_valuer_per_share_4q_avg": 12.01,
            "equity": 991541,
            "current_ratio": 307.97,
            "debt_ratio": 26.94,
            "inventory_turnover_ratio": 1.4,
            "account_receivable_turnover_ratio": 0.59,
            "reinvestment_rate": null,
            "research_to_sale_ratio": null,
            "price_fair": 73.85,
            "eps_avg_yearly": 2.11,
            "eps_latest_yearly": 0.6,
            "eps_growth_yearly": 273.41
        },
        "20104": {
            "year_quarter": 20104,
            "year": 2010,
            "quarter": 4,
            "eps": 0.13,
            "eps_growth_year": -35.89,
            "eps_4q": 0,
            "eps_4q_growth_year": -99.88,
            "roe": 1.25,
            "roe_4q": 0.05999999999999983,
            "gross_profit": 71796,
            "gross_margin": 13.78,
            "gross_margin_4q_avg": 17.08,
            "net_income": 12435,
            "revenue": 520932,
            "common_shares": 926000,
            "book_valuer_per_share": 10.74,
            "book_valuer_per_share_4q_avg": 11.56,
            "equity": 991913,
            "current_ratio": 250.72,
            "debt_ratio": 32.7,
            "inventory_turnover_ratio": 2.44,
            "account_receivable_turnover_ratio": 0.93,
            "reinvestment_rate": null,
            "research_to_sale_ratio": null,
            "price_fair": 73.85,
            "eps_avg_yearly": 2.11,
            "eps_latest_yearly": 0.6,
            "eps_growth_yearly": 273.41
        },
        "20111": {
            "year_quarter": 20111,
            "year": 2011,
            "quarter": 1,
            "eps": -0.16,
            "eps_growth_year": -206.67,
            "eps_4q": -0.3,
            "eps_4q_growth_year": -116.2,
            "roe": -1.52,
            "roe_4q": -2.59,
            "gross_profit": 30995,
            "gross_margin": 10.34,
            "gross_margin_4q_avg": 13.4,
            "net_income": -15051,
            "revenue": 299867,
            "common_shares": 926000,
            "book_valuer_per_share": 10.72,
            "book_valuer_per_share_4q_avg": 10.71,
            "equity": 989821,
            "current_ratio": 267.16,
            "debt_ratio": 29.68,
            "inventory_turnover_ratio": 1.25,
            "account_receivable_turnover_ratio": 0.52,
            "reinvestment_rate": null,
            "research_to_sale_ratio": null,
            "price_fair": 73.85,
            "eps_avg_yearly": 2.11,
            "eps_latest_yearly": 0.6,
            "eps_growth_yearly": 273.41
        },
        "20112": {
            "year_quarter": 20112,
            "year": 2011,
            "quarter": 2,
            "eps": -0.28,
            "eps_growth_year": null,
            "eps_4q": -0.35,
            "eps_4q_growth_year": -132.69,
            "roe": -2.68,
            "roe_4q": -3.2800000000000002,
            "gross_profit": 28820,
            "gross_margin": 8.95,
            "gross_margin_4q_avg": 11.32,
            "net_income": -26124,
            "revenue": 321927,
            "common_shares": 926000,
            "book_valuer_per_share": 10.38,
            "book_valuer_per_share_4q_avg": 10.64,
            "equity": 958903,
            "current_ratio": 254.9,
            "debt_ratio": 31.06,
            "inventory_turnover_ratio": 1.06,
            "account_receivable_turnover_ratio": 0.65,
            "reinvestment_rate": null,
            "research_to_sale_ratio": null,
            "price_fair": 73.85,
            "eps_avg_yearly": 2.11,
            "eps_latest_yearly": 0.6,
            "eps_growth_yearly": 273.41
        },
        "20113": {
            "year_quarter": 20113,
            "year": 2011,
            "quarter": 3,
            "eps": -0.23,
            "eps_growth_year": null,
            "eps_4q": -0.54,
            "eps_4q_growth_year": -1073.89,
            "roe": -2.25,
            "roe_4q": -5.199999999999999,
            "gross_profit": 39471,
            "gross_margin": 11.08,
            "gross_margin_4q_avg": 11.04,
            "net_income": -21225,
            "revenue": 356135,
            "common_shares": 926000,
            "book_valuer_per_share": 10.06,
            "book_valuer_per_share_4q_avg": 10.48,
            "equity": 927550,
            "current_ratio": 234.27,
            "debt_ratio": 34.41,
            "inventory_turnover_ratio": 1.05,
            "account_receivable_turnover_ratio": 0.77,
            "reinvestment_rate": null,
            "research_to_sale_ratio": null,
            "price_fair": 73.85,
            "eps_avg_yearly": 2.11,
            "eps_latest_yearly": 0.6,
            "eps_growth_yearly": 273.41
        },
        "20114": {
            "year_quarter": 20114,
            "year": 2011,
            "quarter": 4,
            "eps": -0.52,
            "eps_growth_year": -485.05,
            "eps_4q": -1.21,
            "eps_4q_growth_year": -45605.47,
            "roe": -5.2,
            "roe_4q": -11.65,
            "gross_profit": 25278,
            "gross_margin": 8.74,
            "gross_margin_4q_avg": 9.78,
            "net_income": -46986,
            "revenue": 289196,
            "common_shares": 926000,
            "book_valuer_per_share": 9.72,
            "book_valuer_per_share_4q_avg": 10.22,
            "equity": 880696,
            "current_ratio": 239.11,
            "debt_ratio": 33,
            "inventory_turnover_ratio": 0.99,
            "account_receivable_turnover_ratio": 0.6,
            "reinvestment_rate": null,
            "research_to_sale_ratio": null,
            "price_fair": 73.85,
            "eps_avg_yearly": 2.11,
            "eps_latest_yearly": 0.6,
            "eps_growth_yearly": 273.41
        },
        "20121": {
            "year_quarter": 20121,
            "year": 2012,
            "quarter": 1,
            "eps": -0.38,
            "eps_growth_year": null,
            "eps_4q": -1.42,
            "eps_4q_growth_year": null,
            "roe": -3.95,
            "roe_4q": -14.08,
            "gross_profit": 14837,
            "gross_margin": 5.4,
            "gross_margin_4q_avg": 8.54,
            "net_income": -34023,
            "revenue": 274592,
            "common_shares": 926000,
            "book_valuer_per_share": 9.29,
            "book_valuer_per_share_4q_avg": 9.86,
            "equity": 842164,
            "current_ratio": 239.03,
            "debt_ratio": 33.16,
            "inventory_turnover_ratio": 1.07,
            "account_receivable_turnover_ratio": 0.57,
            "reinvestment_rate": null,
            "research_to_sale_ratio": null,
            "price_fair": 73.85,
            "eps_avg_yearly": 2.11,
            "eps_latest_yearly": 0.6,
            "eps_growth_yearly": 273.41
        },
        "20122": {
            "year_quarter": 20122,
            "year": 2012,
            "quarter": 2,
            "eps": -0.38,
            "eps_growth_year": null,
            "eps_4q": -1.51,
            "eps_4q_growth_year": null,
            "roe": -4.15,
            "roe_4q": -15.55,
            "gross_profit": 40319,
            "gross_margin": 10.03,
            "gross_margin_4q_avg": 8.81,
            "net_income": -34283,
            "revenue": 401987,
            "common_shares": 926000,
            "book_valuer_per_share": 8.95,
            "book_valuer_per_share_4q_avg": 9.51,
            "equity": 810812,
            "current_ratio": 194.78,
            "debt_ratio": 41.41,
            "inventory_turnover_ratio": 1.27,
            "account_receivable_turnover_ratio": 0.83,
            "reinvestment_rate": 1543.11,
            "research_to_sale_ratio": null,
            "price_fair": 73.85,
            "eps_avg_yearly": 2.11,
            "eps_latest_yearly": 0.6,
            "eps_growth_yearly": 273.41
        },
        "20123": {
            "year_quarter": 20123,
            "year": 2012,
            "quarter": 3,
            "eps": 0,
            "eps_growth_year": null,
            "eps_4q": -1.27,
            "eps_4q_growth_year": null,
            "roe": 0.05,
            "roe_4q": -13.25,
            "gross_profit": 53583,
            "gross_margin": 13.31,
            "gross_margin_4q_avg": 9.37,
            "net_income": 391,
            "revenue": 402489,
            "common_shares": 926000,
            "book_valuer_per_share": 9.07,
            "book_valuer_per_share_4q_avg": 9.26,
            "equity": 821992,
            "current_ratio": 194.54,
            "debt_ratio": 40.96,
            "inventory_turnover_ratio": 1.2,
            "account_receivable_turnover_ratio": 0.75,
            "reinvestment_rate": null,
            "research_to_sale_ratio": null,
            "price_fair": 73.85,
            "eps_avg_yearly": 2.11,
            "eps_latest_yearly": 0.6,
            "eps_growth_yearly": 273.41
        },
        "20124": {
            "year_quarter": 20124,
            "year": 2012,
            "quarter": 4,
            "eps": 0.05,
            "eps_growth_year": null,
            "eps_4q": -0.7,
            "eps_4q_growth_year": null,
            "roe": 0.53,
            "roe_4q": -7.5200000000000005,
            "gross_profit": 66930,
            "gross_margin": 16.98,
            "gross_margin_4q_avg": 11.43,
            "net_income": 4337,
            "revenue": 394201,
            "common_shares": 926000,
            "book_valuer_per_share": 9.14,
            "book_valuer_per_share_4q_avg": 9.11,
            "equity": 828207,
            "current_ratio": 205.73,
            "debt_ratio": 38.09,
            "inventory_turnover_ratio": 1.43,
            "account_receivable_turnover_ratio": 0.67,
            "reinvestment_rate": 6577.14,
            "research_to_sale_ratio": null,
            "price_fair": 73.85,
            "eps_avg_yearly": 2.11,
            "eps_latest_yearly": 0.6,
            "eps_growth_yearly": 273.41
        },
        "20131": {
            "year_quarter": 20131,
            "year": 2013,
            "quarter": 1,
            "eps": -0.07,
            "eps_growth_year": null,
            "eps_4q": -0.4,
            "eps_4q_growth_year": null,
            "roe": -0.76,
            "roe_4q": -4.33,
            "gross_profit": 33410,
            "gross_margin": 12.27,
            "gross_margin_4q_avg": 13.15,
            "net_income": -6305,
            "revenue": 272329,
            "common_shares": 926000,
            "book_valuer_per_share": 9.17,
            "book_valuer_per_share_4q_avg": 9.08,
            "equity": 831068,
            "current_ratio": 217.32,
            "debt_ratio": 35.01,
            "inventory_turnover_ratio": 1.3,
            "account_receivable_turnover_ratio": 0.57,
            "reinvestment_rate": null,
            "research_to_sale_ratio": 7.72,
            "price_fair": 73.85,
            "eps_avg_yearly": 2.11,
            "eps_latest_yearly": 0.6,
            "eps_growth_yearly": 273.41
        },
        "20132": {
            "year_quarter": 20132,
            "year": 2013,
            "quarter": 2,
            "eps": -0.12,
            "eps_growth_year": null,
            "eps_4q": -0.14,
            "eps_4q_growth_year": null,
            "roe": -1.3,
            "roe_4q": -1.48,
            "gross_profit": 29517,
            "gross_margin": 9.92,
            "gross_margin_4q_avg": 13.12,
            "net_income": -10734,
            "revenue": 297655,
            "common_shares": 926000,
            "book_valuer_per_share": 9.05,
            "book_valuer_per_share_4q_avg": 9.11,
            "equity": 820693,
            "current_ratio": 207.57,
            "debt_ratio": 36.31,
            "inventory_turnover_ratio": 1.55,
            "account_receivable_turnover_ratio": 0.8,
            "reinvestment_rate": null,
            "research_to_sale_ratio": 7.3,
            "price_fair": 5.72,
            "eps_avg_yearly": 1.91,
            "eps_latest_yearly": 0.6,
            "eps_growth_yearly": -68.79
        },
        "20133": {
            "year_quarter": 20133,
            "year": 2013,
            "quarter": 3,
            "eps": 0.05,
            "eps_growth_year": 1059.02,
            "eps_4q": -0.09,
            "eps_4q_growth_year": null,
            "roe": 0.53,
            "roe_4q": -1,
            "gross_profit": 53157,
            "gross_margin": 15.05,
            "gross_margin_4q_avg": 13.56,
            "net_income": 4354,
            "revenue": 353184,
            "common_shares": 926000,
            "book_valuer_per_share": 9.07,
            "book_valuer_per_share_4q_avg": 9.11,
            "equity": 821870,
            "current_ratio": 236.39,
            "debt_ratio": 31.81,
            "inventory_turnover_ratio": 2.1,
            "account_receivable_turnover_ratio": 0.96,
            "reinvestment_rate": null,
            "research_to_sale_ratio": 6.23,
            "price_fair": 2.16,
            "eps_avg_yearly": 0.72,
            "eps_latest_yearly": 0.6,
            "eps_growth_yearly": -217.89
        },
        "20134": {
            "year_quarter": 20134,
            "year": 2013,
            "quarter": 4,
            "eps": 0.04,
            "eps_growth_year": -25.39,
            "eps_4q": -0.1,
            "eps_4q_growth_year": null,
            "roe": 0.39,
            "roe_4q": -1.1400000000000001,
            "gross_profit": 72031,
            "gross_margin": 15.09,
            "gross_margin_4q_avg": 13.08,
            "net_income": 3236,
            "revenue": 477376,
            "common_shares": 926000,
            "book_valuer_per_share": 9.47,
            "book_valuer_per_share_4q_avg": 9.19,
            "equity": 858679,
            "current_ratio": 199.35,
            "debt_ratio": 39.19,
            "inventory_turnover_ratio": 3.35,
            "account_receivable_turnover_ratio": 1.43,
            "reinvestment_rate": null,
            "research_to_sale_ratio": 5.07,
            "price_fair": 1.14,
            "eps_avg_yearly": 0.38,
            "eps_latest_yearly": 0.16,
            "eps_growth_yearly": -97.14
        },
        "20141": {
            "year_quarter": 20141,
            "year": 2014,
            "quarter": 1,
            "eps": 0.45,
            "eps_growth_year": null,
            "eps_4q": 0.42,
            "eps_4q_growth_year": null,
            "roe": 4.63,
            "roe_4q": 4.25,
            "gross_profit": 86371,
            "gross_margin": 17.42,
            "gross_margin_4q_avg": 14.37,
            "net_income": 41030,
            "revenue": 495897,
            "common_shares": 926000,
            "book_valuer_per_share": 10.03,
            "book_valuer_per_share_4q_avg": 9.41,
            "equity": 913476,
            "current_ratio": 190.64,
            "debt_ratio": 41.51,
            "inventory_turnover_ratio": 2.88,
            "account_receivable_turnover_ratio": 1.46,
            "reinvestment_rate": null,
            "research_to_sale_ratio": 4.57,
            "price_fair": 34.3,
            "eps_avg_yearly": 0.98,
            "eps_latest_yearly": 1.8,
            "eps_growth_yearly": 2010
        },
        "20142": {
            "year_quarter": 20142,
            "year": 2014,
            "quarter": 2,
            "eps": 0.48,
            "eps_growth_year": null,
            "eps_4q": 1.01,
            "eps_4q_growth_year": null,
            "roe": 4.66,
            "roe_4q": 10.209999999999999,
            "gross_profit": 111736,
            "gross_margin": 17.04,
            "gross_margin_4q_avg": 16.15,
            "net_income": 43410,
            "revenue": 655848,
            "common_shares": 926000,
            "book_valuer_per_share": 10.4,
            "book_valuer_per_share_4q_avg": 9.74,
            "equity": 947833,
            "current_ratio": 190.43,
            "debt_ratio": 41.82,
            "inventory_turnover_ratio": 2.97,
            "account_receivable_turnover_ratio": 1.52,
            "reinvestment_rate": null,
            "research_to_sale_ratio": 3.8,
            "price_fair": 45.27,
            "eps_avg_yearly": 1.29,
            "eps_latest_yearly": 1.92,
            "eps_growth_yearly": 1348.89
        },
        "20143": {
            "year_quarter": 20143,
            "year": 2014,
            "quarter": 3,
            "eps": 0.37,
            "eps_growth_year": 640,
            "eps_4q": 1.33,
            "eps_4q_growth_year": null,
            "roe": 3.44,
            "roe_4q": 13.120000000000001,
            "gross_profit": 95287,
            "gross_margin": 17.99,
            "gross_margin_4q_avg": 16.89,
            "net_income": 33339,
            "revenue": 529741,
            "common_shares": 926000,
            "book_valuer_per_share": 10.86,
            "book_valuer_per_share_4q_avg": 10.19,
            "equity": 989843,
            "current_ratio": 195.92,
            "debt_ratio": 40.92,
            "inventory_turnover_ratio": 1.87,
            "account_receivable_turnover_ratio": 1.05,
            "reinvestment_rate": null,
            "research_to_sale_ratio": 4.26,
            "price_fair": 46.9,
            "eps_avg_yearly": 1.34,
            "eps_latest_yearly": 1.48,
            "eps_growth_yearly": 988.75
        },
        "20144": {
            "year_quarter": 20144,
            "year": 2014,
            "quarter": 4,
            "eps": 0.26,
            "eps_growth_year": 629.14,
            "eps_4q": 1.55,
            "eps_4q_growth_year": null,
            "roe": 2.35,
            "roe_4q": 15.079999999999998,
            "gross_profit": 95623,
            "gross_margin": 17.57,
            "gross_margin_4q_avg": 17.51,
            "net_income": 23719,
            "revenue": 544353,
            "common_shares": 911180,
            "book_valuer_per_share": 11.33,
            "book_valuer_per_share_4q_avg": 10.66,
            "equity": 1032063,
            "current_ratio": 212.85,
            "debt_ratio": 36.77,
            "inventory_turnover_ratio": 1.61,
            "account_receivable_turnover_ratio": 1.32,
            "reinvestment_rate": null,
            "research_to_sale_ratio": 4.07,
            "price_fair": 44.8,
            "eps_avg_yearly": 1.28,
            "eps_latest_yearly": 1.04,
            "eps_growth_yearly": 767.22
        },
        "20151": {
            "year_quarter": 20151,
            "year": 2015,
            "quarter": 1,
            "eps": 0.45,
            "eps_growth_year": 0,
            "eps_4q": 1.56,
            "eps_4q_growth_year": 274.37,
            "roe": 3.92,
            "roe_4q": 14.37,
            "gross_profit": 108460,
            "gross_margin": 17.81,
            "gross_margin_4q_avg": 17.6,
            "net_income": 41366,
            "revenue": 609099,
            "common_shares": 911180,
            "book_valuer_per_share": 11.82,
            "book_valuer_per_share_4q_avg": 11.1,
            "equity": 1076983,
            "current_ratio": 208.53,
            "debt_ratio": 37.58,
            "inventory_turnover_ratio": 1.62,
            "account_receivable_turnover_ratio": 1.63,
            "reinvestment_rate": -1551.29,
            "research_to_sale_ratio": 3.91,
            "price_fair": 47.83,
            "eps_avg_yearly": 1.37,
            "eps_latest_yearly": 1.8,
            "eps_growth_yearly": 688.06
        },
        "20152": {
            "year_quarter": 20152,
            "year": 2015,
            "quarter": 2,
            "eps": 0.41,
            "eps_growth_year": -14.58,
            "eps_4q": 1.49,
            "eps_4q_growth_year": 47.39,
            "roe": 3.5,
            "roe_4q": 13.209999999999999,
            "gross_profit": 92424,
            "gross_margin": 15.26,
            "gross_margin_4q_avg": 17.16,
            "net_income": 37217,
            "revenue": 605719,
            "common_shares": 911180,
            "book_valuer_per_share": 11.55,
            "book_valuer_per_share_4q_avg": 11.39,
            "equity": 1052430,
            "current_ratio": 203.09,
            "debt_ratio": 37.24,
            "inventory_turnover_ratio": 2.04,
            "account_receivable_turnover_ratio": 1.51,
            "reinvestment_rate": -236.54,
            "research_to_sale_ratio": 3.76,
            "price_fair": 49.2,
            "eps_avg_yearly": 1.41,
            "eps_latest_yearly": 1.64,
            "eps_growth_yearly": 584.69
        },
        "20153": {
            "year_quarter": 20153,
            "year": 2015,
            "quarter": 3,
            "eps": 0.19,
            "eps_growth_year": -48.65,
            "eps_4q": 1.39,
            "eps_4q_growth_year": 4.8,
            "roe": 1.7,
            "roe_4q": 11.47,
            "gross_profit": 50257,
            "gross_margin": 17.8,
            "gross_margin_4q_avg": 17.11,
            "net_income": 17563,
            "revenue": 282268,
            "common_shares": 911180,
            "book_valuer_per_share": 11.75,
            "book_valuer_per_share_4q_avg": 11.61,
            "equity": 1012229,
            "current_ratio": 222.2,
            "debt_ratio": 30.27,
            "inventory_turnover_ratio": 1.1,
            "account_receivable_turnover_ratio": 0.88,
            "reinvestment_rate": -115.83,
            "research_to_sale_ratio": 8.74,
            "price_fair": 46.38,
            "eps_avg_yearly": 1.33,
            "eps_latest_yearly": 0.76,
            "eps_growth_yearly": 484.77
        },
        "20154": {
            "year_quarter": 20154,
            "year": 2015,
            "quarter": 4,
            "eps": 0.05,
            "eps_growth_year": -79.94,
            "eps_4q": 1.17,
            "eps_4q_growth_year": -24.74,
            "roe": 0.45,
            "roe_4q": 9.57,
            "gross_profit": 48260,
            "gross_margin": 14.13,
            "gross_margin_4q_avg": 16.25,
            "net_income": 4498,
            "revenue": 341456,
            "common_shares": 911180,
            "book_valuer_per_share": 11.59,
            "book_valuer_per_share_4q_avg": 11.68,
            "equity": 997778,
            "current_ratio": 200.23,
            "debt_ratio": 30.33,
            "inventory_turnover_ratio": 1.39,
            "account_receivable_turnover_ratio": 1.05,
            "reinvestment_rate": -9.91,
            "research_to_sale_ratio": 7.26,
            "price_fair": 42,
            "eps_avg_yearly": 1.2,
            "eps_latest_yearly": 0.2,
            "eps_growth_yearly": 398.16
        },
        "20161": {
            "year_quarter": 20161,
            "year": 2016,
            "quarter": 1,
            "eps": 0.23,
            "eps_growth_year": -48.89,
            "eps_4q": 0.92,
            "eps_4q_growth_year": -40.76,
            "roe": 1.99,
            "roe_4q": 7.64,
            "gross_profit": 36877,
            "gross_margin": 14.45,
            "gross_margin_4q_avg": 15.41,
            "net_income": 20139,
            "revenue": 255255,
            "common_shares": 911180,
            "book_valuer_per_share": 11.89,
            "book_valuer_per_share_4q_avg": 11.7,
            "equity": 1024135,
            "current_ratio": 237.53,
            "debt_ratio": 24.63,
            "inventory_turnover_ratio": 1.35,
            "account_receivable_turnover_ratio": 0.7,
            "reinvestment_rate": 10.4,
            "research_to_sale_ratio": 8.45,
            "price_fair": 41.02,
            "eps_avg_yearly": 1.17,
            "eps_latest_yearly": 0.92,
            "eps_growth_yearly": 502.35
        },
        "20162": {
            "year_quarter": 20162,
            "year": 2016,
            "quarter": 2,
            "eps": -0.23,
            "eps_growth_year": -156.1,
            "eps_4q": 0.26,
            "eps_4q_growth_year": -82.74,
            "roe": -2.03,
            "roe_4q": 2.1100000000000003,
            "gross_profit": 21440,
            "gross_margin": 10.21,
            "gross_margin_4q_avg": 14.15,
            "net_income": -20072,
            "revenue": 209983,
            "common_shares": 911180,
            "book_valuer_per_share": 11.06,
            "book_valuer_per_share_4q_avg": 11.57,
            "equity": 952138,
            "current_ratio": 212.46,
            "debt_ratio": 27.13,
            "inventory_turnover_ratio": 1.23,
            "account_receivable_turnover_ratio": 0.71,
            "reinvestment_rate": 19.15,
            "research_to_sale_ratio": 9.85,
            "price_fair": 41.02,
            "eps_avg_yearly": 1.17,
            "eps_latest_yearly": 0.92,
            "eps_growth_yearly": 502.35
        },
        "20163": {
            "year_quarter": 20163,
            "year": 2016,
            "quarter": 3,
            "eps": 0,
            "eps_growth_year": -100,
            "eps_4q": 0.06,
            "eps_4q_growth_year": -95.88,
            "roe": 0.04,
            "roe_4q": 0.45000000000000023,
            "gross_profit": 48771,
            "gross_margin": 16.29,
            "gross_margin_4q_avg": 13.77,
            "net_income": 379,
            "revenue": 299355,
            "common_shares": 911180,
            "book_valuer_per_share": 11.28,
            "book_valuer_per_share_4q_avg": 11.46,
            "equity": 971204,
            "current_ratio": 222.2,
            "debt_ratio": 24.89,
            "inventory_turnover_ratio": 1.42,
            "account_receivable_turnover_ratio": 1.22,
            "reinvestment_rate": 24.47,
            "research_to_sale_ratio": 9.34,
            "price_fair": 41.02,
            "eps_avg_yearly": 1.17,
            "eps_latest_yearly": 0.92,
            "eps_growth_yearly": 502.35
        },
        "20164": {
            "year_quarter": 20164,
            "year": 2016,
            "quarter": 4,
            "eps": -0.19,
            "eps_growth_year": -464.31,
            "eps_4q": -0.19,
            "eps_4q_growth_year": -115.84,
            "roe": -1.7,
            "roe_4q": -1.6999999999999995,
            "gross_profit": 25494,
            "gross_margin": 8.13,
            "gross_margin_4q_avg": 12.27,
            "net_income": -16387,
            "revenue": 313512,
            "common_shares": 911180,
            "book_valuer_per_share": 11.12,
            "book_valuer_per_share_4q_avg": 11.34,
            "equity": 957389,
            "current_ratio": 190.96,
            "debt_ratio": 30.42,
            "inventory_turnover_ratio": 1.25,
            "account_receivable_turnover_ratio": 1.06,
            "reinvestment_rate": 26.16,
            "research_to_sale_ratio": 6.17,
            "price_fair": 41.02,
            "eps_avg_yearly": 1.17,
            "eps_latest_yearly": 0.92,
            "eps_growth_yearly": 502.35
        },
        "20171": {
            "year_quarter": 20171,
            "year": 2017,
            "quarter": 1,
            "eps": -0.36,
            "eps_growth_year": -256.52,
            "eps_4q": -0.78,
            "eps_4q_growth_year": -184.68,
            "roe": -3.34,
            "roe_4q": -7.029999999999999,
            "gross_profit": 335,
            "gross_margin": 0.13,
            "gross_margin_4q_avg": 8.69,
            "net_income": -31168,
            "revenue": 251054,
            "common_shares": 911180,
            "book_valuer_per_share": 10.58,
            "book_valuer_per_share_4q_avg": 11.01,
            "equity": 910921,
            "current_ratio": 204.92,
            "debt_ratio": 27.08,
            "inventory_turnover_ratio": 0.99,
            "account_receivable_turnover_ratio": 0.89,
            "reinvestment_rate": 144.05,
            "research_to_sale_ratio": 8.22,
            "price_fair": 41.02,
            "eps_avg_yearly": 1.17,
            "eps_latest_yearly": 0.92,
            "eps_growth_yearly": 502.35
        },
        "20172": {
            "year_quarter": 20172,
            "year": 2017,
            "quarter": 2,
            "eps": -0.45,
            "eps_growth_year": null,
            "eps_4q": -0.99,
            "eps_4q_growth_year": -486.93,
            "roe": -4.37,
            "roe_4q": -9.370000000000001,
            "gross_profit": 742,
            "gross_margin": 0.33,
            "gross_margin_4q_avg": 6.22,
            "net_income": -38443,
            "revenue": 228225,
            "common_shares": 911180,
            "book_valuer_per_share": 9.86,
            "book_valuer_per_share_4q_avg": 10.71,
            "equity": 849408,
            "current_ratio": 204.85,
            "debt_ratio": 24.26,
            "inventory_turnover_ratio": 1.03,
            "account_receivable_turnover_ratio": 1.13,
            "reinvestment_rate": 167.89,
            "research_to_sale_ratio": 9.62,
            "price_fair": 41.02,
            "eps_avg_yearly": 1.17,
            "eps_latest_yearly": 0.92,
            "eps_growth_yearly": 502.35
        },
        "20173": {
            "year_quarter": 20173,
            "year": 2017,
            "quarter": 3,
            "eps": -0.29,
            "eps_growth_year": null,
            "eps_4q": -1.29,
            "eps_4q_growth_year": -2351.28,
            "roe": -3.06,
            "roe_4q": -12.469999999999999,
            "gross_profit": 3705,
            "gross_margin": 1.52,
            "gross_margin_4q_avg": 2.53,
            "net_income": -25306,
            "revenue": 243577,
            "common_shares": 911180,
            "book_valuer_per_share": 9.35,
            "book_valuer_per_share_4q_avg": 10.23,
            "equity": 805297,
            "current_ratio": 164.41,
            "debt_ratio": 32.87,
            "inventory_turnover_ratio": 1.11,
            "account_receivable_turnover_ratio": 1.13,
            "reinvestment_rate": 193.93,
            "research_to_sale_ratio": 9.68,
            "price_fair": 41.02,
            "eps_avg_yearly": 1.17,
            "eps_latest_yearly": 0.92,
            "eps_growth_yearly": 502.35
        },
        "20174": {
            "year_quarter": 20174,
            "year": 2017,
            "quarter": 4,
            "eps": -0.46,
            "eps_growth_year": null,
            "eps_4q": -1.57,
            "eps_4q_growth_year": null,
            "roe": -5.18,
            "roe_4q": -15.95,
            "gross_profit": -12857,
            "gross_margin": -4.43,
            "gross_margin_4q_avg": -0.61,
            "net_income": -40040,
            "revenue": 290385,
            "common_shares": 911180,
            "book_valuer_per_share": 8.61,
            "book_valuer_per_share_4q_avg": 9.6,
            "equity": 741277,
            "current_ratio": 148.49,
            "debt_ratio": 46.66,
            "inventory_turnover_ratio": 1.15,
            "account_receivable_turnover_ratio": 0.9,
            "reinvestment_rate": 145.62,
            "research_to_sale_ratio": 9.12,
            "price_fair": 44.96,
            "eps_avg_yearly": 1.28,
            "eps_latest_yearly": 0.92,
            "eps_growth_yearly": 567.05
        },
        "20181": {
            "year_quarter": 20181,
            "year": 2018,
            "quarter": 1,
            "eps": -0.39,
            "eps_growth_year": null,
            "eps_4q": -1.59,
            "eps_4q_growth_year": null,
            "roe": -4.6,
            "roe_4q": -17.21,
            "gross_profit": 1987,
            "gross_margin": 0.5,
            "gross_margin_4q_avg": -0.52,
            "net_income": -33469,
            "revenue": 394437,
            "common_shares": 911180,
            "book_valuer_per_share": 8.28,
            "book_valuer_per_share_4q_avg": 9.03,
            "equity": 712765,
            "current_ratio": 144.45,
            "debt_ratio": 46.92,
            "inventory_turnover_ratio": 1.45,
            "account_receivable_turnover_ratio": 0.99,
            "reinvestment_rate": 733.08,
            "research_to_sale_ratio": 6.19,
            "price_fair": 42.7,
            "eps_avg_yearly": 1.22,
            "eps_latest_yearly": 0.92,
            "eps_growth_yearly": 125.43
        },
        "20182": {
            "year_quarter": 20182,
            "year": 2018,
            "quarter": 2,
            "eps": -0.49,
            "eps_growth_year": null,
            "eps_4q": -1.63,
            "eps_4q_growth_year": null,
            "roe": -6.05,
            "roe_4q": -18.889999999999997,
            "gross_profit": 2003,
            "gross_margin": 0.62,
            "gross_margin_4q_avg": -0.45,
            "net_income": -41802,
            "revenue": 322850,
            "common_shares": 911180,
            "book_valuer_per_share": 7.78,
            "book_valuer_per_share_4q_avg": 8.51,
            "equity": 669912,
            "current_ratio": 136.29,
            "debt_ratio": 51.62,
            "inventory_turnover_ratio": 1.19,
            "account_receivable_turnover_ratio": 0.73,
            "reinvestment_rate": null,
            "research_to_sale_ratio": 7.41,
            "price_fair": 39.2,
            "eps_avg_yearly": 1.12,
            "eps_latest_yearly": 0.92,
            "eps_growth_yearly": 139.54
        },
        "20183": {
            "year_quarter": 20183,
            "year": 2018,
            "quarter": 3,
            "eps": -0.43,
            "eps_growth_year": null,
            "eps_4q": -1.77,
            "eps_4q_growth_year": null,
            "roe": -5.74,
            "roe_4q": -21.57,
            "gross_profit": 9740,
            "gross_margin": 1.96,
            "gross_margin_4q_avg": -0.34,
            "net_income": -37076,
            "revenue": 496444,
            "common_shares": 861180,
            "book_valuer_per_share": 7.21,
            "book_valuer_per_share_4q_avg": 7.97,
            "equity": 620849,
            "current_ratio": 128.18,
            "debt_ratio": 57.52,
            "inventory_turnover_ratio": 2.06,
            "account_receivable_turnover_ratio": 0.88,
            "reinvestment_rate": null,
            "research_to_sale_ratio": 4.6,
            "price_fair": 37.1,
            "eps_avg_yearly": 1.06,
            "eps_latest_yearly": 0.92,
            "eps_growth_yearly": 178.08
        },
        "20184": {
            "year_quarter": 20184,
            "year": 2018,
            "quarter": 4,
            "eps": -0.48,
            "eps_growth_year": null,
            "eps_4q": -1.78,
            "eps_4q_growth_year": null,
            "roe": -6.8,
            "roe_4q": -23.189999999999998,
            "gross_profit": -242,
            "gross_margin": -0.06,
            "gross_margin_4q_avg": 0.76,
            "net_income": -41031,
            "revenue": 395121,
            "common_shares": 861180,
            "book_valuer_per_share": 6.81,
            "book_valuer_per_share_4q_avg": 7.52,
            "equity": 586573,
            "current_ratio": 122.29,
            "debt_ratio": 61.71,
            "inventory_turnover_ratio": 2.01,
            "account_receivable_turnover_ratio": 0.58,
            "reinvestment_rate": null,
            "research_to_sale_ratio": 5.31,
            "price_fair": 37.24,
            "eps_avg_yearly": 1.06,
            "eps_latest_yearly": 0.92,
            "eps_growth_yearly": 237.48
        },
        "20191": {
            "year_quarter": 20191,
            "year": 2019,
            "quarter": 1,
            "eps": 0,
            "eps_growth_year": null,
            "eps_4q": -1.39,
            "eps_4q_growth_year": null,
            "roe": 0.04,
            "roe_4q": -18.55,
            "gross_profit": 30955,
            "gross_margin": 7.37,
            "gross_margin_4q_avg": 2.47,
            "net_income": 233,
            "revenue": 419829,
            "common_shares": 861180,
            "book_valuer_per_share": 6.9,
            "book_valuer_per_share_4q_avg": 7.18,
            "equity": 593936,
            "current_ratio": 122.98,
            "debt_ratio": 61,
            "inventory_turnover_ratio": 2.08,
            "account_receivable_turnover_ratio": 0.57,
            "reinvestment_rate": null,
            "research_to_sale_ratio": 3.7,
            "price_fair": 30.8,
            "eps_avg_yearly": 0.88,
            "eps_latest_yearly": 0.92,
            "eps_growth_yearly": 223.77
        },
        "20192": {
            "year_quarter": 20192,
            "year": 2019,
            "quarter": 2,
            "eps": 0.04,
            "eps_growth_year": null,
            "eps_4q": -0.86,
            "eps_4q_growth_year": null,
            "roe": 0.62,
            "roe_4q": -11.879999999999999,
            "gross_profit": 40268,
            "gross_margin": 8.03,
            "gross_margin_4q_avg": 4.33,
            "net_income": 3671,
            "revenue": 501463,
            "common_shares": 861180,
            "book_valuer_per_share": 6.89,
            "book_valuer_per_share_4q_avg": 6.95,
            "equity": 593611,
            "current_ratio": 125.11,
            "debt_ratio": 60.37,
            "inventory_turnover_ratio": 3.1,
            "account_receivable_turnover_ratio": 0.72,
            "reinvestment_rate": null,
            "research_to_sale_ratio": 3.64,
            "price_fair": 21.93,
            "eps_avg_yearly": 0.63,
            "eps_latest_yearly": 0.92,
            "eps_growth_yearly": 310.21
        },
        "20193": {
            "year_quarter": 20193,
            "year": 2019,
            "quarter": 3,
            "eps": 0.29,
            "eps_growth_year": null,
            "eps_4q": -0.14,
            "eps_4q_growth_year": null,
            "roe": 4.2,
            "roe_4q": -1.9399999999999995,
            "gross_profit": 59760,
            "gross_margin": 6.17,
            "gross_margin_4q_avg": 5.38,
            "net_income": 25265,
            "revenue": 969177,
            "common_shares": 861180,
            "book_valuer_per_share": 7.09,
            "book_valuer_per_share_4q_avg": 6.92,
            "equity": 610607,
            "current_ratio": 123.64,
            "debt_ratio": 64.26,
            "inventory_turnover_ratio": 5.72,
            "account_receivable_turnover_ratio": 1.24,
            "reinvestment_rate": null,
            "research_to_sale_ratio": 1.82,
            "price_fair": 26.6,
            "eps_avg_yearly": 0.76,
            "eps_latest_yearly": 1.16,
            "eps_growth_yearly": 1215.09
        },
        "20194": {
            "year_quarter": 20194,
            "year": 2019,
            "quarter": 4,
            "eps": -0.04,
            "eps_growth_year": null,
            "eps_4q": 0.12,
            "eps_4q_growth_year": null,
            "roe": -0.57,
            "roe_4q": 4.29,
            "gross_profit": 36647,
            "gross_margin": 4.81,
            "gross_margin_4q_avg": 6.6,
            "net_income": -7359,
            "revenue": 762010,
            "common_shares": 1886180,
            "book_valuer_per_share": 10.48,
            "book_valuer_per_share_4q_avg": 7.84,
            "equity": 1976751,
            "current_ratio": 116.55,
            "debt_ratio": 36.95,
            "inventory_turnover_ratio": 4.46,
            "account_receivable_turnover_ratio": 0.85,
            "reinvestment_rate": null,
            "research_to_sale_ratio": 2.12,
            "price_fair": 36.4,
            "eps_avg_yearly": 1.04,
            "eps_latest_yearly": 1.16,
            "eps_growth_yearly": 1970
        },
        "20201": {
            "year_quarter": 20201,
            "year": 2020,
            "quarter": 1,
            "eps": 0.12,
            "eps_growth_year": null,
            "eps_4q": 0.23,
            "eps_4q_growth_year": null,
            "roe": 1.13,
            "roe_4q": 5.38,
            "gross_profit": 26669,
            "gross_margin": 7.78,
            "gross_margin_4q_avg": 6.7,
            "net_income": 22546,
            "revenue": 342821,
            "common_shares": 1886180,
            "book_valuer_per_share": 10.6,
            "book_valuer_per_share_4q_avg": 8.77,
            "equity": 1999410,
            "current_ratio": 126.9,
            "debt_ratio": 28.35,
            "inventory_turnover_ratio": 2.73,
            "account_receivable_turnover_ratio": 0.45,
            "reinvestment_rate": null,
            "research_to_sale_ratio": 5.86,
            "price_fair": 40.6,
            "eps_avg_yearly": 1.16,
            "eps_latest_yearly": 1.16,
            "eps_growth_yearly": 2500
        },
        "20202": {
            "year_quarter": 20202,
            "year": 2020,
            "quarter": 2,
            "eps": -0.08,
            "eps_growth_year": -300,
            "eps_4q": 0.13,
            "eps_4q_growth_year": null,
            "roe": -0.76,
            "roe_4q": 4,
            "gross_profit": 28925,
            "gross_margin": 9.44,
            "gross_margin_4q_avg": 7.05,
            "net_income": -15142,
            "revenue": 306500,
            "common_shares": 1886180,
            "book_valuer_per_share": 10.5,
            "book_valuer_per_share_4q_avg": 9.67,
            "equity": 1980981,
            "current_ratio": 132.93,
            "debt_ratio": 25.36,
            "inventory_turnover_ratio": 3.26,
            "account_receivable_turnover_ratio": 0.5,
            "reinvestment_rate": null,
            "research_to_sale_ratio": 5.5,
            "price_fair": 40.6,
            "eps_avg_yearly": 1.16,
            "eps_latest_yearly": 1.16,
            "eps_growth_yearly": 2500
        },
        "20203": {
            "year_quarter": 20203,
            "year": 2020,
            "quarter": 3,
            "eps": -0.03,
            "eps_growth_year": -110.34,
            "eps_4q": -0.03,
            "eps_4q_growth_year": null,
            "roe": -0.27,
            "roe_4q": -0.4700000000000001,
            "gross_profit": 31732,
            "gross_margin": 9.95,
            "gross_margin_4q_avg": 8,
            "net_income": -5316,
            "revenue": 319052,
            "common_shares": 1886180,
            "book_valuer_per_share": 10.51,
            "book_valuer_per_share_4q_avg": 10.52,
            "equity": 1983045,
            "current_ratio": 138.71,
            "debt_ratio": 22.23,
            "inventory_turnover_ratio": 3.92,
            "account_receivable_turnover_ratio": 0.64,
            "reinvestment_rate": null,
            "research_to_sale_ratio": 5.03,
            "price_fair": 40.6,
            "eps_avg_yearly": 1.16,
            "eps_latest_yearly": 1.16,
            "eps_growth_yearly": 2500
        },
        "20204": {
            "year_quarter": 20204,
            "year": 2020,
            "quarter": 4,
            "eps": -0.05,
            "eps_growth_year": null,
            "eps_4q": -0.04,
            "eps_4q_growth_year": -134.43,
            "roe": -0.48,
            "roe_4q": -0.3800000000000001,
            "gross_profit": 8405,
            "gross_margin": 2.57,
            "gross_margin_4q_avg": 7.44,
            "net_income": -9597,
            "revenue": 326857,
            "common_shares": 1886180,
            "book_valuer_per_share": 10.51,
            "book_valuer_per_share_4q_avg": 10.53,
            "equity": 1983049,
            "current_ratio": 186.71,
            "debt_ratio": 21.8,
            "inventory_turnover_ratio": 6.64,
            "account_receivable_turnover_ratio": 0.84,
            "reinvestment_rate": null,
            "research_to_sale_ratio": 5.41,
            "price_fair": 40.6,
            "eps_avg_yearly": 1.16,
            "eps_latest_yearly": 1.16,
            "eps_growth_yearly": 2500
        },
        "20211": {
            "year_quarter": 20211,
            "year": 2021,
            "quarter": 1,
            "eps": -0.17,
            "eps_growth_year": -241.67,
            "eps_4q": -0.33,
            "eps_4q_growth_year": -240.39,
            "roe": -1.62,
            "roe_4q": -3.13,
            "gross_profit": 9372,
            "gross_margin": 3.21,
            "gross_margin_4q_avg": 6.29,
            "net_income": -31889,
            "revenue": 291611,
            "common_shares": 1886180,
            "book_valuer_per_share": 10.35,
            "book_valuer_per_share_4q_avg": 10.47,
            "equity": 1951887,
            "current_ratio": 162.89,
            "debt_ratio": 25.84,
            "inventory_turnover_ratio": 4.84,
            "account_receivable_turnover_ratio": 0.76,
            "reinvestment_rate": null,
            "research_to_sale_ratio": 6.24,
            "price_fair": 40.6,
            "eps_avg_yearly": 1.16,
            "eps_latest_yearly": 1.16,
            "eps_growth_yearly": 2500
        },
        "20212": {
            "year_quarter": 20212,
            "year": 2021,
            "quarter": 2,
            "eps": -0.34,
            "eps_growth_year": null,
            "eps_4q": -0.59,
            "eps_4q_growth_year": -536.87,
            "roe": -3.32,
            "roe_4q": -5.6899999999999995,
            "gross_profit": -10455,
            "gross_margin": -4.29,
            "gross_margin_4q_avg": 2.86,
            "net_income": -63771,
            "revenue": 243915,
            "common_shares": 1886180,
            "book_valuer_per_share": 10.02,
            "book_valuer_per_share_4q_avg": 10.35,
            "equity": 1889183,
            "current_ratio": 135.79,
            "debt_ratio": 34.62,
            "inventory_turnover_ratio": 1.89,
            "account_receivable_turnover_ratio": 0.7,
            "reinvestment_rate": null,
            "research_to_sale_ratio": 9.51,
            "price_fair": 40.6,
            "eps_avg_yearly": 1.16,
            "eps_latest_yearly": 1.16,
            "eps_growth_yearly": 2500
        },
        "20213": {
            "year_quarter": 20213,
            "year": 2021,
            "quarter": 3,
            "eps": -0.24,
            "eps_growth_year": null,
            "eps_4q": -0.79,
            "eps_4q_growth_year": null,
            "roe": -2.39,
            "roe_4q": -7.8100000000000005,
            "gross_profit": -3434,
            "gross_margin": -0.55,
            "gross_margin_4q_avg": 0.24,
            "net_income": -44624,
            "revenue": 626481,
            "common_shares": 1886180,
            "book_valuer_per_share": 9.78,
            "book_valuer_per_share_4q_avg": 10.17,
            "equity": 1844504,
            "current_ratio": 132.21,
            "debt_ratio": 35.33,
            "inventory_turnover_ratio": 2.67,
            "account_receivable_turnover_ratio": 1.37,
            "reinvestment_rate": null,
            "research_to_sale_ratio": 4.27,
            "price_fair": 40.6,
            "eps_avg_yearly": 1.16,
            "eps_latest_yearly": 1.16,
            "eps_growth_yearly": 2500
        },
        "20214": {
            "year_quarter": 20214,
            "year": 2021,
            "quarter": 4,
            "eps": -0.05,
            "eps_growth_year": null,
            "eps_4q": -0.8,
            "eps_4q_growth_year": null,
            "roe": -0.56,
            "roe_4q": -7.89,
            "gross_profit": 24831,
            "gross_margin": 4.68,
            "gross_margin_4q_avg": 0.76,
            "net_income": -10282,
            "revenue": 530306,
            "common_shares": 1886180,
            "book_valuer_per_share": 9.77,
            "book_valuer_per_share_4q_avg": 9.98,
            "equity": 1842376,
            "current_ratio": 139.67,
            "debt_ratio": 32.38,
            "inventory_turnover_ratio": 1.85,
            "account_receivable_turnover_ratio": 0.79,
            "reinvestment_rate": null,
            "research_to_sale_ratio": 4.82,
            "price_fair": 40.6,
            "eps_avg_yearly": 1.16,
            "eps_latest_yearly": 1.16,
            "eps_growth_yearly": 2500
        },
        "20221": {
            "year_quarter": 20221,
            "year": 2022,
            "quarter": 1,
            "eps": -0.11,
            "eps_growth_year": null,
            "eps_4q": -0.74,
            "eps_4q_growth_year": null,
            "roe": -1.18,
            "roe_4q": -7.449999999999999,
            "gross_profit": 22719,
            "gross_margin": 7.4,
            "gross_margin_4q_avg": 1.81,
            "net_income": -21565,
            "revenue": 307101,
            "common_shares": 1886180,
            "book_valuer_per_share": 9.67,
            "book_valuer_per_share_4q_avg": 9.81,
            "equity": 1823873,
            "current_ratio": 148.29,
            "debt_ratio": 27.84,
            "inventory_turnover_ratio": 1.01,
            "account_receivable_turnover_ratio": 0.48,
            "reinvestment_rate": null,
            "research_to_sale_ratio": 8.49,
            "price_fair": 40.6,
            "eps_avg_yearly": 1.16,
            "eps_latest_yearly": 1.16,
            "eps_growth_yearly": 2500
        },
        "20222": {
            "year_quarter": 20222,
            "year": 2022,
            "quarter": 2,
            "eps": -0.04,
            "eps_growth_year": null,
            "eps_4q": -0.44,
            "eps_4q_growth_year": null,
            "roe": -0.41,
            "roe_4q": -4.54,
            "gross_profit": 35995,
            "gross_margin": 10.72,
            "gross_margin_4q_avg": 5.56,
            "net_income": -7436,
            "revenue": 335715,
            "common_shares": 1886180,
            "book_valuer_per_share": 9.64,
            "book_valuer_per_share_4q_avg": 9.72,
            "equity": 1817596,
            "current_ratio": 157.89,
            "debt_ratio": 23.86,
            "inventory_turnover_ratio": 1.02,
            "account_receivable_turnover_ratio": 0.7,
            "reinvestment_rate": null,
            "research_to_sale_ratio": 8.59,
            "price_fair": 40.6,
            "eps_avg_yearly": 1.16,
            "eps_latest_yearly": 1.16,
            "eps_growth_yearly": 2500
        },
        "20223": {
            "year_quarter": 20223,
            "year": 2022,
            "quarter": 3,
            "eps": 0.12,
            "eps_growth_year": null,
            "eps_4q": -0.09,
            "eps_4q_growth_year": null,
            "roe": 1.24,
            "roe_4q": -0.9099999999999999,
            "gross_profit": 72719,
            "gross_margin": 21.36,
            "gross_margin_4q_avg": 11.04,
            "net_income": 22739,
            "revenue": 340397,
            "common_shares": 1886180,
            "book_valuer_per_share": 9.77,
            "book_valuer_per_share_4q_avg": 9.71,
            "equity": 1842734,
            "current_ratio": 152.59,
            "debt_ratio": 27.19,
            "inventory_turnover_ratio": 0.82,
            "account_receivable_turnover_ratio": 0.89,
            "reinvestment_rate": null,
            "research_to_sale_ratio": 8.86,
            "price_fair": 40.6,
            "eps_avg_yearly": 1.16,
            "eps_latest_yearly": 1.16,
            "eps_growth_yearly": 2500
        },
        "20224": {
            "year_quarter": 20224,
            "year": 2022,
            "quarter": 4,
            "eps": 0.12,
            "eps_growth_year": null,
            "eps_4q": 0.09,
            "eps_4q_growth_year": null,
            "roe": 1.22,
            "roe_4q": 0.8699999999999999,
            "gross_profit": 40693,
            "gross_margin": 25.05,
            "gross_margin_4q_avg": 16.13,
            "net_income": 22568,
            "revenue": 162448,
            "common_shares": 1886180,
            "book_valuer_per_share": 9.9,
            "book_valuer_per_share_4q_avg": 9.75,
            "equity": 1868150,
            "current_ratio": 141.26,
            "debt_ratio": 32.18,
            "inventory_turnover_ratio": 0.27,
            "account_receivable_turnover_ratio": 0.5,
            "reinvestment_rate": null,
            "research_to_sale_ratio": 20.24,
            "price_fair": 28.7,
            "eps_avg_yearly": 0.82,
            "eps_latest_yearly": 0.48,
            "eps_growth_yearly": 1250
        },
        "20231": {
            "year_quarter": 20231,
            "year": 2023,
            "quarter": 1,
            "eps": 0.28,
            "eps_growth_year": null,
            "eps_4q": 0.48,
            "eps_4q_growth_year": null,
            "roe": 2.76,
            "roe_4q": 4.81,
            "gross_profit": 63269,
            "gross_margin": 21.15,
            "gross_margin_4q_avg": 19.57,
            "net_income": 52319,
            "revenue": 299094,
            "common_shares": 1886180,
            "book_valuer_per_share": 10.19,
            "book_valuer_per_share_4q_avg": 9.88,
            "equity": 1921447,
            "current_ratio": 150.39,
            "debt_ratio": 28.84,
            "inventory_turnover_ratio": 0.43,
            "account_receivable_turnover_ratio": 0.91,
            "reinvestment_rate": null,
            "research_to_sale_ratio": 9.57,
            "price_fair": 32.2,
            "eps_avg_yearly": 0.92,
            "eps_latest_yearly": 1.12,
            "eps_growth_yearly": 1011.11
        },
        "20232": {
            "year_quarter": 20232,
            "year": 2023,
            "quarter": 2,
            "eps": 0,
            "eps_growth_year": null,
            "eps_4q": 0.51,
            "eps_4q_growth_year": null,
            "roe": -0.01,
            "roe_4q": 5.21,
            "gross_profit": 44957,
            "gross_margin": 37.83,
            "gross_margin_4q_avg": 26.35,
            "net_income": -115,
            "revenue": 118852,
            "common_shares": 1886180,
            "book_valuer_per_share": 10.2,
            "book_valuer_per_share_4q_avg": 10.02,
            "equity": 1935527,
            "current_ratio": 151.21,
            "debt_ratio": 28.61,
            "inventory_turnover_ratio": 0.12,
            "account_receivable_turnover_ratio": 0.37,
            "reinvestment_rate": null,
            "research_to_sale_ratio": 27.33,
            "price_fair": 32.2,
            "eps_avg_yearly": 0.92,
            "eps_latest_yearly": 1.12,
            "eps_growth_yearly": 1011.11
        }
    },
    "months": {
        "2008-02": {
            "month": "2008-02",
            "price": "8.25",
            "revenue": 127187
        },
        "2008-03": {
            "month": "2008-03",
            "price": "8.06",
            "revenue": 121516
        },
        "2008-04": {
            "month": "2008-04",
            "price": "8.44",
            "revenue": 135702
        },
        "2008-05": {
            "month": "2008-05",
            "price": "8.61",
            "revenue": 112933
        },
        "2008-06": {
            "month": "2008-06",
            "price": "8.74",
            "revenue": 123050
        },
        "2008-07": {
            "month": "2008-07",
            "price": "8.15",
            "revenue": 166635
        },
        "2008-08": {
            "month": "2008-08",
            "price": "7.48",
            "revenue": 151750
        },
        "2008-09": {
            "month": "2008-09",
            "price": "7.51",
            "revenue": 138278
        },
        "2008-10": {
            "month": "2008-10",
            "price": "6.67",
            "revenue": 101498
        },
        "2008-11": {
            "month": "2008-11",
            "price": "5.72",
            "revenue": 120032
        },
        "2008-12": {
            "month": "2008-12",
            "price": "5.00",
            "revenue": 130708
        },
        "2009-01": {
            "month": "2009-01",
            "price": "4.97",
            "revenue": 104738
        },
        "2009-02": {
            "month": "2009-02",
            "price": "5.39",
            "revenue": 139535
        },
        "2009-03": {
            "month": "2009-03",
            "price": "5.89",
            "revenue": 129864
        },
        "2009-04": {
            "month": "2009-04",
            "price": "7.59",
            "revenue": 151211
        },
        "2009-05": {
            "month": "2009-05",
            "price": "11.30",
            "revenue": 171444
        },
        "2009-06": {
            "month": "2009-06",
            "price": "11.41",
            "revenue": 186190
        },
        "2009-07": {
            "month": "2009-07",
            "price": "11.90",
            "revenue": 210657
        },
        "2009-08": {
            "month": "2009-08",
            "price": "13.76",
            "revenue": 195365
        },
        "2009-09": {
            "month": "2009-09",
            "price": "16.48",
            "revenue": 249106
        },
        "2009-10": {
            "month": "2009-10",
            "price": "19.62",
            "revenue": 176404
        },
        "2009-11": {
            "month": "2009-11",
            "price": "22.16",
            "revenue": 91704
        },
        "2009-12": {
            "month": "2009-12",
            "price": "26.56",
            "revenue": 126602
        },
        "2010-01": {
            "month": "2010-01",
            "price": "32.49",
            "revenue": 101937
        },
        "2010-02": {
            "month": "2010-02",
            "price": "30.25",
            "revenue": 107147
        },
        "2010-03": {
            "month": "2010-03",
            "price": "28.45",
            "revenue": 145484
        },
        "2010-04": {
            "month": "2010-04",
            "price": "29.21",
            "revenue": 117734
        },
        "2010-05": {
            "month": "2010-05",
            "price": "24.31",
            "revenue": 114343
        },
        "2010-06": {
            "month": "2010-06",
            "price": "21.39",
            "revenue": 75074
        },
        "2010-07": {
            "month": "2010-07",
            "price": "19.31",
            "revenue": 75602
        },
        "2010-08": {
            "month": "2010-08",
            "price": "18.75",
            "revenue": 106121
        },
        "2010-09": {
            "month": "2010-09",
            "price": "16.70",
            "revenue": 107912
        },
        "2010-10": {
            "month": "2010-10",
            "price": "16.00",
            "revenue": 145150
        },
        "2010-11": {
            "month": "2010-11",
            "price": "14.82",
            "revenue": 173407
        },
        "2010-12": {
            "month": "2010-12",
            "price": "16.39",
            "revenue": 203034
        },
        "2011-01": {
            "month": "2011-01",
            "price": "15.63",
            "revenue": 96018
        },
        "2011-02": {
            "month": "2011-02",
            "price": "14.19",
            "revenue": 70674
        },
        "2011-03": {
            "month": "2011-03",
            "price": "13.55",
            "revenue": 132192
        },
        "2011-04": {
            "month": "2011-04",
            "price": "13.13",
            "revenue": 95599
        },
        "2011-05": {
            "month": "2011-05",
            "price": "11.74",
            "revenue": 80498
        },
        "2011-06": {
            "month": "2011-06",
            "price": "11.85",
            "revenue": 143275
        },
        "2011-07": {
            "month": "2011-07",
            "price": "12.07",
            "revenue": 121948
        },
        "2011-08": {
            "month": "2011-08",
            "price": "9.94",
            "revenue": 134213
        },
        "2011-09": {
            "month": "2011-09",
            "price": "9.21",
            "revenue": 97738
        },
        "2011-10": {
            "month": "2011-10",
            "price": "8.81",
            "revenue": 97373
        },
        "2011-11": {
            "month": "2011-11",
            "price": "7.95",
            "revenue": 123434
        },
        "2011-12": {
            "month": "2011-12",
            "price": "6.68",
            "revenue": 66395
        },
        "2012-01": {
            "month": "2012-01",
            "price": "5.73",
            "revenue": 68636
        },
        "2012-02": {
            "month": "2012-02",
            "price": "6.86",
            "revenue": 75044
        },
        "2012-03": {
            "month": "2012-03",
            "price": "7.11",
            "revenue": 128114
        },
        "2012-04": {
            "month": "2012-04",
            "price": "6.36",
            "revenue": 103633
        },
        "2012-05": {
            "month": "2012-05",
            "price": "5.47",
            "revenue": 187060
        },
        "2012-06": {
            "month": "2012-06",
            "price": "6.79",
            "revenue": 105769
        },
        "2012-07": {
            "month": "2012-07",
            "price": "7.49",
            "revenue": 125179
        },
        "2012-08": {
            "month": "2012-08",
            "price": "7.48",
            "revenue": 137639
        },
        "2012-09": {
            "month": "2012-09",
            "price": "6.69",
            "revenue": 138019
        },
        "2012-10": {
            "month": "2012-10",
            "price": "6.32",
            "revenue": 124801
        },
        "2012-11": {
            "month": "2012-11",
            "price": "6.03",
            "revenue": 142710
        },
        "2012-12": {
            "month": "2012-12",
            "price": "6.74",
            "revenue": 126690
        },
        "2013-01": {
            "month": "2013-01",
            "price": "7.12",
            "revenue": 94593
        },
        "2013-02": {
            "month": "2013-02",
            "price": "7.12",
            "revenue": 62333
        },
        "2013-03": {
            "month": "2013-03",
            "price": "7.21",
            "revenue": 115397
        },
        "2013-04": {
            "month": "2013-04",
            "price": "8.65",
            "revenue": 105655
        },
        "2013-05": {
            "month": "2013-05",
            "price": "8.74",
            "revenue": 89099
        },
        "2013-06": {
            "month": "2013-06",
            "price": "9.07",
            "revenue": 102901
        },
        "2013-07": {
            "month": "2013-07",
            "price": "8.48",
            "revenue": 103559
        },
        "2013-08": {
            "month": "2013-08",
            "price": "8.14",
            "revenue": 87960
        },
        "2013-09": {
            "month": "2013-09",
            "price": "8.46",
            "revenue": 161665
        },
        "2013-10": {
            "month": "2013-10",
            "price": "8.44",
            "revenue": 161473
        },
        "2013-11": {
            "month": "2013-11",
            "price": "8.23",
            "revenue": 160368
        },
        "2013-12": {
            "month": "2013-12",
            "price": "9.35",
            "revenue": 155534
        },
        "2014-01": {
            "month": "2014-01",
            "price": "11.16",
            "revenue": 156460
        },
        "2014-02": {
            "month": "2014-02",
            "price": "11.45",
            "revenue": 163349
        },
        "2014-03": {
            "month": "2014-03",
            "price": "15.35",
            "revenue": 176088
        },
        "2014-04": {
            "month": "2014-04",
            "price": "15.99",
            "revenue": 220207
        },
        "2014-05": {
            "month": "2014-05",
            "price": "17.54",
            "revenue": 218014
        },
        "2014-06": {
            "month": "2014-06",
            "price": "17.75",
            "revenue": 217626
        },
        "2014-07": {
            "month": "2014-07",
            "price": "18.29",
            "revenue": 184495
        },
        "2014-08": {
            "month": "2014-08",
            "price": "18.11",
            "revenue": 183398
        },
        "2014-09": {
            "month": "2014-09",
            "price": "16.52",
            "revenue": 161847
        },
        "2014-10": {
            "month": "2014-10",
            "price": "14.28",
            "revenue": 166718
        },
        "2014-11": {
            "month": "2014-11",
            "price": "14.16",
            "revenue": 200857
        },
        "2014-12": {
            "month": "2014-12",
            "price": "15.81",
            "revenue": 176778
        },
        "2015-01": {
            "month": "2015-01",
            "price": "17.94",
            "revenue": 207650
        },
        "2015-02": {
            "month": "2015-02",
            "price": "17.77",
            "revenue": 188671
        },
        "2015-03": {
            "month": "2015-03",
            "price": "18.58",
            "revenue": 212778
        },
        "2015-04": {
            "month": "2015-04",
            "price": "18.06",
            "revenue": 209302
        },
        "2015-05": {
            "month": "2015-05",
            "price": "16.73",
            "revenue": 205957
        },
        "2015-06": {
            "month": "2015-06",
            "price": "15.22",
            "revenue": 190461
        },
        "2015-07": {
            "month": "2015-07",
            "price": "13.69",
            "revenue": 145427
        },
        "2015-08": {
            "month": "2015-08",
            "price": "12.67",
            "revenue": 92046
        },
        "2015-09": {
            "month": "2015-09",
            "price": "12.11",
            "revenue": 44796
        },
        "2015-10": {
            "month": "2015-10",
            "price": "11.45",
            "revenue": 42047
        },
        "2015-11": {
            "month": "2015-11",
            "price": "10.96",
            "revenue": 143440
        },
        "2015-12": {
            "month": "2015-12",
            "price": "11.84",
            "revenue": 155969
        },
        "2016-01": {
            "month": "2016-01",
            "price": "11.97",
            "revenue": 100880
        },
        "2016-02": {
            "month": "2016-02",
            "price": "13.50",
            "revenue": 60388
        },
        "2016-03": {
            "month": "2016-03",
            "price": "13.10",
            "revenue": 93988
        },
        "2016-04": {
            "month": "2016-04",
            "price": "12.51",
            "revenue": 75513
        },
        "2016-05": {
            "month": "2016-05",
            "price": "10.86",
            "revenue": 77481
        },
        "2016-06": {
            "month": "2016-06",
            "price": "11.03",
            "revenue": 56989
        },
        "2016-07": {
            "month": "2016-07",
            "price": "10.42",
            "revenue": 127184
        },
        "2016-08": {
            "month": "2016-08",
            "price": "11.65",
            "revenue": 75813
        },
        "2016-09": {
            "month": "2016-09",
            "price": "11.22",
            "revenue": 96358
        },
        "2016-10": {
            "month": "2016-10",
            "price": "10.72",
            "revenue": 82844
        },
        "2016-11": {
            "month": "2016-11",
            "price": "10.06",
            "revenue": 102227
        },
        "2016-12": {
            "month": "2016-12",
            "price": "13.13",
            "revenue": 128441
        },
        "2017-01": {
            "month": "2017-01",
            "price": "14.34",
            "revenue": 93064
        },
        "2017-02": {
            "month": "2017-02",
            "price": "13.91",
            "revenue": 66106
        },
        "2017-03": {
            "month": "2017-03",
            "price": "13.60",
            "revenue": 91885
        },
        "2017-04": {
            "month": "2017-04",
            "price": "13.08",
            "revenue": 90082
        },
        "2017-05": {
            "month": "2017-05",
            "price": "12.18",
            "revenue": 104668
        },
        "2017-06": {
            "month": "2017-06",
            "price": "12.33",
            "revenue": 33476
        },
        "2017-07": {
            "month": "2017-07",
            "price": "12.09",
            "revenue": 52540
        },
        "2017-08": {
            "month": "2017-08",
            "price": "10.73",
            "revenue": 82173
        },
        "2017-09": {
            "month": "2017-09",
            "price": "10.45",
            "revenue": 108864
        },
        "2017-10": {
            "month": "2017-10",
            "price": "10.43",
            "revenue": 79796
        },
        "2017-11": {
            "month": "2017-11",
            "price": "10.60",
            "revenue": 102612
        },
        "2017-12": {
            "month": "2017-12",
            "price": "9.62",
            "revenue": 107977
        },
        "2018-01": {
            "month": "2018-01",
            "price": "9.56",
            "revenue": 101946
        },
        "2018-02": {
            "month": "2018-02",
            "price": "8.88",
            "revenue": 176227
        },
        "2018-03": {
            "month": "2018-03",
            "price": "10.07",
            "revenue": 116264
        },
        "2018-04": {
            "month": "2018-04",
            "price": "9.31",
            "revenue": 63222
        },
        "2018-05": {
            "month": "2018-05",
            "price": "8.52",
            "revenue": 176069
        },
        "2018-06": {
            "month": "2018-06",
            "price": "9.26",
            "revenue": 83560
        },
        "2018-07": {
            "month": "2018-07",
            "price": "8.24",
            "revenue": 227342
        },
        "2018-08": {
            "month": "2018-08",
            "price": "7.98",
            "revenue": 87940
        },
        "2018-09": {
            "month": "2018-09",
            "price": "6.90",
            "revenue": 181162
        },
        "2018-10": {
            "month": "2018-10",
            "price": "5.50",
            "revenue": 184106
        },
        "2018-11": {
            "month": "2018-11",
            "price": "4.89",
            "revenue": 149467
        },
        "2018-12": {
            "month": "2018-12",
            "price": "5.32",
            "revenue": 61549
        },
        "2019-01": {
            "month": "2019-01",
            "price": "5.04",
            "revenue": 146243
        },
        "2019-02": {
            "month": "2019-02",
            "price": "5.25",
            "revenue": 135218
        },
        "2019-03": {
            "month": "2019-03",
            "price": "6.44",
            "revenue": 138369
        },
        "2019-04": {
            "month": "2019-04",
            "price": "7.23",
            "revenue": 156882
        },
        "2019-05": {
            "month": "2019-05",
            "price": "8.59",
            "revenue": 181373
        },
        "2019-06": {
            "month": "2019-06",
            "price": "8.80",
            "revenue": 163207
        },
        "2019-07": {
            "month": "2019-07",
            "price": "11.80",
            "revenue": 285615
        },
        "2019-08": {
            "month": "2019-08",
            "price": "13.44",
            "revenue": 322262
        },
        "2019-09": {
            "month": "2019-09",
            "price": "15.88",
            "revenue": 361300
        },
        "2019-10": {
            "month": "2019-10",
            "price": "16.92",
            "revenue": 253835
        },
        "2019-11": {
            "month": "2019-11",
            "price": "15.62",
            "revenue": 231440
        },
        "2019-12": {
            "month": "2019-12",
            "price": "14.86",
            "revenue": 276735
        },
        "2020-01": {
            "month": "2020-01",
            "price": "16.84",
            "revenue": 101678
        },
        "2020-02": {
            "month": "2020-02",
            "price": "18.51",
            "revenue": 154836
        },
        "2020-03": {
            "month": "2020-03",
            "price": "13.58",
            "revenue": 86306
        },
        "2020-04": {
            "month": "2020-04",
            "price": "13.52",
            "revenue": 83017
        },
        "2020-05": {
            "month": "2020-05",
            "price": "13.51",
            "revenue": 95117
        },
        "2020-06": {
            "month": "2020-06",
            "price": "13.25",
            "revenue": 122770
        },
        "2020-07": {
            "month": "2020-07",
            "price": "14.15",
            "revenue": 73598
        },
        "2020-08": {
            "month": "2020-08",
            "price": "13.53",
            "revenue": 108820
        },
        "2020-09": {
            "month": "2020-09",
            "price": "13.30",
            "revenue": 136634
        },
        "2020-10": {
            "month": "2020-10",
            "price": "13.26",
            "revenue": 107273
        },
        "2020-11": {
            "month": "2020-11",
            "price": "12.27",
            "revenue": 98207
        },
        "2020-12": {
            "month": "2020-12",
            "price": "11.74",
            "revenue": 121377
        },
        "2021-01": {
            "month": "2021-01",
            "price": "11.38",
            "revenue": 72584
        },
        "2021-02": {
            "month": "2021-02",
            "price": "10.86",
            "revenue": 95881
        },
        "2021-03": {
            "month": "2021-03",
            "price": "11.42",
            "revenue": 123145
        },
        "2021-04": {
            "month": "2021-04",
            "price": "12.66",
            "revenue": 88680
        },
        "2021-05": {
            "month": "2021-05",
            "price": "10.64",
            "revenue": 103276
        },
        "2021-06": {
            "month": "2021-06",
            "price": "10.48",
            "revenue": 51959
        },
        "2021-07": {
            "month": "2021-07",
            "price": "10.48",
            "revenue": 187387
        },
        "2021-08": {
            "month": "2021-08",
            "price": "9.93",
            "revenue": 229094
        },
        "2021-09": {
            "month": "2021-09",
            "price": "10.33",
            "revenue": 210000
        },
        "2021-10": {
            "month": "2021-10",
            "price": "10.68",
            "revenue": 135292
        },
        "2021-11": {
            "month": "2021-11",
            "price": "11.26",
            "revenue": 190027
        },
        "2021-12": {
            "month": "2021-12",
            "price": "10.99",
            "revenue": 204987
        },
        "2022-01": {
            "month": "2022-01",
            "price": "10.74",
            "revenue": 97539
        },
        "2022-02": {
            "month": "2022-02",
            "price": "10.49",
            "revenue": 110347
        },
        "2022-03": {
            "month": "2022-03",
            "price": "10.14",
            "revenue": 99215
        },
        "2022-04": {
            "month": "2022-04",
            "price": "9.89",
            "revenue": 91805
        },
        "2022-05": {
            "month": "2022-05",
            "price": "9.32",
            "revenue": 150972
        },
        "2022-06": {
            "month": "2022-06",
            "price": "10.01",
            "revenue": 92938
        },
        "2022-07": {
            "month": "2022-07",
            "price": "9.98",
            "revenue": 134505
        },
        "2022-08": {
            "month": "2022-08",
            "price": "10.63",
            "revenue": 146970
        },
        "2022-09": {
            "month": "2022-09",
            "price": "10.31",
            "revenue": 58922
        },
        "2022-10": {
            "month": "2022-10",
            "price": "9.76",
            "revenue": 19696
        },
        "2022-11": {
            "month": "2022-11",
            "price": "9.46",
            "revenue": 26210
        },
        "2022-12": {
            "month": "2022-12",
            "price": "9.73",
            "revenue": 116541
        },
        "2023-01": {
            "month": "2023-01",
            "price": "9.87",
            "revenue": 99237
        },
        "2023-02": {
            "month": "2023-02",
            "price": "10.20",
            "revenue": 89625
        },
        "2023-03": {
            "month": "2023-03",
            "price": "11.46",
            "revenue": 110232
        },
        "2023-04": {
            "month": "2023-04",
            "price": "13.16",
            "revenue": 69541
        },
        "2023-05": {
            "month": "2023-05",
            "price": "14.22",
            "revenue": 18561
        },
        "2023-06": {
            "month": "2023-06",
            "price": "16.39",
            "revenue": 30750
        },
        "2023-07": {
            "month": "2023-07",
            "price": "15.97",
            "revenue": 20743
        },
        "2023-08": {
            "month": "2023-08",
            "price": "14.24",
            "revenue": 31334
        }
    }
}
