{
    "summary": {
        "stock_name": "東捷",
        "stock_id": "8064",
        "category": "光電",
        "main_business": "LCD檢測整修設備、自動化設備及製程設備<br>濺鍍及蒸鍍設備<br>設備零組件及電子配件",
        "website_url": "http://www.contrel.com.tw",
        "ceo": "陳贊仁",
        "pe_ratio": 11,
        "report_year_from": 2001,
        "report_year_to": 2023,
        "age": 22,
        "eps_negative_percentage": 15,
        "eps_growth_avg": {
            "last_all": -5.92,
            "last_2y": 4.34,
            "last_4y": 14,
            "last_8y": 9.15,
            "last_12y": -1.77,
            "last_16y": -4.97,
            "last_20y": null,
            "at_2006_last_3y": null,
            "at_2007_last_3y": null,
            "at_2008_last_3y": 7.21,
            "at_2009_last_3y": -12.96,
            "at_2010_last_3y": -50.62,
            "at_2011_last_3y": -59.51,
            "at_2012_last_3y": -100,
            "at_2013_last_3y": -100,
            "at_2014_last_3y": 0,
            "at_2015_last_3y": 10.34,
            "at_2016_last_3y": 37.45,
            "at_2017_last_3y": 3.09,
            "at_2018_last_3y": 3.09,
            "at_2019_last_3y": 12.16,
            "at_2020_last_3y": -31.56,
            "at_2021_last_3y": 18.44,
            "at_2022_last_3y": -7.51,
            "at_2023_last_3y": -7.51,
            "at_2006_last_all": 40.34,
            "at_2007_last_all": 2.46,
            "at_2008_last_all": 7.21,
            "at_2009_last_all": -14.23,
            "at_2010_last_all": -14.23,
            "at_2011_last_all": -28.53,
            "at_2012_last_all": -28.53,
            "at_2013_last_all": -28.53,
            "at_2014_last_all": -10.17,
            "at_2015_last_all": -18.81,
            "at_2016_last_all": -6.53,
            "at_2017_last_all": -15.88,
            "at_2018_last_all": -5.35,
            "at_2019_last_all": -8.49,
            "at_2020_last_all": -14.24,
            "at_2021_last_all": -6.08,
            "at_2022_last_all": -5.92,
            "at_2023_last_all": -5.92
        },
        "latest_eps": 1.83,
        "latest_price": 19.8,
        "latest_roe": 10.27,
        "latest_gross_margin": 20.66,
        "latest_equity": 3348472,
        "latest_revenue": 830344,
        "latest_gross_profit": 171575,
        "latest_net_income": 69033,
        "latest_debt_ratio": 50.53,
        "latest_current_ratio": 193.07,
        "latest_account_receivable_turnover_ratio": 0.86,
        "latest_inventory_turnover_ratio": 0.28,
        "latest_reinvestment_rate": -35.5,
        "latest_research_to_sale_ratio": 4.01
    },
    "eps_dividends": {
        "2001": {
            "cash": 0,
            "stock": 0,
            "eps": 0
        },
        "2002": {
            "cash": 0,
            "stock": 0,
            "eps": 0
        },
        "2003": {
            "cash": 0,
            "stock": 1,
            "eps": 0
        },
        "2004": {
            "cash": 0,
            "stock": 3,
            "eps": 3.21
        },
        "2005": {
            "cash": 1,
            "stock": 4,
            "eps": 2.59
        },
        "2006": {
            "cash": 2,
            "stock": 2,
            "eps": 8.73
        },
        "2007": {
            "cash": 6,
            "stock": 1,
            "eps": 2.33
        },
        "2008": {
            "cash": 1,
            "stock": 0,
            "eps": 2.83
        },
        "2009": {
            "cash": 0,
            "stock": 0,
            "eps": -6.62
        },
        "2010": {
            "cash": 0,
            "stock": 0,
            "eps": 0.81
        },
        "2011": {
            "cash": 0,
            "stock": 0,
            "eps": -0.18
        },
        "2012": {
            "cash": 0,
            "stock": 0,
            "eps": -2.94
        },
        "2013": {
            "cash": 0,
            "stock": 0,
            "eps": 1.15
        },
        "2014": {
            "cash": 1,
            "stock": 0,
            "eps": 2.32
        },
        "2015": {
            "cash": 1,
            "stock": 0,
            "eps": 0.48
        },
        "2016": {
            "cash": 1,
            "stock": 0,
            "eps": 0.92
        },
        "2017": {
            "cash": 1,
            "stock": 0,
            "eps": 0
        },
        "2018": {
            "cash": 0,
            "stock": 0,
            "eps": 2.3
        },
        "2019": {
            "cash": 1,
            "stock": 0,
            "eps": 1.31
        },
        "2020": {
            "cash": 1,
            "stock": 0,
            "eps": 0.22
        },
        "2021": {
            "cash": 0,
            "stock": 0,
            "eps": 2.12
        },
        "2022": {
            "cash": 1,
            "stock": 0,
            "eps": 2.04
        },
        "2023": {
            "cash": 2,
            "stock": 0,
            "eps": 0.38
        }
    },
    "dividends": {
        "2003-06-12": {
            "cash": 0,
            "stock": 0.8
        },
        "2004-03-31": {
            "cash": 0,
            "stock": 2.8
        },
        "2005-03-31": {
            "cash": 1,
            "stock": 3.5
        },
        "2006-03-07": {
            "cash": 1.6,
            "stock": 1.6
        },
        "2007-03-27": {
            "cash": 5.51,
            "stock": 0.5
        },
        "2008-03-26": {
            "cash": 1,
            "stock": 0.2
        },
        "2009-04-16": {
            "cash": 0.2,
            "stock": 0.2
        },
        "2011-03-22": {
            "cash": 0.4,
            "stock": 0
        },
        "2014-08-05": {
            "cash": 0.9,
            "stock": 0
        },
        "2015-07-31": {
            "cash": 1,
            "stock": 0
        },
        "2016-07-29": {
            "cash": 0.5,
            "stock": 0
        },
        "2017-08-14": {
            "cash": 0.85,
            "stock": 0
        },
        "2019-07-31": {
            "cash": 1,
            "stock": 0
        },
        "2020-07-31": {
            "cash": 1,
            "stock": 0
        },
        "2021-10-08": {
            "cash": 0.2,
            "stock": 0
        },
        "2022-07-29": {
            "cash": 1.25,
            "stock": 0
        },
        "2023-03-17": {
            "cash": 1.5,
            "stock": 0
        }
    },
    "prices": {
        "200101": "無",
        "200102": "無",
        "200103": "無",
        "200104": "無",
        "200105": "無",
        "200106": "無",
        "200107": "無",
        "200108": "無",
        "200109": "無",
        "200110": "無",
        "200111": "無",
        "200112": "無",
        "200201": "無",
        "200202": "無",
        "200203": "無",
        "200204": "無",
        "200205": "無",
        "200206": "無",
        "200207": "無",
        "200208": "無",
        "200209": "無",
        "200210": "無",
        "200211": "無",
        "200212": "無",
        "200301": "無",
        "200302": "無",
        "200303": "無",
        "200304": "無",
        "200305": "無",
        "200306": "無",
        "200307": "無",
        "200308": "無",
        "200309": "無",
        "200310": "23.95",
        "200311": "28.37",
        "200312": "31.40",
        "200401": "37.62",
        "200402": "48.04",
        "200403": "57.14",
        "200404": "57.89",
        "200405": "52.50",
        "200406": "45.91",
        "200407": "38.56",
        "200408": "34.68",
        "200409": "34.49",
        "200410": "36.82",
        "200411": "34.04",
        "200412": "34.15",
        "200501": "35.56",
        "200502": "43.22",
        "200503": "42.49",
        "200504": "47.90",
        "200505": "48.77",
        "200506": "52.40",
        "200507": "44.12",
        "200508": "50.01",
        "200509": "48.49",
        "200510": "49.26",
        "200511": "46.95",
        "200512": "51.50",
        "200601": "68.71",
        "200602": "96.38",
        "200603": "100.16",
        "200604": "106.11",
        "200605": "110.89",
        "200606": "86.34",
        "200607": "79.92",
        "200608": "80.74",
        "200609": "82.24",
        "200610": "74.54",
        "200611": "73.02",
        "200612": "78.86",
        "200701": "75.27",
        "200702": "75.23",
        "200703": "68.81",
        "200704": "71.88",
        "200705": "73.30",
        "200706": "79.90",
        "200707": "77.01",
        "200708": "54.18",
        "200709": "44.97",
        "200710": "37.11",
        "200711": "33.57",
        "200712": "30.92",
        "200801": "30.93",
        "200802": "32.70",
        "200803": "38.51",
        "200804": "42.33",
        "200805": "52.15",
        "200806": "41.82",
        "200807": "32.53",
        "200808": "32.21",
        "200809": "24.24",
        "200810": "15.06",
        "200811": "13.61",
        "200812": "13.08",
        "200901": "12.12",
        "200902": "12.50",
        "200903": "13.88",
        "200904": "15.60",
        "200905": "15.64",
        "200906": "15.20",
        "200907": "15.63",
        "200908": "16.25",
        "200909": "15.74",
        "200910": "21.31",
        "200911": "21.79",
        "200912": "22.24",
        "201001": "21.14",
        "201002": "18.32",
        "201003": "21.77",
        "201004": "22.46",
        "201005": "24.20",
        "201006": "27.41",
        "201007": "26.79",
        "201008": "24.88",
        "201009": "23.93",
        "201010": "20.30",
        "201011": "18.10",
        "201012": "19.90",
        "201101": "20.50",
        "201102": "20.74",
        "201103": "20.75",
        "201104": "20.79",
        "201105": "18.79",
        "201106": "16.19",
        "201107": "14.87",
        "201108": "11.84",
        "201109": "10.84",
        "201110": "10.19",
        "201111": "9.87",
        "201112": "8.71",
        "201201": "8.42",
        "201202": "10.05",
        "201203": "9.49",
        "201204": "8.20",
        "201205": "7.42",
        "201206": "7.17",
        "201207": "6.78",
        "201208": "6.25",
        "201209": "6.59",
        "201210": "6.31",
        "201211": "5.71",
        "201212": "7.21",
        "201301": "8.62",
        "201302": "8.02",
        "201303": "8.72",
        "201304": "9.32",
        "201305": "11.06",
        "201306": "11.34",
        "201307": "12.27",
        "201308": "11.84",
        "201309": "11.52",
        "201310": "11.81",
        "201311": "13.80",
        "201312": "16.88",
        "201401": "17.22",
        "201402": "16.70",
        "201403": "17.41",
        "201404": "17.38",
        "201405": "17.12",
        "201406": "18.47",
        "201407": "22.15",
        "201408": "20.37",
        "201409": "19.87",
        "201410": "18.55",
        "201411": "20.12",
        "201412": "20.53",
        "201501": "20.84",
        "201502": "20.03",
        "201503": "20.65",
        "201504": "20.48",
        "201505": "16.92",
        "201506": "14.40",
        "201507": "11.24",
        "201508": "9.92",
        "201509": "11.55",
        "201510": "13.03",
        "201511": "11.67",
        "201512": "11.63",
        "201601": "12.47",
        "201602": "12.16",
        "201603": "17.46",
        "201604": "18.04",
        "201605": "14.15",
        "201606": "14.29",
        "201607": "15.56",
        "201608": "16.70",
        "201609": "16.17",
        "201610": "17.02",
        "201611": "15.77",
        "201612": "15.74",
        "201701": "16.62",
        "201702": "17.45",
        "201703": "20.98",
        "201704": "21.27",
        "201705": "20.94",
        "201706": "19.48",
        "201707": "18.75",
        "201708": "18.52",
        "201709": "17.22",
        "201710": "16.39",
        "201711": "16.10",
        "201712": "15.98",
        "201801": "17.01",
        "201802": "15.14",
        "201803": "14.97",
        "201804": "14.28",
        "201805": "16.22",
        "201806": "17.62",
        "201807": "18.31",
        "201808": "18.12",
        "201809": "17.20",
        "201810": "17.02",
        "201811": "16.77",
        "201812": "17.42",
        "201901": "17.16",
        "201902": "18.42",
        "201903": "19.71",
        "201904": "20.14",
        "201905": "18.06",
        "201906": "17.55",
        "201907": "17.75",
        "201908": "17.76",
        "201909": "17.86",
        "201910": "16.48",
        "201911": "16.88",
        "201912": "17.23",
        "202001": "17.03",
        "202002": "15.62",
        "202003": "13.26",
        "202004": "13.75",
        "202005": "14.29",
        "202006": "15.05",
        "202007": "14.96",
        "202008": "14.05",
        "202009": "13.72",
        "202010": "13.44",
        "202011": "13.41",
        "202012": "14.73",
        "202101": "15.72",
        "202102": "15.03",
        "202103": "15.47",
        "202104": "18.53",
        "202105": "16.15",
        "202106": "18.23",
        "202107": "20.01",
        "202108": "20.82",
        "202109": "22.21",
        "202110": "19.04",
        "202111": "21.05",
        "202112": "21.44",
        "202201": "20.64",
        "202202": "19.86",
        "202203": "19.61",
        "202204": "19.36",
        "202205": "18.37",
        "202206": "17.85",
        "202207": "15.55",
        "202208": "15.72",
        "202209": "14.90",
        "202210": "13.95",
        "202211": "15.52",
        "202212": "17.11",
        "202301": "17.06",
        "202302": "17.69",
        "202303": "18.74",
        "202304": "19.61",
        "202305": "19.65"
    },
    "quarters": {
        "20011": {
            "year_quarter": 20011,
            "year": 2001,
            "quarter": 1,
            "eps": null,
            "eps_growth_year": null,
            "eps_4q": null,
            "eps_4q_growth_year": null,
            "roe": null,
            "roe_4q": 0,
            "gross_profit": null,
            "gross_margin": null,
            "gross_margin_4q_avg": 0,
            "net_income": null,
            "revenue": null,
            "common_shares": null,
            "book_valuer_per_share": null,
            "book_valuer_per_share_4q_avg": 0,
            "equity": null,
            "current_ratio": null,
            "debt_ratio": null,
            "inventory_turnover_ratio": null,
            "account_receivable_turnover_ratio": null,
            "reinvestment_rate": null,
            "research_to_sale_ratio": null,
            "price_fair": 0,
            "eps_avg_yearly": 0,
            "eps_latest_yearly": 0,
            "eps_growth_yearly": 0
        },
        "20012": {
            "year_quarter": 20012,
            "year": 2001,
            "quarter": 2,
            "eps": null,
            "eps_growth_year": null,
            "eps_4q": null,
            "eps_4q_growth_year": null,
            "roe": null,
            "roe_4q": 0,
            "gross_profit": null,
            "gross_margin": null,
            "gross_margin_4q_avg": 0,
            "net_income": null,
            "revenue": null,
            "common_shares": null,
            "book_valuer_per_share": null,
            "book_valuer_per_share_4q_avg": 0,
            "equity": null,
            "current_ratio": null,
            "debt_ratio": null,
            "inventory_turnover_ratio": null,
            "account_receivable_turnover_ratio": null,
            "reinvestment_rate": null,
            "research_to_sale_ratio": null,
            "price_fair": 0,
            "eps_avg_yearly": 0,
            "eps_latest_yearly": 0,
            "eps_growth_yearly": 0
        },
        "20013": {
            "year_quarter": 20013,
            "year": 2001,
            "quarter": 3,
            "eps": null,
            "eps_growth_year": null,
            "eps_4q": null,
            "eps_4q_growth_year": null,
            "roe": null,
            "roe_4q": 0,
            "gross_profit": null,
            "gross_margin": null,
            "gross_margin_4q_avg": 0,
            "net_income": null,
            "revenue": null,
            "common_shares": null,
            "book_valuer_per_share": null,
            "book_valuer_per_share_4q_avg": 0,
            "equity": null,
            "current_ratio": null,
            "debt_ratio": null,
            "inventory_turnover_ratio": null,
            "account_receivable_turnover_ratio": null,
            "reinvestment_rate": null,
            "research_to_sale_ratio": null,
            "price_fair": 0,
            "eps_avg_yearly": 0,
            "eps_latest_yearly": 0,
            "eps_growth_yearly": 0
        },
        "20014": {
            "year_quarter": 20014,
            "year": 2001,
            "quarter": 4,
            "eps": null,
            "eps_growth_year": null,
            "eps_4q": null,
            "eps_4q_growth_year": null,
            "roe": null,
            "roe_4q": 0,
            "gross_profit": null,
            "gross_margin": null,
            "gross_margin_4q_avg": 0,
            "net_income": null,
            "revenue": null,
            "common_shares": 362280,
            "book_valuer_per_share": 12.88,
            "book_valuer_per_share_4q_avg": 3.22,
            "equity": 466782,
            "current_ratio": 409.85,
            "debt_ratio": 17.37,
            "inventory_turnover_ratio": null,
            "account_receivable_turnover_ratio": null,
            "reinvestment_rate": null,
            "research_to_sale_ratio": null,
            "price_fair": 0,
            "eps_avg_yearly": 0,
            "eps_latest_yearly": 0,
            "eps_growth_yearly": 0
        },
        "20021": {
            "year_quarter": 20021,
            "year": 2002,
            "quarter": 1,
            "eps": null,
            "eps_growth_year": null,
            "eps_4q": null,
            "eps_4q_growth_year": null,
            "roe": null,
            "roe_4q": 0,
            "gross_profit": null,
            "gross_margin": null,
            "gross_margin_4q_avg": 0,
            "net_income": null,
            "revenue": null,
            "common_shares": null,
            "book_valuer_per_share": null,
            "book_valuer_per_share_4q_avg": 3.22,
            "equity": null,
            "current_ratio": null,
            "debt_ratio": null,
            "inventory_turnover_ratio": null,
            "account_receivable_turnover_ratio": null,
            "reinvestment_rate": null,
            "research_to_sale_ratio": null,
            "price_fair": 0,
            "eps_avg_yearly": 0,
            "eps_latest_yearly": 0,
            "eps_growth_yearly": 0
        },
        "20022": {
            "year_quarter": 20022,
            "year": 2002,
            "quarter": 2,
            "eps": null,
            "eps_growth_year": null,
            "eps_4q": null,
            "eps_4q_growth_year": null,
            "roe": null,
            "roe_4q": 0,
            "gross_profit": null,
            "gross_margin": null,
            "gross_margin_4q_avg": 0,
            "net_income": null,
            "revenue": null,
            "common_shares": null,
            "book_valuer_per_share": null,
            "book_valuer_per_share_4q_avg": 3.22,
            "equity": null,
            "current_ratio": null,
            "debt_ratio": null,
            "inventory_turnover_ratio": null,
            "account_receivable_turnover_ratio": null,
            "reinvestment_rate": null,
            "research_to_sale_ratio": null,
            "price_fair": 0,
            "eps_avg_yearly": 0,
            "eps_latest_yearly": 0,
            "eps_growth_yearly": 0
        },
        "20023": {
            "year_quarter": 20023,
            "year": 2002,
            "quarter": 3,
            "eps": null,
            "eps_growth_year": null,
            "eps_4q": null,
            "eps_4q_growth_year": null,
            "roe": null,
            "roe_4q": 0,
            "gross_profit": null,
            "gross_margin": null,
            "gross_margin_4q_avg": 0,
            "net_income": null,
            "revenue": null,
            "common_shares": null,
            "book_valuer_per_share": null,
            "book_valuer_per_share_4q_avg": 3.22,
            "equity": null,
            "current_ratio": null,
            "debt_ratio": null,
            "inventory_turnover_ratio": null,
            "account_receivable_turnover_ratio": null,
            "reinvestment_rate": null,
            "research_to_sale_ratio": null,
            "price_fair": 0,
            "eps_avg_yearly": 0,
            "eps_latest_yearly": 0,
            "eps_growth_yearly": 0
        },
        "20024": {
            "year_quarter": 20024,
            "year": 2002,
            "quarter": 4,
            "eps": null,
            "eps_growth_year": null,
            "eps_4q": null,
            "eps_4q_growth_year": null,
            "roe": null,
            "roe_4q": 0,
            "gross_profit": null,
            "gross_margin": null,
            "gross_margin_4q_avg": 0,
            "net_income": null,
            "revenue": null,
            "common_shares": 402280,
            "book_valuer_per_share": 13.85,
            "book_valuer_per_share_4q_avg": 3.46,
            "equity": 557235,
            "current_ratio": 575.58,
            "debt_ratio": 15.88,
            "inventory_turnover_ratio": null,
            "account_receivable_turnover_ratio": null,
            "reinvestment_rate": null,
            "research_to_sale_ratio": null,
            "price_fair": 0,
            "eps_avg_yearly": 0,
            "eps_latest_yearly": 0,
            "eps_growth_yearly": 0
        },
        "20031": {
            "year_quarter": 20031,
            "year": 2003,
            "quarter": 1,
            "eps": null,
            "eps_growth_year": null,
            "eps_4q": null,
            "eps_4q_growth_year": null,
            "roe": null,
            "roe_4q": 0,
            "gross_profit": null,
            "gross_margin": null,
            "gross_margin_4q_avg": 0,
            "net_income": null,
            "revenue": null,
            "common_shares": null,
            "book_valuer_per_share": null,
            "book_valuer_per_share_4q_avg": 3.46,
            "equity": null,
            "current_ratio": null,
            "debt_ratio": null,
            "inventory_turnover_ratio": null,
            "account_receivable_turnover_ratio": null,
            "reinvestment_rate": null,
            "research_to_sale_ratio": null,
            "price_fair": 0,
            "eps_avg_yearly": 0,
            "eps_latest_yearly": 0,
            "eps_growth_yearly": 0
        },
        "20032": {
            "year_quarter": 20032,
            "year": 2003,
            "quarter": 2,
            "eps": null,
            "eps_growth_year": null,
            "eps_4q": null,
            "eps_4q_growth_year": null,
            "roe": null,
            "roe_4q": 0,
            "gross_profit": null,
            "gross_margin": null,
            "gross_margin_4q_avg": 0,
            "net_income": null,
            "revenue": null,
            "common_shares": null,
            "book_valuer_per_share": null,
            "book_valuer_per_share_4q_avg": 3.46,
            "equity": null,
            "current_ratio": null,
            "debt_ratio": null,
            "inventory_turnover_ratio": null,
            "account_receivable_turnover_ratio": null,
            "reinvestment_rate": null,
            "research_to_sale_ratio": null,
            "price_fair": 0,
            "eps_avg_yearly": 0,
            "eps_latest_yearly": 0,
            "eps_growth_yearly": 0
        },
        "20033": {
            "year_quarter": 20033,
            "year": 2003,
            "quarter": 3,
            "eps": null,
            "eps_growth_year": null,
            "eps_4q": null,
            "eps_4q_growth_year": null,
            "roe": null,
            "roe_4q": 0,
            "gross_profit": null,
            "gross_margin": null,
            "gross_margin_4q_avg": 0,
            "net_income": null,
            "revenue": null,
            "common_shares": null,
            "book_valuer_per_share": null,
            "book_valuer_per_share_4q_avg": 3.46,
            "equity": null,
            "current_ratio": null,
            "debt_ratio": null,
            "inventory_turnover_ratio": null,
            "account_receivable_turnover_ratio": null,
            "reinvestment_rate": null,
            "research_to_sale_ratio": null,
            "price_fair": 0,
            "eps_avg_yearly": 0,
            "eps_latest_yearly": 0,
            "eps_growth_yearly": 0
        },
        "20034": {
            "year_quarter": 20034,
            "year": 2003,
            "quarter": 4,
            "eps": null,
            "eps_growth_year": null,
            "eps_4q": null,
            "eps_4q_growth_year": null,
            "roe": null,
            "roe_4q": 0,
            "gross_profit": null,
            "gross_margin": null,
            "gross_margin_4q_avg": 0,
            "net_income": null,
            "revenue": null,
            "common_shares": 436326,
            "book_valuer_per_share": 15.83,
            "book_valuer_per_share_4q_avg": 3.96,
            "equity": 690765,
            "current_ratio": 395.22,
            "debt_ratio": 23.36,
            "inventory_turnover_ratio": null,
            "account_receivable_turnover_ratio": null,
            "reinvestment_rate": null,
            "research_to_sale_ratio": null,
            "price_fair": 0,
            "eps_avg_yearly": 0,
            "eps_latest_yearly": 0,
            "eps_growth_yearly": 0
        },
        "20041": {
            "year_quarter": 20041,
            "year": 2004,
            "quarter": 1,
            "eps": null,
            "eps_growth_year": null,
            "eps_4q": null,
            "eps_4q_growth_year": null,
            "roe": null,
            "roe_4q": 0,
            "gross_profit": null,
            "gross_margin": null,
            "gross_margin_4q_avg": 0,
            "net_income": null,
            "revenue": null,
            "common_shares": null,
            "book_valuer_per_share": null,
            "book_valuer_per_share_4q_avg": 3.96,
            "equity": null,
            "current_ratio": null,
            "debt_ratio": null,
            "inventory_turnover_ratio": null,
            "account_receivable_turnover_ratio": null,
            "reinvestment_rate": null,
            "research_to_sale_ratio": null,
            "price_fair": 0,
            "eps_avg_yearly": 0,
            "eps_latest_yearly": 0,
            "eps_growth_yearly": 0
        },
        "20042": {
            "year_quarter": 20042,
            "year": 2004,
            "quarter": 2,
            "eps": null,
            "eps_growth_year": null,
            "eps_4q": null,
            "eps_4q_growth_year": null,
            "roe": null,
            "roe_4q": 0,
            "gross_profit": null,
            "gross_margin": null,
            "gross_margin_4q_avg": 0,
            "net_income": null,
            "revenue": null,
            "common_shares": null,
            "book_valuer_per_share": null,
            "book_valuer_per_share_4q_avg": 3.96,
            "equity": null,
            "current_ratio": null,
            "debt_ratio": null,
            "inventory_turnover_ratio": null,
            "account_receivable_turnover_ratio": null,
            "reinvestment_rate": null,
            "research_to_sale_ratio": null,
            "price_fair": 0,
            "eps_avg_yearly": 0,
            "eps_latest_yearly": 0,
            "eps_growth_yearly": 0
        },
        "20043": {
            "year_quarter": 20043,
            "year": 2004,
            "quarter": 3,
            "eps": 0.8,
            "eps_growth_year": null,
            "eps_4q": null,
            "eps_4q_growth_year": null,
            "roe": 5.34,
            "roe_4q": 5.34,
            "gross_profit": 171435,
            "gross_margin": 44.35,
            "gross_margin_4q_avg": 11.09,
            "net_income": 44703,
            "revenue": 386550,
            "common_shares": 576553,
            "book_valuer_per_share": 14.52,
            "book_valuer_per_share_4q_avg": 7.59,
            "equity": 837253,
            "current_ratio": 203.75,
            "debt_ratio": 50.66,
            "inventory_turnover_ratio": 0.5,
            "account_receivable_turnover_ratio": null,
            "reinvestment_rate": null,
            "research_to_sale_ratio": null,
            "price_fair": 0,
            "eps_avg_yearly": 0,
            "eps_latest_yearly": 0,
            "eps_growth_yearly": 0
        },
        "20044": {
            "year_quarter": 20044,
            "year": 2004,
            "quarter": 4,
            "eps": 2.41,
            "eps_growth_year": null,
            "eps_4q": null,
            "eps_4q_growth_year": null,
            "roe": 14.82,
            "roe_4q": 20.16,
            "gross_profit": 278970,
            "gross_margin": 45.12,
            "gross_margin_4q_avg": 22.37,
            "net_income": 139184,
            "revenue": 618282,
            "common_shares": 576553,
            "book_valuer_per_share": 18.05,
            "book_valuer_per_share_4q_avg": 8.14,
            "equity": 1040950,
            "current_ratio": 244.44,
            "debt_ratio": 43.34,
            "inventory_turnover_ratio": 0.78,
            "account_receivable_turnover_ratio": null,
            "reinvestment_rate": null,
            "research_to_sale_ratio": null,
            "price_fair": 337.4,
            "eps_avg_yearly": 9.64,
            "eps_latest_yearly": 9.64,
            "eps_growth_yearly": 805
        },
        "20051": {
            "year_quarter": 20051,
            "year": 2005,
            "quarter": 1,
            "eps": null,
            "eps_growth_year": null,
            "eps_4q": null,
            "eps_4q_growth_year": null,
            "roe": null,
            "roe_4q": 20.16,
            "gross_profit": null,
            "gross_margin": null,
            "gross_margin_4q_avg": 22.37,
            "net_income": null,
            "revenue": null,
            "common_shares": null,
            "book_valuer_per_share": null,
            "book_valuer_per_share_4q_avg": 8.14,
            "equity": null,
            "current_ratio": null,
            "debt_ratio": null,
            "inventory_turnover_ratio": null,
            "account_receivable_turnover_ratio": null,
            "reinvestment_rate": null,
            "research_to_sale_ratio": null,
            "price_fair": 337.4,
            "eps_avg_yearly": 9.64,
            "eps_latest_yearly": 9.64,
            "eps_growth_yearly": 805
        },
        "20052": {
            "year_quarter": 20052,
            "year": 2005,
            "quarter": 2,
            "eps": null,
            "eps_growth_year": null,
            "eps_4q": null,
            "eps_4q_growth_year": null,
            "roe": null,
            "roe_4q": 20.16,
            "gross_profit": null,
            "gross_margin": null,
            "gross_margin_4q_avg": 22.37,
            "net_income": null,
            "revenue": null,
            "common_shares": null,
            "book_valuer_per_share": null,
            "book_valuer_per_share_4q_avg": 8.14,
            "equity": null,
            "current_ratio": null,
            "debt_ratio": null,
            "inventory_turnover_ratio": null,
            "account_receivable_turnover_ratio": null,
            "reinvestment_rate": null,
            "research_to_sale_ratio": null,
            "price_fair": 337.4,
            "eps_avg_yearly": 9.64,
            "eps_latest_yearly": 9.64,
            "eps_growth_yearly": 805
        },
        "20053": {
            "year_quarter": 20053,
            "year": 2005,
            "quarter": 3,
            "eps": 1.92,
            "eps_growth_year": 140,
            "eps_4q": null,
            "eps_4q_growth_year": null,
            "roe": 12.23,
            "roe_4q": 27.05,
            "gross_profit": 304352,
            "gross_margin": 39.43,
            "gross_margin_4q_avg": 21.14,
            "net_income": 156711,
            "revenue": 771900,
            "common_shares": 815246,
            "book_valuer_per_share": 15.72,
            "book_valuer_per_share_4q_avg": 8.44,
            "equity": 1281214,
            "current_ratio": 270.55,
            "debt_ratio": 41.64,
            "inventory_turnover_ratio": 1.19,
            "account_receivable_turnover_ratio": null,
            "reinvestment_rate": null,
            "research_to_sale_ratio": null,
            "price_fair": 337.4,
            "eps_avg_yearly": 9.64,
            "eps_latest_yearly": 9.64,
            "eps_growth_yearly": 805
        },
        "20054": {
            "year_quarter": 20054,
            "year": 2005,
            "quarter": 4,
            "eps": 0.67,
            "eps_growth_year": -72.2,
            "eps_4q": null,
            "eps_4q_growth_year": null,
            "roe": 4.2,
            "roe_4q": 16.43,
            "gross_profit": 145984,
            "gross_margin": 37.53,
            "gross_margin_4q_avg": 19.24,
            "net_income": 54995,
            "revenue": 389009,
            "common_shares": 815246,
            "book_valuer_per_share": 16.39,
            "book_valuer_per_share_4q_avg": 8.03,
            "equity": 1336209,
            "current_ratio": 299.76,
            "debt_ratio": 38.23,
            "inventory_turnover_ratio": 0.53,
            "account_receivable_turnover_ratio": null,
            "reinvestment_rate": null,
            "research_to_sale_ratio": null,
            "price_fair": 215.6,
            "eps_avg_yearly": 6.16,
            "eps_latest_yearly": 2.68,
            "eps_growth_yearly": 272.29
        },
        "20061": {
            "year_quarter": 20061,
            "year": 2006,
            "quarter": 1,
            "eps": 0.67,
            "eps_growth_year": null,
            "eps_4q": null,
            "eps_4q_growth_year": null,
            "roe": 4.46,
            "roe_4q": 20.89,
            "gross_profit": 182979,
            "gross_margin": 38.16,
            "gross_margin_4q_avg": 28.78,
            "net_income": 65175,
            "revenue": 479565,
            "common_shares": 815247,
            "book_valuer_per_share": 19.42,
            "book_valuer_per_share_4q_avg": 12.88,
            "equity": 1583316,
            "current_ratio": 267.48,
            "debt_ratio": 40.14,
            "inventory_turnover_ratio": 0.49,
            "account_receivable_turnover_ratio": null,
            "reinvestment_rate": null,
            "research_to_sale_ratio": null,
            "price_fair": 175,
            "eps_avg_yearly": 5,
            "eps_latest_yearly": 2.68,
            "eps_growth_yearly": 181.53
        },
        "20062": {
            "year_quarter": 20062,
            "year": 2006,
            "quarter": 2,
            "eps": 2.06,
            "eps_growth_year": null,
            "eps_4q": 4.89,
            "eps_4q_growth_year": null,
            "roe": 12.7,
            "roe_4q": 33.59,
            "gross_profit": 373156,
            "gross_margin": 38.65,
            "gross_margin_4q_avg": 38.44,
            "net_income": 201245,
            "revenue": 965485,
            "common_shares": 978186,
            "book_valuer_per_share": 16.21,
            "book_valuer_per_share_4q_avg": 16.94,
            "equity": 1585816,
            "current_ratio": 189.84,
            "debt_ratio": 51.6,
            "inventory_turnover_ratio": 0.75,
            "account_receivable_turnover_ratio": null,
            "reinvestment_rate": null,
            "research_to_sale_ratio": null,
            "price_fair": 203.35,
            "eps_avg_yearly": 5.81,
            "eps_latest_yearly": 8.24,
            "eps_growth_yearly": 343.61
        },
        "20063": {
            "year_quarter": 20063,
            "year": 2006,
            "quarter": 3,
            "eps": 2.69,
            "eps_growth_year": 40.1,
            "eps_4q": 5.95,
            "eps_4q_growth_year": null,
            "roe": 11.95,
            "roe_4q": 33.31,
            "gross_profit": 438105,
            "gross_margin": 39.97,
            "gross_margin_4q_avg": 38.58,
            "net_income": 265005,
            "revenue": 1096063,
            "common_shares": 1113186,
            "book_valuer_per_share": 25.58,
            "book_valuer_per_share_4q_avg": 19.4,
            "equity": 2847588,
            "current_ratio": 353.34,
            "debt_ratio": 30.68,
            "inventory_turnover_ratio": 0.72,
            "account_receivable_turnover_ratio": null,
            "reinvestment_rate": null,
            "research_to_sale_ratio": null,
            "price_fair": 238,
            "eps_avg_yearly": 6.8,
            "eps_latest_yearly": 10.76,
            "eps_growth_yearly": 299.35
        },
        "20064": {
            "year_quarter": 20064,
            "year": 2006,
            "quarter": 4,
            "eps": 3.31,
            "eps_growth_year": 394.03,
            "eps_4q": 8.55,
            "eps_4q_growth_year": null,
            "roe": 11.16,
            "roe_4q": 40.27,
            "gross_profit": 531138,
            "gross_margin": 39.92,
            "gross_margin_4q_avg": 39.18,
            "net_income": 335979,
            "revenue": 1330671,
            "common_shares": 1119166,
            "book_valuer_per_share": 28.34,
            "book_valuer_per_share_4q_avg": 22.39,
            "equity": 3172080,
            "current_ratio": 449.93,
            "debt_ratio": 25.65,
            "inventory_turnover_ratio": 0.95,
            "account_receivable_turnover_ratio": null,
            "reinvestment_rate": null,
            "research_to_sale_ratio": null,
            "price_fair": 275.57,
            "eps_avg_yearly": 7.87,
            "eps_latest_yearly": 13.24,
            "eps_growth_yearly": 264.83
        },
        "20071": {
            "year_quarter": 20071,
            "year": 2007,
            "quarter": 1,
            "eps": -0.37,
            "eps_growth_year": -155.22,
            "eps_4q": 6.85,
            "eps_4q_growth_year": null,
            "roe": -1.3,
            "roe_4q": 34.51,
            "gross_profit": 90353,
            "gross_margin": 41.81,
            "gross_margin_4q_avg": 40.09,
            "net_income": -41116,
            "revenue": 216099,
            "common_shares": 1125021,
            "book_valuer_per_share": 27.96,
            "book_valuer_per_share_4q_avg": 24.52,
            "equity": 3146064,
            "current_ratio": 479.92,
            "debt_ratio": 24.37,
            "inventory_turnover_ratio": 0.13,
            "account_receivable_turnover_ratio": null,
            "reinvestment_rate": null,
            "research_to_sale_ratio": null,
            "price_fair": 275.57,
            "eps_avg_yearly": 7.87,
            "eps_latest_yearly": 13.24,
            "eps_growth_yearly": 264.83
        },
        "20072": {
            "year_quarter": 20072,
            "year": 2007,
            "quarter": 2,
            "eps": 0.07,
            "eps_growth_year": -96.6,
            "eps_4q": 4.88,
            "eps_4q_growth_year": -0.31,
            "roe": 0.29,
            "roe_4q": 22.1,
            "gross_profit": 206200,
            "gross_margin": 27.52,
            "gross_margin_4q_avg": 37.31,
            "net_income": 8149,
            "revenue": 749234,
            "common_shares": 1125346,
            "book_valuer_per_share": 22.4,
            "book_valuer_per_share_4q_avg": 26.07,
            "equity": 2521089,
            "current_ratio": 209.7,
            "debt_ratio": 44.61,
            "inventory_turnover_ratio": 0.42,
            "account_receivable_turnover_ratio": null,
            "reinvestment_rate": null,
            "research_to_sale_ratio": null,
            "price_fair": 275.57,
            "eps_avg_yearly": 7.87,
            "eps_latest_yearly": 13.24,
            "eps_growth_yearly": 264.83
        },
        "20073": {
            "year_quarter": 20073,
            "year": 2007,
            "quarter": 3,
            "eps": 1,
            "eps_growth_year": -62.83,
            "eps_4q": 3.49,
            "eps_4q_growth_year": -41.35,
            "roe": 4.71,
            "roe_4q": 14.86,
            "gross_profit": 283782,
            "gross_margin": 28.06,
            "gross_margin_4q_avg": 34.33,
            "net_income": 121636,
            "revenue": 1011303,
            "common_shares": 1222007,
            "book_valuer_per_share": 21.67,
            "book_valuer_per_share_4q_avg": 25.09,
            "equity": 2648682,
            "current_ratio": 258.45,
            "debt_ratio": 36.85,
            "inventory_turnover_ratio": 0.57,
            "account_receivable_turnover_ratio": null,
            "reinvestment_rate": null,
            "research_to_sale_ratio": null,
            "price_fair": 256.2,
            "eps_avg_yearly": 7.32,
            "eps_latest_yearly": 4,
            "eps_growth_yearly": 986.18
        },
        "20074": {
            "year_quarter": 20074,
            "year": 2007,
            "quarter": 4,
            "eps": 1.63,
            "eps_growth_year": -50.76,
            "eps_4q": 2.36,
            "eps_4q_growth_year": -72.42,
            "roe": 7.18,
            "roe_4q": 10.879999999999999,
            "gross_profit": 372476,
            "gross_margin": 38.43,
            "gross_margin_4q_avg": 33.96,
            "net_income": 198751,
            "revenue": 969344,
            "common_shares": 1222557,
            "book_valuer_per_share": 23.63,
            "book_valuer_per_share_4q_avg": 23.92,
            "equity": 2888360,
            "current_ratio": 258.67,
            "debt_ratio": 37.31,
            "inventory_turnover_ratio": 0.5,
            "account_receivable_turnover_ratio": null,
            "reinvestment_rate": null,
            "research_to_sale_ratio": null,
            "price_fair": 252.7,
            "eps_avg_yearly": 7.22,
            "eps_latest_yearly": 6.52,
            "eps_growth_yearly": 894.41
        },
        "20081": {
            "year_quarter": 20081,
            "year": 2008,
            "quarter": 1,
            "eps": 1.57,
            "eps_growth_year": null,
            "eps_4q": 4.25,
            "eps_4q_growth_year": -37.96,
            "roe": 6.49,
            "roe_4q": 18.669999999999998,
            "gross_profit": 411000,
            "gross_margin": 33.19,
            "gross_margin_4q_avg": 31.8,
            "net_income": 192519,
            "revenue": 1238439,
            "common_shares": 1225277,
            "book_valuer_per_share": 24.88,
            "book_valuer_per_share_4q_avg": 23.15,
            "equity": 3048788,
            "current_ratio": 255.89,
            "debt_ratio": 37.41,
            "inventory_turnover_ratio": 0.77,
            "account_receivable_turnover_ratio": null,
            "reinvestment_rate": null,
            "research_to_sale_ratio": null,
            "price_fair": 249.04,
            "eps_avg_yearly": 7.12,
            "eps_latest_yearly": 6.28,
            "eps_growth_yearly": 793.39
        },
        "20082": {
            "year_quarter": 20082,
            "year": 2008,
            "quarter": 2,
            "eps": 0.43,
            "eps_growth_year": 514.29,
            "eps_4q": 4.59,
            "eps_4q_growth_year": -5.84,
            "roe": 1.77,
            "roe_4q": 20.15,
            "gross_profit": 253640,
            "gross_margin": 26.95,
            "gross_margin_4q_avg": 31.66,
            "net_income": 52959,
            "revenue": 941262,
            "common_shares": 1225362,
            "book_valuer_per_share": 24.06,
            "book_valuer_per_share_4q_avg": 23.56,
            "equity": 2947737,
            "current_ratio": 235.31,
            "debt_ratio": 39.37,
            "inventory_turnover_ratio": 0.68,
            "account_receivable_turnover_ratio": null,
            "reinvestment_rate": null,
            "research_to_sale_ratio": null,
            "price_fair": 230.16,
            "eps_avg_yearly": 6.58,
            "eps_latest_yearly": 1.72,
            "eps_growth_yearly": 685.01
        },
        "20083": {
            "year_quarter": 20083,
            "year": 2008,
            "quarter": 3,
            "eps": 0.94,
            "eps_growth_year": -6,
            "eps_4q": 4.44,
            "eps_4q_growth_year": 27.18,
            "roe": 4.02,
            "roe_4q": 19.46,
            "gross_profit": 233002,
            "gross_margin": 27.14,
            "gross_margin_4q_avg": 31.43,
            "net_income": 119303,
            "revenue": 858444,
            "common_shares": 1271960,
            "book_valuer_per_share": 23.54,
            "book_valuer_per_share_4q_avg": 24.03,
            "equity": 2993845,
            "current_ratio": 209.28,
            "debt_ratio": 44.4,
            "inventory_turnover_ratio": 0.57,
            "account_receivable_turnover_ratio": null,
            "reinvestment_rate": null,
            "research_to_sale_ratio": null,
            "price_fair": 221.2,
            "eps_avg_yearly": 6.32,
            "eps_latest_yearly": 3.76,
            "eps_growth_yearly": 665.86
        },
        "20084": {
            "year_quarter": 20084,
            "year": 2008,
            "quarter": 4,
            "eps": -0.11,
            "eps_growth_year": -106.75,
            "eps_4q": 2.76,
            "eps_4q_growth_year": 17.09,
            "roe": -0.48,
            "roe_4q": 11.8,
            "gross_profit": 99618,
            "gross_margin": 16.53,
            "gross_margin_4q_avg": 25.95,
            "net_income": -14235,
            "revenue": 602515,
            "common_shares": 1271975,
            "book_valuer_per_share": 22.96,
            "book_valuer_per_share_4q_avg": 23.86,
            "equity": 2921060,
            "current_ratio": 199.37,
            "debt_ratio": 46.78,
            "inventory_turnover_ratio": 0.44,
            "account_receivable_turnover_ratio": 0.47,
            "reinvestment_rate": null,
            "research_to_sale_ratio": null,
            "price_fair": 209.58,
            "eps_avg_yearly": 5.99,
            "eps_latest_yearly": 3.76,
            "eps_growth_yearly": 651.95
        },
        "20091": {
            "year_quarter": 20091,
            "year": 2009,
            "quarter": 1,
            "eps": 0.02,
            "eps_growth_year": -98.73,
            "eps_4q": 1.46,
            "eps_4q_growth_year": -65.64,
            "roe": 0.07,
            "roe_4q": 5.379999999999999,
            "gross_profit": 84167,
            "gross_margin": 33.55,
            "gross_margin_4q_avg": 26.04,
            "net_income": 2195,
            "revenue": 250880,
            "common_shares": 1272585,
            "book_valuer_per_share": 23.14,
            "book_valuer_per_share_4q_avg": 23.43,
            "equity": 2944409,
            "current_ratio": 209.05,
            "debt_ratio": 44.08,
            "inventory_turnover_ratio": 0.15,
            "account_receivable_turnover_ratio": 0.1,
            "reinvestment_rate": null,
            "research_to_sale_ratio": null,
            "price_fair": 209.58,
            "eps_avg_yearly": 5.99,
            "eps_latest_yearly": 3.76,
            "eps_growth_yearly": 651.95
        },
        "20092": {
            "year_quarter": 20092,
            "year": 2009,
            "quarter": 2,
            "eps": -1.3,
            "eps_growth_year": -402.33,
            "eps_4q": -0.49,
            "eps_4q_growth_year": -110.58,
            "roe": -5.9,
            "roe_4q": -2.290000000000001,
            "gross_profit": 4626,
            "gross_margin": 2.51,
            "gross_margin_4q_avg": 19.93,
            "net_income": -169164,
            "revenue": 184560,
            "common_shares": 1273025,
            "book_valuer_per_share": 21.91,
            "book_valuer_per_share_4q_avg": 22.89,
            "equity": 2789506,
            "current_ratio": 199.01,
            "debt_ratio": 44.47,
            "inventory_turnover_ratio": 0.17,
            "account_receivable_turnover_ratio": 0.08,
            "reinvestment_rate": 57.48,
            "research_to_sale_ratio": null,
            "price_fair": 209.58,
            "eps_avg_yearly": 5.99,
            "eps_latest_yearly": 3.76,
            "eps_growth_yearly": 651.95
        },
        "20093": {
            "year_quarter": 20093,
            "year": 2009,
            "quarter": 3,
            "eps": -1.02,
            "eps_growth_year": -208.51,
            "eps_4q": -2.39,
            "eps_4q_growth_year": -153.92,
            "roe": -4.89,
            "roe_4q": -11.2,
            "gross_profit": -6186,
            "gross_margin": -3.49,
            "gross_margin_4q_avg": 12.28,
            "net_income": -133108,
            "revenue": 177304,
            "common_shares": 1312928,
            "book_valuer_per_share": 20.2,
            "book_valuer_per_share_4q_avg": 22.05,
            "equity": 2652672,
            "current_ratio": 235.57,
            "debt_ratio": 37.71,
            "inventory_turnover_ratio": 0.18,
            "account_receivable_turnover_ratio": 0.09,
            "reinvestment_rate": 35.58,
            "research_to_sale_ratio": null,
            "price_fair": 209.58,
            "eps_avg_yearly": 5.99,
            "eps_latest_yearly": 3.76,
            "eps_growth_yearly": 651.95
        },
        "20094": {
            "year_quarter": 20094,
            "year": 2009,
            "quarter": 4,
            "eps": -4.32,
            "eps_growth_year": null,
            "eps_4q": -6.56,
            "eps_4q_growth_year": -337.77,
            "roe": -23.59,
            "roe_4q": -34.31,
            "gross_profit": -106705,
            "gross_margin": -61.55,
            "gross_margin_4q_avg": -7.25,
            "net_income": -563740,
            "revenue": 173363,
            "common_shares": 1313599,
            "book_valuer_per_share": 16.19,
            "book_valuer_per_share_4q_avg": 20.36,
            "equity": 2127323,
            "current_ratio": 265.14,
            "debt_ratio": 40.66,
            "inventory_turnover_ratio": 0.3,
            "account_receivable_turnover_ratio": 0.22,
            "reinvestment_rate": -2.41,
            "research_to_sale_ratio": null,
            "price_fair": 222.44,
            "eps_avg_yearly": 6.36,
            "eps_latest_yearly": 3.76,
            "eps_growth_yearly": 753.32
        },
        "20101": {
            "year_quarter": 20101,
            "year": 2010,
            "quarter": 1,
            "eps": 0.52,
            "eps_growth_year": 2500,
            "eps_4q": -6.04,
            "eps_4q_growth_year": -514.07,
            "roe": 3.21,
            "roe_4q": -31.17,
            "gross_profit": 80391,
            "gross_margin": 21.22,
            "gross_margin_4q_avg": -10.33,
            "net_income": 68422,
            "revenue": 378808,
            "common_shares": 1319273,
            "book_valuer_per_share": 16.15,
            "book_valuer_per_share_4q_avg": 18.61,
            "equity": 2130873,
            "current_ratio": 323.28,
            "debt_ratio": 34,
            "inventory_turnover_ratio": 0.37,
            "account_receivable_turnover_ratio": 0.25,
            "reinvestment_rate": 9.13,
            "research_to_sale_ratio": 8.47,
            "price_fair": 238.53,
            "eps_avg_yearly": 6.82,
            "eps_latest_yearly": 3.76,
            "eps_growth_yearly": 847.49
        },
        "20102": {
            "year_quarter": 20102,
            "year": 2010,
            "quarter": 2,
            "eps": 0.79,
            "eps_growth_year": null,
            "eps_4q": -3.97,
            "eps_4q_growth_year": null,
            "roe": 4.85,
            "roe_4q": -20.42,
            "gross_profit": 210071,
            "gross_margin": 38.37,
            "gross_margin_4q_avg": -1.36,
            "net_income": 104836,
            "revenue": 547547,
            "common_shares": 1319834,
            "book_valuer_per_share": 16.62,
            "book_valuer_per_share_4q_avg": 17.29,
            "equity": 2192912,
            "current_ratio": 295.02,
            "debt_ratio": 32.63,
            "inventory_turnover_ratio": 0.48,
            "account_receivable_turnover_ratio": 0.37,
            "reinvestment_rate": 2.19,
            "research_to_sale_ratio": 7.13,
            "price_fair": 216.3,
            "eps_avg_yearly": 6.18,
            "eps_latest_yearly": 3.16,
            "eps_growth_yearly": 769.72
        },
        "20103": {
            "year_quarter": 20103,
            "year": 2010,
            "quarter": 3,
            "eps": -0.18,
            "eps_growth_year": null,
            "eps_4q": -3.14,
            "eps_4q_growth_year": null,
            "roe": -1.1,
            "roe_4q": -16.630000000000003,
            "gross_profit": 66390,
            "gross_margin": 15.56,
            "gross_margin_4q_avg": 3.4,
            "net_income": -24083,
            "revenue": 426587,
            "common_shares": 1320198,
            "book_valuer_per_share": 16.64,
            "book_valuer_per_share_4q_avg": 16.4,
            "equity": 2196546,
            "current_ratio": 291.44,
            "debt_ratio": 32.95,
            "inventory_turnover_ratio": 0.49,
            "account_receivable_turnover_ratio": 0.3,
            "reinvestment_rate": -20.13,
            "research_to_sale_ratio": 7.66,
            "price_fair": 193.4,
            "eps_avg_yearly": 5.53,
            "eps_latest_yearly": 3.16,
            "eps_growth_yearly": 862.2
        },
        "20104": {
            "year_quarter": 20104,
            "year": 2010,
            "quarter": 4,
            "eps": -0.32,
            "eps_growth_year": null,
            "eps_4q": 0.81,
            "eps_4q_growth_year": null,
            "roe": -1.92,
            "roe_4q": 5.039999999999999,
            "gross_profit": 70230,
            "gross_margin": 10.58,
            "gross_margin_4q_avg": 21.43,
            "net_income": -41689,
            "revenue": 664044,
            "common_shares": 1321129,
            "book_valuer_per_share": 16.23,
            "book_valuer_per_share_4q_avg": 16.41,
            "equity": 2144715,
            "current_ratio": 252.37,
            "debt_ratio": 38.8,
            "inventory_turnover_ratio": 0.76,
            "account_receivable_turnover_ratio": 0.48,
            "reinvestment_rate": null,
            "research_to_sale_ratio": 4.6,
            "price_fair": 148.4,
            "eps_avg_yearly": 4.24,
            "eps_latest_yearly": 3.16,
            "eps_growth_yearly": 990.54
        },
        "20111": {
            "year_quarter": 20111,
            "year": 2011,
            "quarter": 1,
            "eps": 0.39,
            "eps_growth_year": -25,
            "eps_4q": 0.68,
            "eps_4q_growth_year": null,
            "roe": 2.38,
            "roe_4q": 4.209999999999999,
            "gross_profit": 153097,
            "gross_margin": 19.17,
            "gross_margin_4q_avg": 20.92,
            "net_income": 51301,
            "revenue": 798700,
            "common_shares": 1321129,
            "book_valuer_per_share": 16.4,
            "book_valuer_per_share_4q_avg": 16.47,
            "equity": 2166612,
            "current_ratio": 264.55,
            "debt_ratio": 36.97,
            "inventory_turnover_ratio": 0.93,
            "account_receivable_turnover_ratio": 0.55,
            "reinvestment_rate": null,
            "research_to_sale_ratio": 4.24,
            "price_fair": 148.4,
            "eps_avg_yearly": 4.24,
            "eps_latest_yearly": 3.16,
            "eps_growth_yearly": 990.54
        },
        "20112": {
            "year_quarter": 20112,
            "year": 2011,
            "quarter": 2,
            "eps": 0.13,
            "eps_growth_year": -83.93,
            "eps_4q": 0.02,
            "eps_4q_growth_year": null,
            "roe": 0.77,
            "roe_4q": 0.1299999999999999,
            "gross_profit": 129309,
            "gross_margin": 13.16,
            "gross_margin_4q_avg": 14.62,
            "net_income": 16859,
            "revenue": 982686,
            "common_shares": 1321129,
            "book_valuer_per_share": 15.84,
            "book_valuer_per_share_4q_avg": 16.28,
            "equity": 2226267,
            "current_ratio": 168.79,
            "debt_ratio": 54.94,
            "inventory_turnover_ratio": 0.96,
            "account_receivable_turnover_ratio": 0.52,
            "reinvestment_rate": null,
            "research_to_sale_ratio": 4.11,
            "price_fair": 129.8,
            "eps_avg_yearly": 3.71,
            "eps_latest_yearly": 0.52,
            "eps_growth_yearly": 810.94
        },
        "20113": {
            "year_quarter": 20113,
            "year": 2011,
            "quarter": 3,
            "eps": -0.11,
            "eps_growth_year": null,
            "eps_4q": 0.09,
            "eps_4q_growth_year": null,
            "roe": -0.32,
            "roe_4q": 0.9100000000000001,
            "gross_profit": 41051,
            "gross_margin": 6.1,
            "gross_margin_4q_avg": 12.25,
            "net_income": -7027,
            "revenue": 672923,
            "common_shares": 1321129,
            "book_valuer_per_share": 15.57,
            "book_valuer_per_share_4q_avg": 16.01,
            "equity": 2198050,
            "current_ratio": 168.61,
            "debt_ratio": 54.88,
            "inventory_turnover_ratio": 0.53,
            "account_receivable_turnover_ratio": 0.3,
            "reinvestment_rate": null,
            "research_to_sale_ratio": 5.14,
            "price_fair": 128.1,
            "eps_avg_yearly": 3.66,
            "eps_latest_yearly": 0.52,
            "eps_growth_yearly": 60.38
        },
        "20114": {
            "year_quarter": 20114,
            "year": 2011,
            "quarter": 4,
            "eps": -0.59,
            "eps_growth_year": null,
            "eps_4q": -0.18,
            "eps_4q_growth_year": -122.68,
            "roe": -3.62,
            "roe_4q": -0.79,
            "gross_profit": -5787,
            "gross_margin": -1.62,
            "gross_margin_4q_avg": 9.2,
            "net_income": -78209,
            "revenue": 357382,
            "common_shares": 1321129,
            "book_valuer_per_share": 14.98,
            "book_valuer_per_share_4q_avg": 15.7,
            "equity": 2120024,
            "current_ratio": 176.69,
            "debt_ratio": 52.88,
            "inventory_turnover_ratio": 0.31,
            "account_receivable_turnover_ratio": 0.17,
            "reinvestment_rate": null,
            "research_to_sale_ratio": 0.36,
            "price_fair": 98.99,
            "eps_avg_yearly": 3.09,
            "eps_latest_yearly": 0.52,
            "eps_growth_yearly": 22.05
        },
        "20121": {
            "year_quarter": 20121,
            "year": 2012,
            "quarter": 1,
            "eps": -0.71,
            "eps_growth_year": -282.05,
            "eps_4q": -1.29,
            "eps_4q_growth_year": -288.26,
            "roe": -4.55,
            "roe_4q": -7.720000000000001,
            "gross_profit": -41981,
            "gross_margin": -16.07,
            "gross_margin_4q_avg": 0.39,
            "net_income": -94404,
            "revenue": 261237,
            "common_shares": 1321129,
            "book_valuer_per_share": 14.29,
            "book_valuer_per_share_4q_avg": 15.17,
            "equity": 2029369,
            "current_ratio": 159.3,
            "debt_ratio": 58.21,
            "inventory_turnover_ratio": 0.28,
            "account_receivable_turnover_ratio": 0.13,
            "reinvestment_rate": null,
            "research_to_sale_ratio": 4.69,
            "price_fair": 80.15,
            "eps_avg_yearly": 2.29,
            "eps_latest_yearly": 0.52,
            "eps_growth_yearly": 31.25
        },
        "20122": {
            "year_quarter": 20122,
            "year": 2012,
            "quarter": 2,
            "eps": -0.41,
            "eps_growth_year": -421.45,
            "eps_4q": -1.83,
            "eps_4q_growth_year": -10199.75,
            "roe": -2.32,
            "roe_4q": -10.809999999999999,
            "gross_profit": 6937,
            "gross_margin": 1.73,
            "gross_margin_4q_avg": -2.47,
            "net_income": -46437,
            "revenue": 400448,
            "common_shares": 1321129,
            "book_valuer_per_share": 13.85,
            "book_valuer_per_share_4q_avg": 14.67,
            "equity": 1972901,
            "current_ratio": 158.36,
            "debt_ratio": 58.51,
            "inventory_turnover_ratio": 0.36,
            "account_receivable_turnover_ratio": 0.21,
            "reinvestment_rate": null,
            "research_to_sale_ratio": 3.76,
            "price_fair": 86.8,
            "eps_avg_yearly": 2.48,
            "eps_latest_yearly": 0.52,
            "eps_growth_yearly": 138.48
        },
        "20123": {
            "year_quarter": 20123,
            "year": 2012,
            "quarter": 3,
            "eps": 0.13,
            "eps_growth_year": null,
            "eps_4q": -1.59,
            "eps_4q_growth_year": -1936.49,
            "roe": 1.43,
            "roe_4q": -9.059999999999999,
            "gross_profit": 131891,
            "gross_margin": 24.71,
            "gross_margin_4q_avg": 2.19,
            "net_income": 28308,
            "revenue": 533839,
            "common_shares": 1321129,
            "book_valuer_per_share": 13.93,
            "book_valuer_per_share_4q_avg": 14.26,
            "equity": 1999759,
            "current_ratio": 169.24,
            "debt_ratio": 54.49,
            "inventory_turnover_ratio": 0.34,
            "account_receivable_turnover_ratio": 0.28,
            "reinvestment_rate": null,
            "research_to_sale_ratio": 0.28,
            "price_fair": 5.52,
            "eps_avg_yearly": 1.84,
            "eps_latest_yearly": 0.52,
            "eps_growth_yearly": -29.49
        },
        "20124": {
            "year_quarter": 20124,
            "year": 2012,
            "quarter": 4,
            "eps": -1.95,
            "eps_growth_year": null,
            "eps_4q": -2.95,
            "eps_4q_growth_year": null,
            "roe": -13.01,
            "roe_4q": -18.45,
            "gross_profit": -44498,
            "gross_margin": -6.22,
            "gross_margin_4q_avg": 1.04,
            "net_income": -251760,
            "revenue": 715400,
            "common_shares": 1321129,
            "book_valuer_per_share": 12.91,
            "book_valuer_per_share_4q_avg": 13.75,
            "equity": 1869371,
            "current_ratio": 161.68,
            "debt_ratio": 56.98,
            "inventory_turnover_ratio": 0.7,
            "account_receivable_turnover_ratio": 0.38,
            "reinvestment_rate": null,
            "research_to_sale_ratio": 1.69,
            "price_fair": 5.52,
            "eps_avg_yearly": 1.84,
            "eps_latest_yearly": 0.52,
            "eps_growth_yearly": -29.49
        },
        "20131": {
            "year_quarter": 20131,
            "year": 2013,
            "quarter": 1,
            "eps": 0.2,
            "eps_growth_year": null,
            "eps_4q": -2.03,
            "eps_4q_growth_year": null,
            "roe": 2.01,
            "roe_4q": -11.89,
            "gross_profit": 106611,
            "gross_margin": 15.66,
            "gross_margin_4q_avg": 8.97,
            "net_income": 37957,
            "revenue": 680751,
            "common_shares": 1321129,
            "book_valuer_per_share": 13.12,
            "book_valuer_per_share_4q_avg": 13.45,
            "equity": 1909802,
            "current_ratio": 161.85,
            "debt_ratio": 55.57,
            "inventory_turnover_ratio": 0.55,
            "account_receivable_turnover_ratio": 0.37,
            "reinvestment_rate": null,
            "research_to_sale_ratio": 1.91,
            "price_fair": 5.52,
            "eps_avg_yearly": 1.84,
            "eps_latest_yearly": 0.52,
            "eps_growth_yearly": -29.49
        },
        "20132": {
            "year_quarter": 20132,
            "year": 2013,
            "quarter": 2,
            "eps": 0.18,
            "eps_growth_year": null,
            "eps_4q": -1.44,
            "eps_4q_growth_year": null,
            "roe": 1.55,
            "roe_4q": -8.02,
            "gross_profit": 110012,
            "gross_margin": 15.14,
            "gross_margin_4q_avg": 12.32,
            "net_income": 29676,
            "revenue": 726782,
            "common_shares": 1321129,
            "book_valuer_per_share": 13.23,
            "book_valuer_per_share_4q_avg": 13.3,
            "equity": 1912007,
            "current_ratio": 155.51,
            "debt_ratio": 58.33,
            "inventory_turnover_ratio": 0.51,
            "account_receivable_turnover_ratio": 0.39,
            "reinvestment_rate": null,
            "research_to_sale_ratio": 0.63,
            "price_fair": 4.4,
            "eps_avg_yearly": 1.47,
            "eps_latest_yearly": 0.72,
            "eps_growth_yearly": -32.99
        },
        "20133": {
            "year_quarter": 20133,
            "year": 2013,
            "quarter": 3,
            "eps": 0.51,
            "eps_growth_year": 304.48,
            "eps_4q": -1.05,
            "eps_4q_growth_year": null,
            "roe": 4.05,
            "roe_4q": -5.4,
            "gross_profit": 202822,
            "gross_margin": 25.1,
            "gross_margin_4q_avg": 12.42,
            "net_income": 79081,
            "revenue": 808089,
            "common_shares": 1321129,
            "book_valuer_per_share": 13.73,
            "book_valuer_per_share_4q_avg": 13.25,
            "equity": 1988637,
            "current_ratio": 163.48,
            "debt_ratio": 55.53,
            "inventory_turnover_ratio": 0.44,
            "account_receivable_turnover_ratio": 0.43,
            "reinvestment_rate": null,
            "research_to_sale_ratio": 1.28,
            "price_fair": 56.35,
            "eps_avg_yearly": 1.61,
            "eps_latest_yearly": 2.04,
            "eps_growth_yearly": 158.59
        },
        "20134": {
            "year_quarter": 20134,
            "year": 2013,
            "quarter": 4,
            "eps": 0.26,
            "eps_growth_year": null,
            "eps_4q": 1.15,
            "eps_4q_growth_year": null,
            "roe": 2.16,
            "roe_4q": 9.77,
            "gross_profit": 141790,
            "gross_margin": 16.38,
            "gross_margin_4q_avg": 18.07,
            "net_income": 43309,
            "revenue": 865600,
            "common_shares": 1321129,
            "book_valuer_per_share": 13.93,
            "book_valuer_per_share_4q_avg": 13.5,
            "equity": 2024453,
            "current_ratio": 176.6,
            "debt_ratio": 51.36,
            "inventory_turnover_ratio": 0.52,
            "account_receivable_turnover_ratio": 0.52,
            "reinvestment_rate": null,
            "research_to_sale_ratio": 1.63,
            "price_fair": 52.36,
            "eps_avg_yearly": 1.5,
            "eps_latest_yearly": 1.04,
            "eps_growth_yearly": 87.66
        },
        "20141": {
            "year_quarter": 20141,
            "year": 2014,
            "quarter": 1,
            "eps": 0.43,
            "eps_growth_year": 115,
            "eps_4q": 1.38,
            "eps_4q_growth_year": null,
            "roe": 3.3,
            "roe_4q": 11.06,
            "gross_profit": 138704,
            "gross_margin": 17.97,
            "gross_margin_4q_avg": 18.65,
            "net_income": 68022,
            "revenue": 772012,
            "common_shares": 1321129,
            "book_valuer_per_share": 14.35,
            "book_valuer_per_share_4q_avg": 13.81,
            "equity": 2093538,
            "current_ratio": 177.39,
            "debt_ratio": 51.44,
            "inventory_turnover_ratio": 0.48,
            "account_receivable_turnover_ratio": 0.49,
            "reinvestment_rate": null,
            "research_to_sale_ratio": 1.67,
            "price_fair": 53.67,
            "eps_avg_yearly": 1.53,
            "eps_latest_yearly": 1.72,
            "eps_growth_yearly": 116.64
        },
        "20142": {
            "year_quarter": 20142,
            "year": 2014,
            "quarter": 2,
            "eps": 0.57,
            "eps_growth_year": 216.67,
            "eps_4q": 1.77,
            "eps_4q_growth_year": null,
            "roe": 3.78,
            "roe_4q": 13.29,
            "gross_profit": 198894,
            "gross_margin": 17.94,
            "gross_margin_4q_avg": 19.35,
            "net_income": 78199,
            "revenue": 1108967,
            "common_shares": 1321129,
            "book_valuer_per_share": 14.09,
            "book_valuer_per_share_4q_avg": 14.03,
            "equity": 2040973,
            "current_ratio": 160.07,
            "debt_ratio": 58.42,
            "inventory_turnover_ratio": 0.76,
            "account_receivable_turnover_ratio": 0.62,
            "reinvestment_rate": null,
            "research_to_sale_ratio": 1.16,
            "price_fair": 48.53,
            "eps_avg_yearly": 1.39,
            "eps_latest_yearly": 2.28,
            "eps_growth_yearly": 103.73
        },
        "20143": {
            "year_quarter": 20143,
            "year": 2014,
            "quarter": 3,
            "eps": 0.83,
            "eps_growth_year": 62.75,
            "eps_4q": 2.07,
            "eps_4q_growth_year": null,
            "roe": 5.45,
            "roe_4q": 14.690000000000001,
            "gross_profit": 217023,
            "gross_margin": 22.55,
            "gross_margin_4q_avg": 18.71,
            "net_income": 114529,
            "revenue": 962253,
            "common_shares": 1331813,
            "book_valuer_per_share": 14.84,
            "book_valuer_per_share_4q_avg": 14.3,
            "equity": 2160663,
            "current_ratio": 167.97,
            "debt_ratio": 55.94,
            "inventory_turnover_ratio": 0.69,
            "account_receivable_turnover_ratio": 0.49,
            "reinvestment_rate": null,
            "research_to_sale_ratio": 1.34,
            "price_fair": 58.2,
            "eps_avg_yearly": 1.66,
            "eps_latest_yearly": 3.32,
            "eps_growth_yearly": 114.97
        },
        "20144": {
            "year_quarter": 20144,
            "year": 2014,
            "quarter": 4,
            "eps": 0.49,
            "eps_growth_year": 89.1,
            "eps_4q": 2.3,
            "eps_4q_growth_year": 99.27,
            "roe": 3.35,
            "roe_4q": 15.879999999999999,
            "gross_profit": 126616,
            "gross_margin": 14.64,
            "gross_margin_4q_avg": 18.28,
            "net_income": 73706,
            "revenue": 865047,
            "common_shares": 1333563,
            "book_valuer_per_share": 15.36,
            "book_valuer_per_share_4q_avg": 14.66,
            "equity": 2241119,
            "current_ratio": 173.72,
            "debt_ratio": 54.22,
            "inventory_turnover_ratio": 0.67,
            "account_receivable_turnover_ratio": 0.44,
            "reinvestment_rate": 824.83,
            "research_to_sale_ratio": 3.82,
            "price_fair": 59.5,
            "eps_avg_yearly": 1.7,
            "eps_latest_yearly": 1.96,
            "eps_growth_yearly": 80.12
        },
        "20151": {
            "year_quarter": 20151,
            "year": 2015,
            "quarter": 1,
            "eps": 0.08,
            "eps_growth_year": -81.4,
            "eps_4q": 1.95,
            "eps_4q_growth_year": 40.94,
            "roe": 0.58,
            "roe_4q": 13.16,
            "gross_profit": 111183,
            "gross_margin": 13.6,
            "gross_margin_4q_avg": 17.18,
            "net_income": 13005,
            "revenue": 817502,
            "common_shares": 1334078,
            "book_valuer_per_share": 15.44,
            "book_valuer_per_share_4q_avg": 14.93,
            "equity": 2251174,
            "current_ratio": 170.72,
            "debt_ratio": 53.53,
            "inventory_turnover_ratio": 0.66,
            "account_receivable_turnover_ratio": 0.44,
            "reinvestment_rate": 8530.87,
            "research_to_sale_ratio": 3.32,
            "price_fair": 54.13,
            "eps_avg_yearly": 1.55,
            "eps_latest_yearly": 0.32,
            "eps_growth_yearly": 34.03
        },
        "20152": {
            "year_quarter": 20152,
            "year": 2015,
            "quarter": 2,
            "eps": 0.1,
            "eps_growth_year": -82.46,
            "eps_4q": 1.49,
            "eps_4q_growth_year": -15.9,
            "roe": 0.35,
            "roe_4q": 9.73,
            "gross_profit": 141928,
            "gross_margin": 21.78,
            "gross_margin_4q_avg": 18.14,
            "net_income": 7682,
            "revenue": 651760,
            "common_shares": 1334318,
            "book_valuer_per_share": 14.54,
            "book_valuer_per_share_4q_avg": 15.05,
            "equity": 2108665,
            "current_ratio": 163.68,
            "debt_ratio": 54.47,
            "inventory_turnover_ratio": 0.5,
            "account_receivable_turnover_ratio": 0.39,
            "reinvestment_rate": -22748.2,
            "research_to_sale_ratio": 6.75,
            "price_fair": 53.67,
            "eps_avg_yearly": 1.53,
            "eps_latest_yearly": 0.4,
            "eps_growth_yearly": 74.77
        },
        "20153": {
            "year_quarter": 20153,
            "year": 2015,
            "quarter": 3,
            "eps": 0.12,
            "eps_growth_year": -85.54,
            "eps_4q": 0.78,
            "eps_4q_growth_year": -62.09,
            "roe": 0.94,
            "roe_4q": 5.220000000000001,
            "gross_profit": 131314,
            "gross_margin": 17.73,
            "gross_margin_4q_avg": 16.94,
            "net_income": 19777,
            "revenue": 740838,
            "common_shares": 1335958,
            "book_valuer_per_share": 14.53,
            "book_valuer_per_share_4q_avg": 14.97,
            "equity": 2113532,
            "current_ratio": 153.32,
            "debt_ratio": 57.97,
            "inventory_turnover_ratio": 0.54,
            "account_receivable_turnover_ratio": 0.48,
            "reinvestment_rate": -358.73,
            "research_to_sale_ratio": 5.48,
            "price_fair": 49.98,
            "eps_avg_yearly": 1.43,
            "eps_latest_yearly": 0.48,
            "eps_growth_yearly": 75.29
        },
        "20154": {
            "year_quarter": 20154,
            "year": 2015,
            "quarter": 4,
            "eps": 0.18,
            "eps_growth_year": -64.1,
            "eps_4q": 0.47,
            "eps_4q_growth_year": -79.49,
            "roe": 1.19,
            "roe_4q": 3.06,
            "gross_profit": 155405,
            "gross_margin": 18.47,
            "gross_margin_4q_avg": 17.9,
            "net_income": 25256,
            "revenue": 841438,
            "common_shares": 1337198,
            "book_valuer_per_share": 14.62,
            "book_valuer_per_share_4q_avg": 14.78,
            "equity": 2125205,
            "current_ratio": 156.59,
            "debt_ratio": 56.65,
            "inventory_turnover_ratio": 0.54,
            "account_receivable_turnover_ratio": 0.57,
            "reinvestment_rate": -52.95,
            "research_to_sale_ratio": 4.68,
            "price_fair": 47.73,
            "eps_avg_yearly": 1.36,
            "eps_latest_yearly": 0.72,
            "eps_growth_yearly": 86.63
        },
        "20161": {
            "year_quarter": 20161,
            "year": 2016,
            "quarter": 1,
            "eps": -0.13,
            "eps_growth_year": -262.5,
            "eps_4q": 0.26,
            "eps_4q_growth_year": -86.52,
            "roe": -0.86,
            "roe_4q": 1.62,
            "gross_profit": 129840,
            "gross_margin": 16.74,
            "gross_margin_4q_avg": 18.68,
            "net_income": -18235,
            "revenue": 775394,
            "common_shares": 1338548,
            "book_valuer_per_share": 14.51,
            "book_valuer_per_share_4q_avg": 14.55,
            "equity": 2113379,
            "current_ratio": 154.6,
            "debt_ratio": 56.66,
            "inventory_turnover_ratio": 0.48,
            "account_receivable_turnover_ratio": 0.58,
            "reinvestment_rate": 33.26,
            "research_to_sale_ratio": 3.4,
            "price_fair": 47.73,
            "eps_avg_yearly": 1.36,
            "eps_latest_yearly": 0.72,
            "eps_growth_yearly": 86.63
        },
        "20162": {
            "year_quarter": 20162,
            "year": 2016,
            "quarter": 2,
            "eps": 0.03,
            "eps_growth_year": -70,
            "eps_4q": 0.2,
            "eps_4q_growth_year": -86.71,
            "roe": 0.27,
            "roe_4q": 1.54,
            "gross_profit": 157102,
            "gross_margin": 20.36,
            "gross_margin_4q_avg": 18.33,
            "net_income": 5696,
            "revenue": 771788,
            "common_shares": 1339103,
            "book_valuer_per_share": 14.03,
            "book_valuer_per_share_4q_avg": 14.42,
            "equity": 2054231,
            "current_ratio": 140.93,
            "debt_ratio": 61.91,
            "inventory_turnover_ratio": 0.39,
            "account_receivable_turnover_ratio": 0.65,
            "reinvestment_rate": 19.12,
            "research_to_sale_ratio": 3.62,
            "price_fair": 47.73,
            "eps_avg_yearly": 1.36,
            "eps_latest_yearly": 0.72,
            "eps_growth_yearly": 86.63
        },
        "20163": {
            "year_quarter": 20163,
            "year": 2016,
            "quarter": 3,
            "eps": 0.41,
            "eps_growth_year": 241.67,
            "eps_4q": 0.44,
            "eps_4q_growth_year": -43.77,
            "roe": 2.84,
            "roe_4q": 3.44,
            "gross_profit": 258984,
            "gross_margin": 19.12,
            "gross_margin_4q_avg": 18.67,
            "net_income": 65009,
            "revenue": 1354817,
            "common_shares": 1643533,
            "book_valuer_per_share": 14.25,
            "book_valuer_per_share_4q_avg": 14.35,
            "equity": 2519567,
            "current_ratio": 143.99,
            "debt_ratio": 62.39,
            "inventory_turnover_ratio": 0.56,
            "account_receivable_turnover_ratio": 1.05,
            "reinvestment_rate": 186.06,
            "research_to_sale_ratio": 2.22,
            "price_fair": 48.53,
            "eps_avg_yearly": 1.39,
            "eps_latest_yearly": 1.64,
            "eps_growth_yearly": 501.63
        },
        "20164": {
            "year_quarter": 20164,
            "year": 2016,
            "quarter": 4,
            "eps": 0.61,
            "eps_growth_year": 246.34,
            "eps_4q": 0.91,
            "eps_4q_growth_year": 92.11,
            "roe": 4.09,
            "roe_4q": 6.339999999999999,
            "gross_profit": 215490,
            "gross_margin": 16.25,
            "gross_margin_4q_avg": 18.12,
            "net_income": 105380,
            "revenue": 1325727,
            "common_shares": 1644758,
            "book_valuer_per_share": 14.94,
            "book_valuer_per_share_4q_avg": 14.43,
            "equity": 2627429,
            "current_ratio": 161.71,
            "debt_ratio": 55.61,
            "inventory_turnover_ratio": 0.54,
            "account_receivable_turnover_ratio": 0.88,
            "reinvestment_rate": 90.08,
            "research_to_sale_ratio": 1.76,
            "price_fair": 51.37,
            "eps_avg_yearly": 1.47,
            "eps_latest_yearly": 2.44,
            "eps_growth_yearly": 478.06
        },
        "20171": {
            "year_quarter": 20171,
            "year": 2017,
            "quarter": 1,
            "eps": 0.11,
            "eps_growth_year": null,
            "eps_4q": 1.12,
            "eps_4q_growth_year": 327.66,
            "roe": 0.69,
            "roe_4q": 7.889999999999999,
            "gross_profit": 271209,
            "gross_margin": 19.49,
            "gross_margin_4q_avg": 18.81,
            "net_income": 18305,
            "revenue": 1391646,
            "common_shares": 1645428,
            "book_valuer_per_share": 15.05,
            "book_valuer_per_share_4q_avg": 14.57,
            "equity": 2644699,
            "current_ratio": 170.69,
            "debt_ratio": 52.66,
            "inventory_turnover_ratio": 0.63,
            "account_receivable_turnover_ratio": 0.85,
            "reinvestment_rate": 89.26,
            "research_to_sale_ratio": 2.79,
            "price_fair": 48.8,
            "eps_avg_yearly": 1.39,
            "eps_latest_yearly": 0.44,
            "eps_growth_yearly": 420.49
        },
        "20172": {
            "year_quarter": 20172,
            "year": 2017,
            "quarter": 2,
            "eps": -0.06,
            "eps_growth_year": -300,
            "eps_4q": 1.04,
            "eps_4q_growth_year": 423.97,
            "roe": -0.25,
            "roe_4q": 7.369999999999999,
            "gross_profit": 124719,
            "gross_margin": 12.09,
            "gross_margin_4q_avg": 16.74,
            "net_income": -6394,
            "revenue": 1031531,
            "common_shares": 1646648,
            "book_valuer_per_share": 14.15,
            "book_valuer_per_share_4q_avg": 14.6,
            "equity": 2497414,
            "current_ratio": 145.2,
            "debt_ratio": 60.44,
            "inventory_turnover_ratio": 0.54,
            "account_receivable_turnover_ratio": 0.61,
            "reinvestment_rate": 109.64,
            "research_to_sale_ratio": 2.6,
            "price_fair": 50.62,
            "eps_avg_yearly": 1.45,
            "eps_latest_yearly": 0.44,
            "eps_growth_yearly": 455.91
        },
        "20173": {
            "year_quarter": 20173,
            "year": 2017,
            "quarter": 3,
            "eps": -0.06,
            "eps_growth_year": -114.63,
            "eps_4q": 0.6,
            "eps_4q_growth_year": 36.02,
            "roe": -0.25,
            "roe_4q": 4.279999999999999,
            "gross_profit": 107292,
            "gross_margin": 15.45,
            "gross_margin_4q_avg": 15.82,
            "net_income": -6338,
            "revenue": 694300,
            "common_shares": 1648178,
            "book_valuer_per_share": 14.08,
            "book_valuer_per_share_4q_avg": 14.56,
            "equity": 2490707,
            "current_ratio": 130.44,
            "debt_ratio": 68.64,
            "inventory_turnover_ratio": 0.26,
            "account_receivable_turnover_ratio": 0.43,
            "reinvestment_rate": 126.31,
            "research_to_sale_ratio": 2.96,
            "price_fair": 48.88,
            "eps_avg_yearly": 1.4,
            "eps_latest_yearly": 0.44,
            "eps_growth_yearly": 432.79
        },
        "20174": {
            "year_quarter": 20174,
            "year": 2017,
            "quarter": 4,
            "eps": 0.01,
            "eps_growth_year": -97.71,
            "eps_4q": 0.01,
            "eps_4q_growth_year": -99.21,
            "roe": 0.54,
            "roe_4q": 0.73,
            "gross_profit": 201506,
            "gross_margin": 19.35,
            "gross_margin_4q_avg": 16.6,
            "net_income": 13392,
            "revenue": 1041607,
            "common_shares": 1648178,
            "book_valuer_per_share": 14.08,
            "book_valuer_per_share_4q_avg": 14.34,
            "equity": 2500466,
            "current_ratio": 123.81,
            "debt_ratio": 73.64,
            "inventory_turnover_ratio": 0.26,
            "account_receivable_turnover_ratio": 0.68,
            "reinvestment_rate": 132.2,
            "research_to_sale_ratio": 1.62,
            "price_fair": 50.02,
            "eps_avg_yearly": 1.43,
            "eps_latest_yearly": 0.44,
            "eps_growth_yearly": 489.96
        },
        "20181": {
            "year_quarter": 20181,
            "year": 2018,
            "quarter": 1,
            "eps": 0.37,
            "eps_growth_year": 236.36,
            "eps_4q": 0.27,
            "eps_4q_growth_year": -76.02,
            "roe": 2.59,
            "roe_4q": 2.63,
            "gross_profit": 269076,
            "gross_margin": 21.85,
            "gross_margin_4q_avg": 17.19,
            "net_income": 65742,
            "revenue": 1231687,
            "common_shares": 1648178,
            "book_valuer_per_share": 14.47,
            "book_valuer_per_share_4q_avg": 14.2,
            "equity": 2569569,
            "current_ratio": 124.42,
            "debt_ratio": 73.12,
            "inventory_turnover_ratio": 0.25,
            "account_receivable_turnover_ratio": 0.82,
            "reinvestment_rate": 132.66,
            "research_to_sale_ratio": 2.97,
            "price_fair": 49.25,
            "eps_avg_yearly": 1.41,
            "eps_latest_yearly": 1.48,
            "eps_growth_yearly": 1775.28
        },
        "20182": {
            "year_quarter": 20182,
            "year": 2018,
            "quarter": 2,
            "eps": 0.52,
            "eps_growth_year": null,
            "eps_4q": 0.85,
            "eps_4q_growth_year": -17.63,
            "roe": 3.83,
            "roe_4q": 6.71,
            "gross_profit": 211113,
            "gross_margin": 12.75,
            "gross_margin_4q_avg": 17.35,
            "net_income": 99893,
            "revenue": 1655498,
            "common_shares": 1648178,
            "book_valuer_per_share": 14.99,
            "book_valuer_per_share_4q_avg": 14.41,
            "equity": 2644289,
            "current_ratio": 127.21,
            "debt_ratio": 71.74,
            "inventory_turnover_ratio": 0.36,
            "account_receivable_turnover_ratio": 1.06,
            "reinvestment_rate": 42.89,
            "research_to_sale_ratio": 1.71,
            "price_fair": 48.62,
            "eps_avg_yearly": 1.39,
            "eps_latest_yearly": 2.08,
            "eps_growth_yearly": 1778.18
        },
        "20183": {
            "year_quarter": 20183,
            "year": 2018,
            "quarter": 3,
            "eps": 0.5,
            "eps_growth_year": null,
            "eps_4q": 1.41,
            "eps_4q_growth_year": 135.48,
            "roe": 3.37,
            "roe_4q": 10.329999999999998,
            "gross_profit": 285191,
            "gross_margin": 15.02,
            "gross_margin_4q_avg": 17.24,
            "net_income": 90558,
            "revenue": 1898378,
            "common_shares": 1648178,
            "book_valuer_per_share": 15.45,
            "book_valuer_per_share_4q_avg": 14.75,
            "equity": 2728765,
            "current_ratio": 133.87,
            "debt_ratio": 67.84,
            "inventory_turnover_ratio": 0.43,
            "account_receivable_turnover_ratio": 1.11,
            "reinvestment_rate": 37.08,
            "research_to_sale_ratio": 1.48,
            "price_fair": 44.42,
            "eps_avg_yearly": 1.27,
            "eps_latest_yearly": 2,
            "eps_growth_yearly": 1760.2
        },
        "20184": {
            "year_quarter": 20184,
            "year": 2018,
            "quarter": 4,
            "eps": 0.91,
            "eps_growth_year": 6469.94,
            "eps_4q": 2.31,
            "eps_4q_growth_year": 32359.62,
            "roe": 5.92,
            "roe_4q": 15.709999999999999,
            "gross_profit": 364364,
            "gross_margin": 17.14,
            "gross_margin_4q_avg": 16.69,
            "net_income": 166038,
            "revenue": 2125933,
            "common_shares": 1648178,
            "book_valuer_per_share": 16.25,
            "book_valuer_per_share_4q_avg": 15.29,
            "equity": 2884938,
            "current_ratio": 140.28,
            "debt_ratio": 65.18,
            "inventory_turnover_ratio": 0.52,
            "account_receivable_turnover_ratio": 1.06,
            "reinvestment_rate": 25.25,
            "research_to_sale_ratio": 2.82,
            "price_fair": 49.76,
            "eps_avg_yearly": 1.42,
            "eps_latest_yearly": 3.64,
            "eps_growth_yearly": 1804.91
        },
        "20191": {
            "year_quarter": 20191,
            "year": 2019,
            "quarter": 1,
            "eps": 0.54,
            "eps_growth_year": 45.95,
            "eps_4q": 2.48,
            "eps_4q_growth_year": 818.43,
            "roe": 3.06,
            "roe_4q": 16.18,
            "gross_profit": 281583,
            "gross_margin": 17.02,
            "gross_margin_4q_avg": 15.48,
            "net_income": 90017,
            "revenue": 1654618,
            "common_shares": 1648178,
            "book_valuer_per_share": 16.9,
            "book_valuer_per_share_4q_avg": 15.9,
            "equity": 2994249,
            "current_ratio": 138.86,
            "debt_ratio": 67.31,
            "inventory_turnover_ratio": 0.44,
            "account_receivable_turnover_ratio": 0.67,
            "reinvestment_rate": 18.19,
            "research_to_sale_ratio": 3.34,
            "price_fair": 55.62,
            "eps_avg_yearly": 1.59,
            "eps_latest_yearly": 2.16,
            "eps_growth_yearly": 1820.55
        },
        "20192": {
            "year_quarter": 20192,
            "year": 2019,
            "quarter": 2,
            "eps": 0.51,
            "eps_growth_year": -1.92,
            "eps_4q": 2.46,
            "eps_4q_growth_year": 188.3,
            "roe": 3.06,
            "roe_4q": 15.41,
            "gross_profit": 394732,
            "gross_margin": 25.83,
            "gross_margin_4q_avg": 18.75,
            "net_income": 89833,
            "revenue": 1528394,
            "common_shares": 1648178,
            "book_valuer_per_share": 16.37,
            "book_valuer_per_share_4q_avg": 16.24,
            "equity": 2880180,
            "current_ratio": 136.44,
            "debt_ratio": 68.55,
            "inventory_turnover_ratio": 0.38,
            "account_receivable_turnover_ratio": 0.57,
            "reinvestment_rate": 22.75,
            "research_to_sale_ratio": 3.01,
            "price_fair": 60.84,
            "eps_avg_yearly": 1.74,
            "eps_latest_yearly": 2.04,
            "eps_growth_yearly": 1809.44
        },
        "20193": {
            "year_quarter": 20193,
            "year": 2019,
            "quarter": 3,
            "eps": 0.39,
            "eps_growth_year": -22,
            "eps_4q": 2.35,
            "eps_4q_growth_year": 66,
            "roe": 2.61,
            "roe_4q": 14.65,
            "gross_profit": 315269,
            "gross_margin": 22.18,
            "gross_margin_4q_avg": 20.54,
            "net_income": 76175,
            "revenue": 1421354,
            "common_shares": 1648178,
            "book_valuer_per_share": 16.69,
            "book_valuer_per_share_4q_avg": 16.55,
            "equity": 2946668,
            "current_ratio": 144.16,
            "debt_ratio": 64.62,
            "inventory_turnover_ratio": 0.41,
            "account_receivable_turnover_ratio": 0.56,
            "reinvestment_rate": 16.03,
            "research_to_sale_ratio": 3.35,
            "price_fair": 64.27,
            "eps_avg_yearly": 1.84,
            "eps_latest_yearly": 1.56,
            "eps_growth_yearly": 1793.61
        },
        "20194": {
            "year_quarter": 20194,
            "year": 2019,
            "quarter": 4,
            "eps": -0.13,
            "eps_growth_year": -114.69,
            "eps_4q": 1.3,
            "eps_4q_growth_year": -43.97,
            "roe": -0.23,
            "roe_4q": 8.5,
            "gross_profit": 294055,
            "gross_margin": 25,
            "gross_margin_4q_avg": 22.51,
            "net_income": -6710,
            "revenue": 1176198,
            "common_shares": 1648178,
            "book_valuer_per_share": 16.55,
            "book_valuer_per_share_4q_avg": 16.63,
            "equity": 2937926,
            "current_ratio": 141.76,
            "debt_ratio": 65.63,
            "inventory_turnover_ratio": 0.35,
            "account_receivable_turnover_ratio": 0.5,
            "reinvestment_rate": 12.77,
            "research_to_sale_ratio": 7.98,
            "price_fair": 68.18,
            "eps_avg_yearly": 1.95,
            "eps_latest_yearly": 1.56,
            "eps_growth_yearly": 1952.97
        },
        "20201": {
            "year_quarter": 20201,
            "year": 2020,
            "quarter": 1,
            "eps": 0.07,
            "eps_growth_year": -87.04,
            "eps_4q": 0.83,
            "eps_4q_growth_year": -66.61,
            "roe": 0.68,
            "roe_4q": 6.12,
            "gross_profit": 169062,
            "gross_margin": 27.99,
            "gross_margin_4q_avg": 25.25,
            "net_income": 20013,
            "revenue": 604109,
            "common_shares": 1648178,
            "book_valuer_per_share": 16.57,
            "book_valuer_per_share_4q_avg": 16.55,
            "equity": 2951094,
            "current_ratio": 141.77,
            "debt_ratio": 65.74,
            "inventory_turnover_ratio": 0.17,
            "account_receivable_turnover_ratio": 0.3,
            "reinvestment_rate": -11.96,
            "research_to_sale_ratio": 5.35,
            "price_fair": 68.18,
            "eps_avg_yearly": 1.95,
            "eps_latest_yearly": 1.56,
            "eps_growth_yearly": 1952.97
        },
        "20202": {
            "year_quarter": 20202,
            "year": 2020,
            "quarter": 2,
            "eps": -0.09,
            "eps_growth_year": -117.65,
            "eps_4q": 0.23,
            "eps_4q_growth_year": -90.69,
            "roe": -0.34,
            "roe_4q": 2.7199999999999998,
            "gross_profit": 235597,
            "gross_margin": 22.15,
            "gross_margin_4q_avg": 24.33,
            "net_income": -9817,
            "revenue": 1063692,
            "common_shares": 1648178,
            "book_valuer_per_share": 15.48,
            "book_valuer_per_share_4q_avg": 16.32,
            "equity": 2740518,
            "current_ratio": 138.7,
            "debt_ratio": 66.44,
            "inventory_turnover_ratio": 0.33,
            "account_receivable_turnover_ratio": 0.55,
            "reinvestment_rate": -12,
            "research_to_sale_ratio": 5.04,
            "price_fair": 68.18,
            "eps_avg_yearly": 1.95,
            "eps_latest_yearly": 1.56,
            "eps_growth_yearly": 1952.97
        },
        "20203": {
            "year_quarter": 20203,
            "year": 2020,
            "quarter": 3,
            "eps": -0.37,
            "eps_growth_year": -194.87,
            "eps_4q": -0.53,
            "eps_4q_growth_year": -122.4,
            "roe": -2.27,
            "roe_4q": -2.1599999999999997,
            "gross_profit": 146039,
            "gross_margin": 16.93,
            "gross_margin_4q_avg": 23.02,
            "net_income": -61578,
            "revenue": 862416,
            "common_shares": 1648178,
            "book_valuer_per_share": 15.14,
            "book_valuer_per_share_4q_avg": 15.94,
            "equity": 2682320,
            "current_ratio": 140.65,
            "debt_ratio": 66.09,
            "inventory_turnover_ratio": 0.29,
            "account_receivable_turnover_ratio": 0.43,
            "reinvestment_rate": -19.96,
            "research_to_sale_ratio": 6.51,
            "price_fair": 69.38,
            "eps_avg_yearly": 1.98,
            "eps_latest_yearly": 1.56,
            "eps_growth_yearly": 1607.01
        },
        "20204": {
            "year_quarter": 20204,
            "year": 2020,
            "quarter": 4,
            "eps": 0.61,
            "eps_growth_year": null,
            "eps_4q": 0.22,
            "eps_4q_growth_year": -82.98,
            "roe": 4.39,
            "roe_4q": 2.4599999999999995,
            "gross_profit": 279054,
            "gross_margin": 21.86,
            "gross_margin_4q_avg": 22.23,
            "net_income": 120571,
            "revenue": 1276662,
            "common_shares": 1648178,
            "book_valuer_per_share": 15.79,
            "book_valuer_per_share_4q_avg": 15.75,
            "equity": 2809912,
            "current_ratio": 154.35,
            "debt_ratio": 60.79,
            "inventory_turnover_ratio": 0.44,
            "account_receivable_turnover_ratio": 0.63,
            "reinvestment_rate": -26.61,
            "research_to_sale_ratio": 2.12,
            "price_fair": 67.38,
            "eps_avg_yearly": 1.93,
            "eps_latest_yearly": 1.56,
            "eps_growth_yearly": 1783.49
        },
        "20211": {
            "year_quarter": 20211,
            "year": 2021,
            "quarter": 1,
            "eps": 0.23,
            "eps_growth_year": 228.57,
            "eps_4q": 0.38,
            "eps_4q_growth_year": -53.46,
            "roe": 1.48,
            "roe_4q": 3.2599999999999993,
            "gross_profit": 171712,
            "gross_margin": 20.06,
            "gross_margin_4q_avg": 20.25,
            "net_income": 41896,
            "revenue": 855951,
            "common_shares": 1648178,
            "book_valuer_per_share": 16.02,
            "book_valuer_per_share_4q_avg": 15.61,
            "equity": 2851789,
            "current_ratio": 160.68,
            "debt_ratio": 58.53,
            "inventory_turnover_ratio": 0.32,
            "account_receivable_turnover_ratio": 0.46,
            "reinvestment_rate": -27.22,
            "research_to_sale_ratio": 8.35,
            "price_fair": 69.48,
            "eps_avg_yearly": 1.99,
            "eps_latest_yearly": 0.92,
            "eps_growth_yearly": 1793.33
        },
        "20212": {
            "year_quarter": 20212,
            "year": 2021,
            "quarter": 2,
            "eps": 0.65,
            "eps_growth_year": null,
            "eps_4q": 1.13,
            "eps_4q_growth_year": 392.71,
            "roe": 3.91,
            "roe_4q": 7.510000000000002,
            "gross_profit": 412438,
            "gross_margin": 29.67,
            "gross_margin_4q_avg": 22.13,
            "net_income": 113399,
            "revenue": 1390031,
            "common_shares": 1648178,
            "book_valuer_per_share": 16.67,
            "book_valuer_per_share_4q_avg": 15.91,
            "equity": 2942069,
            "current_ratio": 155.77,
            "debt_ratio": 60.46,
            "inventory_turnover_ratio": 0.46,
            "account_receivable_turnover_ratio": 0.89,
            "reinvestment_rate": -36.48,
            "research_to_sale_ratio": 3.55,
            "price_fair": 71.87,
            "eps_avg_yearly": 2.05,
            "eps_latest_yearly": 2.6,
            "eps_growth_yearly": 1675.23
        },
        "20213": {
            "year_quarter": 20213,
            "year": 2021,
            "quarter": 3,
            "eps": 0.48,
            "eps_growth_year": null,
            "eps_4q": 1.98,
            "eps_4q_growth_year": null,
            "roe": 2.94,
            "roe_4q": 12.719999999999999,
            "gross_profit": 291420,
            "gross_margin": 28.14,
            "gross_margin_4q_avg": 24.93,
            "net_income": 87203,
            "revenue": 1035606,
            "common_shares": 1648178,
            "book_valuer_per_share": 16.94,
            "book_valuer_per_share_4q_avg": 16.36,
            "equity": 2994480,
            "current_ratio": 159.24,
            "debt_ratio": 59.26,
            "inventory_turnover_ratio": 0.36,
            "account_receivable_turnover_ratio": 0.71,
            "reinvestment_rate": -34.05,
            "research_to_sale_ratio": 4.8,
            "price_fair": 71.4,
            "eps_avg_yearly": 2.04,
            "eps_latest_yearly": 1.92,
            "eps_growth_yearly": 1497.24
        },
        "20214": {
            "year_quarter": 20214,
            "year": 2021,
            "quarter": 4,
            "eps": 0.76,
            "eps_growth_year": 23.89,
            "eps_4q": 2.12,
            "eps_4q_growth_year": 861.16,
            "roe": 4.77,
            "roe_4q": 13.1,
            "gross_profit": 344393,
            "gross_margin": 27.54,
            "gross_margin_4q_avg": 26.35,
            "net_income": 146538,
            "revenue": 1250599,
            "common_shares": 1648178,
            "book_valuer_per_share": 17.72,
            "book_valuer_per_share_4q_avg": 16.84,
            "equity": 3144066,
            "current_ratio": 162.08,
            "debt_ratio": 58.92,
            "inventory_turnover_ratio": 0.41,
            "account_receivable_turnover_ratio": 0.96,
            "reinvestment_rate": -35.89,
            "research_to_sale_ratio": 3.14,
            "price_fair": 74.58,
            "eps_avg_yearly": 2.13,
            "eps_latest_yearly": 3.04,
            "eps_growth_yearly": 1382.34
        },
        "20221": {
            "year_quarter": 20221,
            "year": 2022,
            "quarter": 1,
            "eps": 0.59,
            "eps_growth_year": 156.52,
            "eps_4q": 2.48,
            "eps_4q_growth_year": 544.39,
            "roe": 3.36,
            "roe_4q": 14.979999999999999,
            "gross_profit": 225163,
            "gross_margin": 28.79,
            "gross_margin_4q_avg": 28.54,
            "net_income": 107626,
            "revenue": 782200,
            "common_shares": 1648178,
            "book_valuer_per_share": 18.33,
            "book_valuer_per_share_4q_avg": 17.42,
            "equity": 3256441,
            "current_ratio": 167.54,
            "debt_ratio": 56.84,
            "inventory_turnover_ratio": 0.23,
            "account_receivable_turnover_ratio": 0.68,
            "reinvestment_rate": -34.87,
            "research_to_sale_ratio": 5.6,
            "price_fair": 77.38,
            "eps_avg_yearly": 2.21,
            "eps_latest_yearly": 2.36,
            "eps_growth_yearly": 65.12
        },
        "20222": {
            "year_quarter": 20222,
            "year": 2022,
            "quarter": 2,
            "eps": 0.1,
            "eps_growth_year": -84.62,
            "eps_4q": 1.92,
            "eps_4q_growth_year": 70.38,
            "roe": 0.75,
            "roe_4q": 11.819999999999999,
            "gross_profit": 197281,
            "gross_margin": 22.59,
            "gross_margin_4q_avg": 26.77,
            "net_income": 23541,
            "revenue": 873133,
            "common_shares": 1648178,
            "book_valuer_per_share": 17.13,
            "book_valuer_per_share_4q_avg": 17.53,
            "equity": 3036162,
            "current_ratio": 155.19,
            "debt_ratio": 61.17,
            "inventory_turnover_ratio": 0.25,
            "account_receivable_turnover_ratio": 0.87,
            "reinvestment_rate": -37,
            "research_to_sale_ratio": 6.38,
            "price_fair": 62.11,
            "eps_avg_yearly": 2.06,
            "eps_latest_yearly": 0.4,
            "eps_growth_yearly": 20.18
        },
        "20223": {
            "year_quarter": 20223,
            "year": 2022,
            "quarter": 3,
            "eps": 0.84,
            "eps_growth_year": 75,
            "eps_4q": 2.28,
            "eps_4q_growth_year": 15.42,
            "roe": 4.95,
            "roe_4q": 13.83,
            "gross_profit": 229424,
            "gross_margin": 25.43,
            "gross_margin_4q_avg": 26.09,
            "net_income": 153982,
            "revenue": 902083,
            "common_shares": 1648178,
            "book_valuer_per_share": 17.97,
            "book_valuer_per_share_4q_avg": 17.79,
            "equity": 3185603,
            "current_ratio": 164.53,
            "debt_ratio": 58.58,
            "inventory_turnover_ratio": 0.23,
            "account_receivable_turnover_ratio": 0.98,
            "reinvestment_rate": -33.77,
            "research_to_sale_ratio": 5.84,
            "price_fair": 76.36,
            "eps_avg_yearly": 2.18,
            "eps_latest_yearly": 3.36,
            "eps_growth_yearly": 290.67
        },
        "20224": {
            "year_quarter": 20224,
            "year": 2022,
            "quarter": 4,
            "eps": 0.51,
            "eps_growth_year": -32.07,
            "eps_4q": 2.04,
            "eps_4q_growth_year": -3.99,
            "roe": 2.87,
            "roe_4q": 11.93,
            "gross_profit": 258935,
            "gross_margin": 19,
            "gross_margin_4q_avg": 23.95,
            "net_income": 92675,
            "revenue": 1363133,
            "common_shares": 1648178,
            "book_valuer_per_share": 18.47,
            "book_valuer_per_share_4q_avg": 17.98,
            "equity": 3275779,
            "current_ratio": 183.83,
            "debt_ratio": 52.86,
            "inventory_turnover_ratio": 0.4,
            "account_receivable_turnover_ratio": 1.5,
            "reinvestment_rate": -35.42,
            "research_to_sale_ratio": 2.56,
            "price_fair": 71.27,
            "eps_avg_yearly": 2.04,
            "eps_latest_yearly": 2.04,
            "eps_growth_yearly": 246.56
        },
        "20231": {
            "year_quarter": 20231,
            "year": 2023,
            "quarter": 1,
            "eps": 0.38,
            "eps_growth_year": -35.59,
            "eps_4q": 1.83,
            "eps_4q_growth_year": -26.15,
            "roe": 2.08,
            "roe_4q": 10.65,
            "gross_profit": 171575,
            "gross_margin": 20.66,
            "gross_margin_4q_avg": 21.92,
            "net_income": 69033,
            "revenue": 830344,
            "common_shares": 1648178,
            "book_valuer_per_share": 18.88,
            "book_valuer_per_share_4q_avg": 18.11,
            "equity": 3348472,
            "current_ratio": 193.07,
            "debt_ratio": 50.53,
            "inventory_turnover_ratio": 0.28,
            "account_receivable_turnover_ratio": 0.86,
            "reinvestment_rate": -35.5,
            "research_to_sale_ratio": 4.01,
            "price_fair": 69.24,
            "eps_avg_yearly": 1.98,
            "eps_latest_yearly": 1.52,
            "eps_growth_yearly": 252.08
        }
    },
    "months": {
        "2003-10": {
            "month": "2003-10",
            "price": "23.95",
            "revenue": 64644
        },
        "2003-11": {
            "month": "2003-11",
            "price": "28.37",
            "revenue": 62654
        },
        "2003-12": {
            "month": "2003-12",
            "price": "31.40",
            "revenue": 150088
        },
        "2004-01": {
            "month": "2004-01",
            "price": "37.62",
            "revenue": 104534
        },
        "2004-02": {
            "month": "2004-02",
            "price": "48.04",
            "revenue": 20331
        },
        "2004-03": {
            "month": "2004-03",
            "price": "57.14",
            "revenue": 43188
        },
        "2004-04": {
            "month": "2004-04",
            "price": "57.89",
            "revenue": 183729
        },
        "2004-05": {
            "month": "2004-05",
            "price": "52.50",
            "revenue": 73790
        },
        "2004-06": {
            "month": "2004-06",
            "price": "45.91",
            "revenue": 103448
        },
        "2004-07": {
            "month": "2004-07",
            "price": "38.56",
            "revenue": 118995
        },
        "2004-08": {
            "month": "2004-08",
            "price": "34.68",
            "revenue": 155759
        },
        "2004-09": {
            "month": "2004-09",
            "price": "34.49",
            "revenue": 111790
        },
        "2004-10": {
            "month": "2004-10",
            "price": "36.82",
            "revenue": 141663
        },
        "2004-11": {
            "month": "2004-11",
            "price": "34.04",
            "revenue": 177620
        },
        "2004-12": {
            "month": "2004-12",
            "price": "34.15",
            "revenue": 299000
        },
        "2005-01": {
            "month": "2005-01",
            "price": "35.56",
            "revenue": 154874
        },
        "2005-02": {
            "month": "2005-02",
            "price": "43.22",
            "revenue": 105927
        },
        "2005-03": {
            "month": "2005-03",
            "price": "42.49",
            "revenue": 135940
        },
        "2005-04": {
            "month": "2005-04",
            "price": "47.90",
            "revenue": 141372
        },
        "2005-05": {
            "month": "2005-05",
            "price": "48.77",
            "revenue": 194573
        },
        "2005-06": {
            "month": "2005-06",
            "price": "52.40",
            "revenue": 227542
        },
        "2005-07": {
            "month": "2005-07",
            "price": "44.12",
            "revenue": 265317
        },
        "2005-08": {
            "month": "2005-08",
            "price": "50.01",
            "revenue": 273394
        },
        "2005-09": {
            "month": "2005-09",
            "price": "48.49",
            "revenue": 233189
        },
        "2005-10": {
            "month": "2005-10",
            "price": "49.26",
            "revenue": 112950
        },
        "2005-11": {
            "month": "2005-11",
            "price": "46.95",
            "revenue": 99833
        },
        "2005-12": {
            "month": "2005-12",
            "price": "51.50",
            "revenue": 176226
        },
        "2006-01": {
            "month": "2006-01",
            "price": "68.71",
            "revenue": 156972
        },
        "2006-02": {
            "month": "2006-02",
            "price": "96.38",
            "revenue": 159695
        },
        "2006-03": {
            "month": "2006-03",
            "price": "100.16",
            "revenue": 162898
        },
        "2006-04": {
            "month": "2006-04",
            "price": "106.11",
            "revenue": 137133
        },
        "2006-05": {
            "month": "2006-05",
            "price": "110.89",
            "revenue": 437689
        },
        "2006-06": {
            "month": "2006-06",
            "price": "86.34",
            "revenue": 390663
        },
        "2006-07": {
            "month": "2006-07",
            "price": "79.92",
            "revenue": 304822
        },
        "2006-08": {
            "month": "2006-08",
            "price": "80.74",
            "revenue": 255075
        },
        "2006-09": {
            "month": "2006-09",
            "price": "82.24",
            "revenue": 536166
        },
        "2006-10": {
            "month": "2006-10",
            "price": "74.54",
            "revenue": 627379
        },
        "2006-11": {
            "month": "2006-11",
            "price": "73.02",
            "revenue": 500018
        },
        "2006-12": {
            "month": "2006-12",
            "price": "78.86",
            "revenue": 203273
        },
        "2007-01": {
            "month": "2007-01",
            "price": "75.27",
            "revenue": 64810
        },
        "2007-02": {
            "month": "2007-02",
            "price": "75.23",
            "revenue": 115531
        },
        "2007-03": {
            "month": "2007-03",
            "price": "68.81",
            "revenue": 35759
        },
        "2007-04": {
            "month": "2007-04",
            "price": "71.88",
            "revenue": 179472
        },
        "2007-05": {
            "month": "2007-05",
            "price": "73.30",
            "revenue": 197425
        },
        "2007-06": {
            "month": "2007-06",
            "price": "79.90",
            "revenue": 372336
        },
        "2007-07": {
            "month": "2007-07",
            "price": "77.01",
            "revenue": 306538
        },
        "2007-08": {
            "month": "2007-08",
            "price": "54.18",
            "revenue": 448198
        },
        "2007-09": {
            "month": "2007-09",
            "price": "44.97",
            "revenue": 256566
        },
        "2007-10": {
            "month": "2007-10",
            "price": "37.11",
            "revenue": 304725
        },
        "2007-11": {
            "month": "2007-11",
            "price": "33.57",
            "revenue": 249243
        },
        "2007-12": {
            "month": "2007-12",
            "price": "30.92",
            "revenue": 415376
        },
        "2008-01": {
            "month": "2008-01",
            "price": "30.93",
            "revenue": 504691
        },
        "2008-02": {
            "month": "2008-02",
            "price": "32.70",
            "revenue": 371532
        },
        "2008-03": {
            "month": "2008-03",
            "price": "38.51",
            "revenue": 321132
        },
        "2008-04": {
            "month": "2008-04",
            "price": "42.33",
            "revenue": 395842
        },
        "2008-05": {
            "month": "2008-05",
            "price": "52.15",
            "revenue": 256638
        },
        "2008-06": {
            "month": "2008-06",
            "price": "41.82",
            "revenue": 270329
        },
        "2008-07": {
            "month": "2008-07",
            "price": "32.53",
            "revenue": 353469
        },
        "2008-08": {
            "month": "2008-08",
            "price": "32.21",
            "revenue": 298658
        },
        "2008-09": {
            "month": "2008-09",
            "price": "24.24",
            "revenue": 137021
        },
        "2008-10": {
            "month": "2008-10",
            "price": "15.06",
            "revenue": 360515
        },
        "2008-11": {
            "month": "2008-11",
            "price": "13.61",
            "revenue": 57310
        },
        "2008-12": {
            "month": "2008-12",
            "price": "13.08",
            "revenue": 120889
        },
        "2009-01": {
            "month": "2009-01",
            "price": "12.12",
            "revenue": 94168
        },
        "2009-02": {
            "month": "2009-02",
            "price": "12.50",
            "revenue": 123468
        },
        "2009-03": {
            "month": "2009-03",
            "price": "13.88",
            "revenue": 19282
        },
        "2009-04": {
            "month": "2009-04",
            "price": "15.60",
            "revenue": 31407
        },
        "2009-05": {
            "month": "2009-05",
            "price": "15.64",
            "revenue": 16512
        },
        "2009-06": {
            "month": "2009-06",
            "price": "15.20",
            "revenue": 113246
        },
        "2009-07": {
            "month": "2009-07",
            "price": "15.63",
            "revenue": 69768
        },
        "2009-08": {
            "month": "2009-08",
            "price": "16.25",
            "revenue": 36033
        },
        "2009-09": {
            "month": "2009-09",
            "price": "15.74",
            "revenue": 50263
        },
        "2009-10": {
            "month": "2009-10",
            "price": "21.31",
            "revenue": 55048
        },
        "2009-11": {
            "month": "2009-11",
            "price": "21.79",
            "revenue": 39584
        },
        "2009-12": {
            "month": "2009-12",
            "price": "22.24",
            "revenue": 64466
        },
        "2010-01": {
            "month": "2010-01",
            "price": "21.14",
            "revenue": 96218
        },
        "2010-02": {
            "month": "2010-02",
            "price": "18.32",
            "revenue": 147601
        },
        "2010-03": {
            "month": "2010-03",
            "price": "21.77",
            "revenue": 126317
        },
        "2010-04": {
            "month": "2010-04",
            "price": "22.46",
            "revenue": 201981
        },
        "2010-05": {
            "month": "2010-05",
            "price": "24.20",
            "revenue": 110418
        },
        "2010-06": {
            "month": "2010-06",
            "price": "27.41",
            "revenue": 219728
        },
        "2010-07": {
            "month": "2010-07",
            "price": "26.79",
            "revenue": 248921
        },
        "2010-08": {
            "month": "2010-08",
            "price": "24.88",
            "revenue": 72748
        },
        "2010-09": {
            "month": "2010-09",
            "price": "23.93",
            "revenue": 92327
        },
        "2010-10": {
            "month": "2010-10",
            "price": "20.30",
            "revenue": 171761
        },
        "2010-11": {
            "month": "2010-11",
            "price": "18.10",
            "revenue": 217413
        },
        "2010-12": {
            "month": "2010-12",
            "price": "19.90",
            "revenue": 269509
        },
        "2011-01": {
            "month": "2011-01",
            "price": "20.50",
            "revenue": 248748
        },
        "2011-02": {
            "month": "2011-02",
            "price": "20.74",
            "revenue": 249239
        },
        "2011-03": {
            "month": "2011-03",
            "price": "20.75",
            "revenue": 297004
        },
        "2011-04": {
            "month": "2011-04",
            "price": "20.79",
            "revenue": 192313
        },
        "2011-05": {
            "month": "2011-05",
            "price": "18.79",
            "revenue": 78919
        },
        "2011-06": {
            "month": "2011-06",
            "price": "16.19",
            "revenue": 466009
        },
        "2011-07": {
            "month": "2011-07",
            "price": "14.87",
            "revenue": 254447
        },
        "2011-08": {
            "month": "2011-08",
            "price": "11.84",
            "revenue": 184883
        },
        "2011-09": {
            "month": "2011-09",
            "price": "10.84",
            "revenue": 206166
        },
        "2011-10": {
            "month": "2011-10",
            "price": "10.19",
            "revenue": 157170
        },
        "2011-11": {
            "month": "2011-11",
            "price": "9.87",
            "revenue": 80086
        },
        "2011-12": {
            "month": "2011-12",
            "price": "8.71",
            "revenue": 114346
        },
        "2012-01": {
            "month": "2012-01",
            "price": "8.42",
            "revenue": 110369
        },
        "2012-02": {
            "month": "2012-02",
            "price": "10.05",
            "revenue": 105351
        },
        "2012-03": {
            "month": "2012-03",
            "price": "9.49",
            "revenue": 101957
        },
        "2012-04": {
            "month": "2012-04",
            "price": "8.20",
            "revenue": 121328
        },
        "2012-05": {
            "month": "2012-05",
            "price": "7.42",
            "revenue": 147774
        },
        "2012-06": {
            "month": "2012-06",
            "price": "7.17",
            "revenue": 137753
        },
        "2012-07": {
            "month": "2012-07",
            "price": "6.78",
            "revenue": 128122
        },
        "2012-08": {
            "month": "2012-08",
            "price": "6.25",
            "revenue": 169839
        },
        "2012-09": {
            "month": "2012-09",
            "price": "6.59",
            "revenue": 231898
        },
        "2012-10": {
            "month": "2012-10",
            "price": "6.31",
            "revenue": 128660
        },
        "2012-11": {
            "month": "2012-11",
            "price": "5.71",
            "revenue": 329928
        },
        "2012-12": {
            "month": "2012-12",
            "price": "7.21",
            "revenue": 263424
        },
        "2013-01": {
            "month": "2013-01",
            "price": "8.62",
            "revenue": 246601
        },
        "2013-02": {
            "month": "2013-02",
            "price": "8.02",
            "revenue": 186695
        },
        "2013-03": {
            "month": "2013-03",
            "price": "8.72",
            "revenue": 246207
        },
        "2013-04": {
            "month": "2013-04",
            "price": "9.32",
            "revenue": 195869
        },
        "2013-05": {
            "month": "2013-05",
            "price": "11.06",
            "revenue": 295233
        },
        "2013-06": {
            "month": "2013-06",
            "price": "11.34",
            "revenue": 229899
        },
        "2013-07": {
            "month": "2013-07",
            "price": "12.27",
            "revenue": 273685
        },
        "2013-08": {
            "month": "2013-08",
            "price": "11.84",
            "revenue": 250949
        },
        "2013-09": {
            "month": "2013-09",
            "price": "11.52",
            "revenue": 272366
        },
        "2013-10": {
            "month": "2013-10",
            "price": "11.81",
            "revenue": 315133
        },
        "2013-11": {
            "month": "2013-11",
            "price": "13.80",
            "revenue": 296090
        },
        "2013-12": {
            "month": "2013-12",
            "price": "16.88",
            "revenue": 252751
        },
        "2014-01": {
            "month": "2014-01",
            "price": "17.22",
            "revenue": 271383
        },
        "2014-02": {
            "month": "2014-02",
            "price": "16.70",
            "revenue": 243913
        },
        "2014-03": {
            "month": "2014-03",
            "price": "17.41",
            "revenue": 251483
        },
        "2014-04": {
            "month": "2014-04",
            "price": "17.38",
            "revenue": 285740
        },
        "2014-05": {
            "month": "2014-05",
            "price": "17.12",
            "revenue": 317978
        },
        "2014-06": {
            "month": "2014-06",
            "price": "18.47",
            "revenue": 497678
        },
        "2014-07": {
            "month": "2014-07",
            "price": "22.15",
            "revenue": 286198
        },
        "2014-08": {
            "month": "2014-08",
            "price": "20.37",
            "revenue": 313739
        },
        "2014-09": {
            "month": "2014-09",
            "price": "19.87",
            "revenue": 354662
        },
        "2014-10": {
            "month": "2014-10",
            "price": "18.55",
            "revenue": 320439
        },
        "2014-11": {
            "month": "2014-11",
            "price": "20.12",
            "revenue": 281664
        },
        "2014-12": {
            "month": "2014-12",
            "price": "20.53",
            "revenue": 259884
        },
        "2015-01": {
            "month": "2015-01",
            "price": "20.84",
            "revenue": 250774
        },
        "2015-02": {
            "month": "2015-02",
            "price": "20.03",
            "revenue": 254490
        },
        "2015-03": {
            "month": "2015-03",
            "price": "20.65",
            "revenue": 312014
        },
        "2015-04": {
            "month": "2015-04",
            "price": "20.48",
            "revenue": 277802
        },
        "2015-05": {
            "month": "2015-05",
            "price": "16.92",
            "revenue": 229675
        },
        "2015-06": {
            "month": "2015-06",
            "price": "14.40",
            "revenue": 144566
        },
        "2015-07": {
            "month": "2015-07",
            "price": "11.24",
            "revenue": 174349
        },
        "2015-08": {
            "month": "2015-08",
            "price": "9.92",
            "revenue": 265852
        },
        "2015-09": {
            "month": "2015-09",
            "price": "11.55",
            "revenue": 303643
        },
        "2015-10": {
            "month": "2015-10",
            "price": "13.03",
            "revenue": 238524
        },
        "2015-11": {
            "month": "2015-11",
            "price": "11.67",
            "revenue": 312877
        },
        "2015-12": {
            "month": "2015-12",
            "price": "11.63",
            "revenue": 286611
        },
        "2016-01": {
            "month": "2016-01",
            "price": "12.47",
            "revenue": 295347
        },
        "2016-02": {
            "month": "2016-02",
            "price": "12.16",
            "revenue": 245156
        },
        "2016-03": {
            "month": "2016-03",
            "price": "17.46",
            "revenue": 233506
        },
        "2016-04": {
            "month": "2016-04",
            "price": "18.04",
            "revenue": 261605
        },
        "2016-05": {
            "month": "2016-05",
            "price": "14.15",
            "revenue": 261015
        },
        "2016-06": {
            "month": "2016-06",
            "price": "14.29",
            "revenue": 248158
        },
        "2016-07": {
            "month": "2016-07",
            "price": "15.56",
            "revenue": 332642
        },
        "2016-08": {
            "month": "2016-08",
            "price": "16.70",
            "revenue": 385080
        },
        "2016-09": {
            "month": "2016-09",
            "price": "16.17",
            "revenue": 636019
        },
        "2016-10": {
            "month": "2016-10",
            "price": "17.02",
            "revenue": 479915
        },
        "2016-11": {
            "month": "2016-11",
            "price": "15.77",
            "revenue": 416881
        },
        "2016-12": {
            "month": "2016-12",
            "price": "15.74",
            "revenue": 431524
        },
        "2017-01": {
            "month": "2017-01",
            "price": "16.62",
            "revenue": 387580
        },
        "2017-02": {
            "month": "2017-02",
            "price": "17.45",
            "revenue": 453572
        },
        "2017-03": {
            "month": "2017-03",
            "price": "20.98",
            "revenue": 550494
        },
        "2017-04": {
            "month": "2017-04",
            "price": "21.27",
            "revenue": 476803
        },
        "2017-05": {
            "month": "2017-05",
            "price": "20.94",
            "revenue": 260281
        },
        "2017-06": {
            "month": "2017-06",
            "price": "19.48",
            "revenue": 294447
        },
        "2017-07": {
            "month": "2017-07",
            "price": "18.75",
            "revenue": 192276
        },
        "2017-08": {
            "month": "2017-08",
            "price": "18.52",
            "revenue": 234603
        },
        "2017-09": {
            "month": "2017-09",
            "price": "17.22",
            "revenue": 267421
        },
        "2017-10": {
            "month": "2017-10",
            "price": "16.39",
            "revenue": 256652
        },
        "2017-11": {
            "month": "2017-11",
            "price": "16.10",
            "revenue": 429829
        },
        "2017-12": {
            "month": "2017-12",
            "price": "15.98",
            "revenue": 355126
        },
        "2018-01": {
            "month": "2018-01",
            "price": "17.01",
            "revenue": 274259
        },
        "2018-02": {
            "month": "2018-02",
            "price": "15.14",
            "revenue": 421794
        },
        "2018-03": {
            "month": "2018-03",
            "price": "14.97",
            "revenue": 535634
        },
        "2018-04": {
            "month": "2018-04",
            "price": "14.28",
            "revenue": 555955
        },
        "2018-05": {
            "month": "2018-05",
            "price": "16.22",
            "revenue": 540751
        },
        "2018-06": {
            "month": "2018-06",
            "price": "17.62",
            "revenue": 558792
        },
        "2018-07": {
            "month": "2018-07",
            "price": "18.31",
            "revenue": 587488
        },
        "2018-08": {
            "month": "2018-08",
            "price": "18.12",
            "revenue": 635215
        },
        "2018-09": {
            "month": "2018-09",
            "price": "17.20",
            "revenue": 675676
        },
        "2018-10": {
            "month": "2018-10",
            "price": "17.02",
            "revenue": 706040
        },
        "2018-11": {
            "month": "2018-11",
            "price": "16.77",
            "revenue": 721786
        },
        "2018-12": {
            "month": "2018-12",
            "price": "17.42",
            "revenue": 698108
        },
        "2019-01": {
            "month": "2019-01",
            "price": "17.16",
            "revenue": 645151
        },
        "2019-02": {
            "month": "2019-02",
            "price": "18.42",
            "revenue": 529205
        },
        "2019-03": {
            "month": "2019-03",
            "price": "19.71",
            "revenue": 480262
        },
        "2019-04": {
            "month": "2019-04",
            "price": "20.14",
            "revenue": 442098
        },
        "2019-05": {
            "month": "2019-05",
            "price": "18.06",
            "revenue": 525687
        },
        "2019-06": {
            "month": "2019-06",
            "price": "17.55",
            "revenue": 560608
        },
        "2019-07": {
            "month": "2019-07",
            "price": "17.75",
            "revenue": 530200
        },
        "2019-08": {
            "month": "2019-08",
            "price": "17.76",
            "revenue": 479375
        },
        "2019-09": {
            "month": "2019-09",
            "price": "17.86",
            "revenue": 411780
        },
        "2019-10": {
            "month": "2019-10",
            "price": "16.48",
            "revenue": 419382
        },
        "2019-11": {
            "month": "2019-11",
            "price": "16.88",
            "revenue": 389138
        },
        "2019-12": {
            "month": "2019-12",
            "price": "17.23",
            "revenue": 367677
        },
        "2020-01": {
            "month": "2020-01",
            "price": "17.03",
            "revenue": 233367
        },
        "2020-02": {
            "month": "2020-02",
            "price": "15.62",
            "revenue": 171819
        },
        "2020-03": {
            "month": "2020-03",
            "price": "13.26",
            "revenue": 198923
        },
        "2020-04": {
            "month": "2020-04",
            "price": "13.75",
            "revenue": 234607
        },
        "2020-05": {
            "month": "2020-05",
            "price": "14.29",
            "revenue": 352608
        },
        "2020-06": {
            "month": "2020-06",
            "price": "15.05",
            "revenue": 476477
        },
        "2020-07": {
            "month": "2020-07",
            "price": "14.96",
            "revenue": 247955
        },
        "2020-08": {
            "month": "2020-08",
            "price": "14.05",
            "revenue": 259115
        },
        "2020-09": {
            "month": "2020-09",
            "price": "13.72",
            "revenue": 355346
        },
        "2020-10": {
            "month": "2020-10",
            "price": "13.44",
            "revenue": 391696
        },
        "2020-11": {
            "month": "2020-11",
            "price": "13.41",
            "revenue": 443477
        },
        "2020-12": {
            "month": "2020-12",
            "price": "14.73",
            "revenue": 441490
        },
        "2021-01": {
            "month": "2021-01",
            "price": "15.72",
            "revenue": 273835
        },
        "2021-02": {
            "month": "2021-02",
            "price": "15.03",
            "revenue": 234299
        },
        "2021-03": {
            "month": "2021-03",
            "price": "15.47",
            "revenue": 347817
        },
        "2021-04": {
            "month": "2021-04",
            "price": "18.53",
            "revenue": 454402
        },
        "2021-05": {
            "month": "2021-05",
            "price": "16.15",
            "revenue": 392189
        },
        "2021-06": {
            "month": "2021-06",
            "price": "18.23",
            "revenue": 543441
        },
        "2021-07": {
            "month": "2021-07",
            "price": "20.01",
            "revenue": 421166
        },
        "2021-08": {
            "month": "2021-08",
            "price": "20.82",
            "revenue": 332467
        },
        "2021-09": {
            "month": "2021-09",
            "price": "22.21",
            "revenue": 281973
        },
        "2021-10": {
            "month": "2021-10",
            "price": "19.04",
            "revenue": 274316
        },
        "2021-11": {
            "month": "2021-11",
            "price": "21.05",
            "revenue": 389556
        },
        "2021-12": {
            "month": "2021-12",
            "price": "21.44",
            "revenue": 586074
        },
        "2022-01": {
            "month": "2022-01",
            "price": "20.64",
            "revenue": 291018
        },
        "2022-02": {
            "month": "2022-02",
            "price": "19.86",
            "revenue": 173820
        },
        "2022-03": {
            "month": "2022-03",
            "price": "19.61",
            "revenue": 317363
        },
        "2022-04": {
            "month": "2022-04",
            "price": "19.36",
            "revenue": 301452
        },
        "2022-05": {
            "month": "2022-05",
            "price": "18.37",
            "revenue": 317018
        },
        "2022-06": {
            "month": "2022-06",
            "price": "17.85",
            "revenue": 254662
        },
        "2022-07": {
            "month": "2022-07",
            "price": "15.55",
            "revenue": 229787
        },
        "2022-08": {
            "month": "2022-08",
            "price": "15.72",
            "revenue": 280785
        },
        "2022-09": {
            "month": "2022-09",
            "price": "14.90",
            "revenue": 391511
        },
        "2022-10": {
            "month": "2022-10",
            "price": "13.95",
            "revenue": 395391
        },
        "2022-11": {
            "month": "2022-11",
            "price": "15.52",
            "revenue": 495876
        },
        "2022-12": {
            "month": "2022-12",
            "price": "17.11",
            "revenue": 463208
        },
        "2023-01": {
            "month": "2023-01",
            "price": "17.06",
            "revenue": 274028
        },
        "2023-02": {
            "month": "2023-02",
            "price": "17.69",
            "revenue": 281522
        },
        "2023-03": {
            "month": "2023-03",
            "price": "18.74",
            "revenue": 274794
        },
        "2023-04": {
            "month": "2023-04",
            "price": "19.61",
            "revenue": 266349
        }
    }
}
