{
    "summary": {
        "stock_name": "來思達",
        "stock_id": "8066",
        "category": "居家生活",
        "main_business": "品牌家具",
        "website_url": "http://www.lifestyle-global.com",
        "ceo": "謝孟霖",
        "pe_ratio": 72,
        "report_year_from": 2001,
        "report_year_to": 2023,
        "age": 23,
        "eps_negative_percentage": 38,
        "eps_growth_avg": {
            "last_all": 1.36,
            "last_2y": -35.18,
            "last_4y": -43.54,
            "last_8y": -9.29,
            "last_12y": 10.58,
            "last_16y": 10.58,
            "last_20y": null,
            "at_2006_last_3y": null,
            "at_2007_last_3y": -100,
            "at_2008_last_3y": -100,
            "at_2009_last_3y": null,
            "at_2010_last_3y": null,
            "at_2011_last_3y": null,
            "at_2012_last_3y": null,
            "at_2013_last_3y": 100,
            "at_2014_last_3y": 100,
            "at_2015_last_3y": 95.84,
            "at_2016_last_3y": 76.21,
            "at_2017_last_3y": 50.89,
            "at_2018_last_3y": 33.52,
            "at_2019_last_3y": -0.3,
            "at_2020_last_3y": -20.74,
            "at_2021_last_3y": -33.99,
            "at_2022_last_3y": -36.7,
            "at_2023_last_3y": -42.49,
            "at_2024_last_3y": -42.49,
            "at_2006_last_all": -100,
            "at_2007_last_all": -100,
            "at_2008_last_all": -100,
            "at_2009_last_all": -100,
            "at_2010_last_all": -100,
            "at_2011_last_all": -100,
            "at_2012_last_all": -100,
            "at_2013_last_all": 0,
            "at_2014_last_all": 33.33,
            "at_2015_last_all": 46.88,
            "at_2016_last_all": 40.97,
            "at_2017_last_all": 33.93,
            "at_2018_last_all": 33.44,
            "at_2019_last_all": 23.29,
            "at_2020_last_all": 13.54,
            "at_2021_last_all": 6.76,
            "at_2022_last_all": 7.93,
            "at_2023_last_all": 1.36,
            "at_2024_last_all": 1.36
        },
        "latest_eps": 0.43,
        "latest_price": 30.85,
        "latest_roe": 4.79,
        "latest_gross_margin": 12.1,
        "latest_equity": 690895,
        "latest_revenue": 1378994,
        "latest_gross_profit": 166796,
        "latest_net_income": 12999,
        "latest_debt_ratio": 58.7,
        "latest_current_ratio": 178.02,
        "latest_account_receivable_turnover_ratio": 1.85,
        "latest_inventory_turnover_ratio": 26.36,
        "latest_reinvestment_rate": 8.2,
        "latest_research_to_sale_ratio": null
    },
    "eps_dividends": {
        "2001": {
            "cash": 0,
            "stock": 0,
            "eps": 0
        },
        "2002": {
            "cash": 0,
            "stock": 0,
            "eps": 0
        },
        "2003": {
            "cash": 0,
            "stock": 0,
            "eps": -0.79
        },
        "2004": {
            "cash": 0,
            "stock": 0,
            "eps": 0.49
        },
        "2005": {
            "cash": 0,
            "stock": 0,
            "eps": -2.06
        },
        "2006": {
            "cash": 0,
            "stock": 0,
            "eps": -4.76
        },
        "2007": {
            "cash": 0,
            "stock": 0,
            "eps": -2.16
        },
        "2008": {
            "cash": 0,
            "stock": 0,
            "eps": -4.47
        },
        "2009": {
            "cash": 0,
            "stock": 0,
            "eps": -1.57
        },
        "2010": {
            "cash": 0,
            "stock": 0,
            "eps": -3.75
        },
        "2011": {
            "cash": 0,
            "stock": 0,
            "eps": -0.26
        },
        "2012": {
            "cash": 0,
            "stock": 0,
            "eps": 0.22
        },
        "2013": {
            "cash": 0,
            "stock": 0,
            "eps": 0.63
        },
        "2014": {
            "cash": 0,
            "stock": 0,
            "eps": 4.65
        },
        "2015": {
            "cash": 4,
            "stock": 0,
            "eps": 8.72
        },
        "2016": {
            "cash": 8,
            "stock": 0,
            "eps": 10.23
        },
        "2017": {
            "cash": 6,
            "stock": 2,
            "eps": 10.1
        },
        "2018": {
            "cash": 8,
            "stock": 0,
            "eps": 13.18
        },
        "2019": {
            "cash": 10,
            "stock": 0,
            "eps": 6.89
        },
        "2020": {
            "cash": 6,
            "stock": 0,
            "eps": 2.45
        },
        "2021": {
            "cash": 3,
            "stock": 0,
            "eps": 1.12
        },
        "2022": {
            "cash": 1,
            "stock": 0,
            "eps": 1.34
        },
        "2023": {
            "cash": 1,
            "stock": 0,
            "eps": 0.39
        }
    },
    "dividends": {
        "2015-07-31": {
            "cash": 4,
            "stock": 0
        },
        "2016-07-19": {
            "cash": 8,
            "stock": 0
        },
        "2017-07-27": {
            "cash": 6,
            "stock": 2
        },
        "2018-07-18": {
            "cash": 8,
            "stock": 0
        },
        "2019-07-18": {
            "cash": 10,
            "stock": 0
        },
        "2020-08-17": {
            "cash": 6,
            "stock": 0
        },
        "2021-09-10": {
            "cash": 3,
            "stock": 0
        },
        "2022-07-28": {
            "cash": 1,
            "stock": 0
        },
        "2023-07-12": {
            "cash": 1,
            "stock": 0
        }
    },
    "prices": {
        "200101": "無",
        "200102": "無",
        "200103": "無",
        "200104": "無",
        "200105": "無",
        "200106": "無",
        "200107": "無",
        "200108": "無",
        "200109": "無",
        "200110": "無",
        "200111": "無",
        "200112": "無",
        "200201": "無",
        "200202": "無",
        "200203": "無",
        "200204": "無",
        "200205": "無",
        "200206": "無",
        "200207": "無",
        "200208": "無",
        "200209": "無",
        "200210": "無",
        "200211": "無",
        "200212": "無",
        "200301": "無",
        "200302": "無",
        "200303": "無",
        "200304": "無",
        "200305": "無",
        "200306": "無",
        "200307": "無",
        "200308": "無",
        "200309": "6.00",
        "200310": "6.60",
        "200311": "7.08",
        "200312": "9.28",
        "200401": "11.37",
        "200402": "12.92",
        "200403": "14.38",
        "200404": "23.43",
        "200405": "18.80",
        "200406": "16.53",
        "200407": "14.81",
        "200408": "12.16",
        "200409": "11.06",
        "200410": "10.49",
        "200411": "10.29",
        "200412": "12.03",
        "200501": "12.40",
        "200502": "11.86",
        "200503": "12.64",
        "200504": "14.16",
        "200505": "12.27",
        "200506": "13.19",
        "200507": "14.06",
        "200508": "13.09",
        "200509": "13.15",
        "200510": "13.20",
        "200511": "12.39",
        "200512": "12.41",
        "200601": "15.11",
        "200602": "13.27",
        "200603": "10.66",
        "200604": "10.62",
        "200605": "10.71",
        "200606": "7.50",
        "200607": "4.43",
        "200608": "3.08",
        "200609": "3.43",
        "200610": "4.72",
        "200611": "3.25",
        "200612": "3.62",
        "200701": "5.91",
        "200702": "5.21",
        "200703": "4.93",
        "200704": "5.22",
        "200705": "4.01",
        "200706": "3.87",
        "200707": "4.79",
        "200708": "4.12",
        "200709": "3.84",
        "200710": "3.79",
        "200711": "4.15",
        "200712": "5.94",
        "200801": "6.35",
        "200802": "5.48",
        "200803": "5.87",
        "200804": "5.58",
        "200805": "4.62",
        "200806": "4.10",
        "200807": "2.90",
        "200808": "3.33",
        "200809": "2.79",
        "200810": "2.55",
        "200811": "1.98",
        "200812": "0.90",
        "200901": "0.86",
        "200902": "0.57",
        "200903": "0.56",
        "200904": "1.04",
        "200905": "0.96",
        "200906": "0.99",
        "200907": "1.32",
        "200908": "1.49",
        "200909": "1.20",
        "200910": "1.35",
        "200911": "1.93",
        "200912": "1.70",
        "201001": "2.38",
        "201002": "2.75",
        "201003": "1.99",
        "201004": "1.88",
        "201005": "1.73",
        "201006": "2.25",
        "201007": "6.59",
        "201008": "11.93",
        "201009": "17.30",
        "201010": "19.07",
        "201011": "14.93",
        "201012": "15.84",
        "201101": "16.63",
        "201102": "16.19",
        "201103": "14.36",
        "201104": "15.83",
        "201105": "15.12",
        "201106": "15.99",
        "201107": "12.04",
        "201108": "10.91",
        "201109": "9.79",
        "201110": "7.85",
        "201111": "8.10",
        "201112": "8.80",
        "201201": "6.04",
        "201202": "5.62",
        "201203": "3.15",
        "201204": "4.24",
        "201205": "3.83",
        "201206": "3.96",
        "201207": "3.29",
        "201208": "2.50",
        "201209": "33.78",
        "201210": "28.37",
        "201211": "24.59",
        "201212": "26.29",
        "201301": "24.50",
        "201302": "25.11",
        "201303": "27.85",
        "201304": "26.55",
        "201305": "26.34",
        "201306": "23.31",
        "201307": "20.75",
        "201308": "18.73",
        "201309": "15.87",
        "201310": "16.95",
        "201311": "19.04",
        "201312": "37.63",
        "201401": "33.13",
        "201402": "45.99",
        "201403": "51.57",
        "201404": "61.45",
        "201405": "63.82",
        "201406": "70.96",
        "201407": "70.87",
        "201408": "60.99",
        "201409": "60.18",
        "201410": "59.12",
        "201411": "58.66",
        "201412": "75.41",
        "201501": "80.26",
        "201502": "95.89",
        "201503": "109.70",
        "201504": "104.58",
        "201505": "105.72",
        "201506": "117.43",
        "201507": "101.20",
        "201508": "83.70",
        "201509": "87.84",
        "201510": "93.62",
        "201511": "99.86",
        "201512": "104.41",
        "201601": "92.83",
        "201602": "96.87",
        "201603": "104.07",
        "201604": "99.55",
        "201605": "97.91",
        "201606": "97.59",
        "201607": "90.34",
        "201608": "88.38",
        "201609": "89.39",
        "201610": "83.08",
        "201611": "87.37",
        "201612": "96.90",
        "201701": "100.32",
        "201702": "103.61",
        "201703": "115.65",
        "201704": "147.89",
        "201705": "159.38",
        "201706": "136.72",
        "201707": "115.10",
        "201708": "111.63",
        "201709": "121.55",
        "201710": "125.84",
        "201711": "129.84",
        "201712": "125.62",
        "201801": "123.75",
        "201802": "127.15",
        "201803": "126.26",
        "201804": "114.94",
        "201805": "109.41",
        "201806": "100.02",
        "201807": "100.72",
        "201808": "104.26",
        "201809": "105.18",
        "201810": "104.23",
        "201811": "103.23",
        "201812": "103.17",
        "201901": "108.83",
        "201902": "119.27",
        "201903": "121.08",
        "201904": "117.28",
        "201905": "107.77",
        "201906": "102.83",
        "201907": "91.29",
        "201908": "79.31",
        "201909": "76.57",
        "201910": "75.51",
        "201911": "75.19",
        "201912": "80.89",
        "202001": "82.18",
        "202002": "73.83",
        "202003": "61.76",
        "202004": "64.38",
        "202005": "64.19",
        "202006": "66.26",
        "202007": "61.40",
        "202008": "53.32",
        "202009": "55.36",
        "202010": "53.00",
        "202011": "55.36",
        "202012": "57.71",
        "202101": "52.72",
        "202102": "48.41",
        "202103": "52.30",
        "202104": "52.79",
        "202105": "48.84",
        "202106": "49.70",
        "202107": "48.34",
        "202108": "42.21",
        "202109": "33.84",
        "202110": "34.91",
        "202111": "33.79",
        "202112": "33.58",
        "202201": "34.34",
        "202202": "33.56",
        "202203": "31.28",
        "202204": "31.24",
        "202205": "28.71",
        "202206": "27.95",
        "202207": "25.29",
        "202208": "28.03",
        "202209": "28.10",
        "202210": "26.18",
        "202211": "26.47",
        "202212": "27.53",
        "202301": "27.80",
        "202302": "27.91",
        "202303": "28.17",
        "202304": "27.85",
        "202305": "28.75",
        "202306": "30.38",
        "202307": "29.45",
        "202308": "29.28",
        "202309": "29.44",
        "202310": "29.26",
        "202311": "29.33",
        "202312": "30.51"
    },
    "quarters": {
        "20011": {
            "year_quarter": 20011,
            "year": 2001,
            "quarter": 1,
            "eps": null,
            "eps_growth_year": null,
            "eps_4q": null,
            "eps_4q_growth_year": null,
            "roe": null,
            "roe_4q": 0,
            "gross_profit": null,
            "gross_margin": null,
            "gross_margin_4q_avg": 0,
            "net_income": null,
            "net_income_4q": null,
            "revenue": null,
            "revenue_4q": null,
            "common_shares": null,
            "book_valuer_per_share": null,
            "book_valuer_per_share_4q_avg": 0,
            "equity": null,
            "current_ratio": null,
            "debt_ratio": null,
            "inventory_turnover_ratio": null,
            "account_receivable_turnover_ratio": null,
            "reinvestment_rate": null,
            "research_to_sale_ratio": null,
            "price_fair": 0,
            "eps_avg_yearly": 0,
            "eps_latest_yearly": 0,
            "eps_growth_yearly": 0
        },
        "20012": {
            "year_quarter": 20012,
            "year": 2001,
            "quarter": 2,
            "eps": null,
            "eps_growth_year": null,
            "eps_4q": null,
            "eps_4q_growth_year": null,
            "roe": null,
            "roe_4q": 0,
            "gross_profit": null,
            "gross_margin": null,
            "gross_margin_4q_avg": 0,
            "net_income": null,
            "net_income_4q": null,
            "revenue": null,
            "revenue_4q": null,
            "common_shares": null,
            "book_valuer_per_share": null,
            "book_valuer_per_share_4q_avg": 0,
            "equity": null,
            "current_ratio": null,
            "debt_ratio": null,
            "inventory_turnover_ratio": null,
            "account_receivable_turnover_ratio": null,
            "reinvestment_rate": null,
            "research_to_sale_ratio": null,
            "price_fair": 0,
            "eps_avg_yearly": 0,
            "eps_latest_yearly": 0,
            "eps_growth_yearly": 0
        },
        "20013": {
            "year_quarter": 20013,
            "year": 2001,
            "quarter": 3,
            "eps": null,
            "eps_growth_year": null,
            "eps_4q": null,
            "eps_4q_growth_year": null,
            "roe": null,
            "roe_4q": 0,
            "gross_profit": null,
            "gross_margin": null,
            "gross_margin_4q_avg": 0,
            "net_income": null,
            "net_income_4q": null,
            "revenue": null,
            "revenue_4q": null,
            "common_shares": null,
            "book_valuer_per_share": null,
            "book_valuer_per_share_4q_avg": 0,
            "equity": null,
            "current_ratio": null,
            "debt_ratio": null,
            "inventory_turnover_ratio": null,
            "account_receivable_turnover_ratio": null,
            "reinvestment_rate": null,
            "research_to_sale_ratio": null,
            "price_fair": 0,
            "eps_avg_yearly": 0,
            "eps_latest_yearly": 0,
            "eps_growth_yearly": 0
        },
        "20014": {
            "year_quarter": 20014,
            "year": 2001,
            "quarter": 4,
            "eps": null,
            "eps_growth_year": null,
            "eps_4q": null,
            "eps_4q_growth_year": null,
            "roe": null,
            "roe_4q": 0,
            "gross_profit": null,
            "gross_margin": null,
            "gross_margin_4q_avg": 0,
            "net_income": null,
            "net_income_4q": null,
            "revenue": null,
            "revenue_4q": null,
            "common_shares": 980000,
            "book_valuer_per_share": 9.32,
            "book_valuer_per_share_4q_avg": 2.33,
            "equity": 913140,
            "current_ratio": 56.07,
            "debt_ratio": 36.87,
            "inventory_turnover_ratio": null,
            "account_receivable_turnover_ratio": null,
            "reinvestment_rate": null,
            "research_to_sale_ratio": null,
            "price_fair": 0,
            "eps_avg_yearly": 0,
            "eps_latest_yearly": 0,
            "eps_growth_yearly": 0
        },
        "20021": {
            "year_quarter": 20021,
            "year": 2002,
            "quarter": 1,
            "eps": null,
            "eps_growth_year": null,
            "eps_4q": null,
            "eps_4q_growth_year": null,
            "roe": null,
            "roe_4q": 0,
            "gross_profit": null,
            "gross_margin": null,
            "gross_margin_4q_avg": 0,
            "net_income": null,
            "net_income_4q": null,
            "revenue": null,
            "revenue_4q": null,
            "common_shares": null,
            "book_valuer_per_share": null,
            "book_valuer_per_share_4q_avg": 2.33,
            "equity": null,
            "current_ratio": null,
            "debt_ratio": null,
            "inventory_turnover_ratio": null,
            "account_receivable_turnover_ratio": null,
            "reinvestment_rate": null,
            "research_to_sale_ratio": null,
            "price_fair": 0,
            "eps_avg_yearly": 0,
            "eps_latest_yearly": 0,
            "eps_growth_yearly": 0
        },
        "20022": {
            "year_quarter": 20022,
            "year": 2002,
            "quarter": 2,
            "eps": null,
            "eps_growth_year": null,
            "eps_4q": null,
            "eps_4q_growth_year": null,
            "roe": null,
            "roe_4q": 0,
            "gross_profit": null,
            "gross_margin": null,
            "gross_margin_4q_avg": 0,
            "net_income": null,
            "net_income_4q": null,
            "revenue": null,
            "revenue_4q": null,
            "common_shares": null,
            "book_valuer_per_share": null,
            "book_valuer_per_share_4q_avg": 2.33,
            "equity": null,
            "current_ratio": null,
            "debt_ratio": null,
            "inventory_turnover_ratio": null,
            "account_receivable_turnover_ratio": null,
            "reinvestment_rate": null,
            "research_to_sale_ratio": null,
            "price_fair": 0,
            "eps_avg_yearly": 0,
            "eps_latest_yearly": 0,
            "eps_growth_yearly": 0
        },
        "20023": {
            "year_quarter": 20023,
            "year": 2002,
            "quarter": 3,
            "eps": null,
            "eps_growth_year": null,
            "eps_4q": null,
            "eps_4q_growth_year": null,
            "roe": null,
            "roe_4q": 0,
            "gross_profit": null,
            "gross_margin": null,
            "gross_margin_4q_avg": 0,
            "net_income": null,
            "net_income_4q": null,
            "revenue": null,
            "revenue_4q": null,
            "common_shares": null,
            "book_valuer_per_share": null,
            "book_valuer_per_share_4q_avg": 2.33,
            "equity": null,
            "current_ratio": null,
            "debt_ratio": null,
            "inventory_turnover_ratio": null,
            "account_receivable_turnover_ratio": null,
            "reinvestment_rate": null,
            "research_to_sale_ratio": null,
            "price_fair": 0,
            "eps_avg_yearly": 0,
            "eps_latest_yearly": 0,
            "eps_growth_yearly": 0
        },
        "20024": {
            "year_quarter": 20024,
            "year": 2002,
            "quarter": 4,
            "eps": null,
            "eps_growth_year": null,
            "eps_4q": null,
            "eps_4q_growth_year": null,
            "roe": null,
            "roe_4q": 0,
            "gross_profit": null,
            "gross_margin": null,
            "gross_margin_4q_avg": 0,
            "net_income": null,
            "net_income_4q": null,
            "revenue": null,
            "revenue_4q": null,
            "common_shares": 1100000,
            "book_valuer_per_share": 7.85,
            "book_valuer_per_share_4q_avg": 1.96,
            "equity": 863463,
            "current_ratio": 65.22,
            "debt_ratio": 36.79,
            "inventory_turnover_ratio": null,
            "account_receivable_turnover_ratio": null,
            "reinvestment_rate": null,
            "research_to_sale_ratio": null,
            "price_fair": 0,
            "eps_avg_yearly": 0,
            "eps_latest_yearly": 0,
            "eps_growth_yearly": 0
        },
        "20031": {
            "year_quarter": 20031,
            "year": 2003,
            "quarter": 1,
            "eps": -0.94,
            "eps_growth_year": null,
            "eps_4q": null,
            "eps_4q_growth_year": null,
            "roe": -9.89,
            "roe_4q": -9.89,
            "gross_profit": -37660,
            "gross_margin": -29.52,
            "gross_margin_4q_avg": -7.38,
            "net_income": -81390,
            "net_income_4q": null,
            "revenue": 127559,
            "revenue_4q": null,
            "common_shares": 1100000,
            "book_valuer_per_share": 7.11,
            "book_valuer_per_share_4q_avg": 3.74,
            "equity": 782073,
            "current_ratio": 62.85,
            "debt_ratio": 38.02,
            "inventory_turnover_ratio": 4.64,
            "account_receivable_turnover_ratio": null,
            "reinvestment_rate": null,
            "research_to_sale_ratio": null,
            "price_fair": 0,
            "eps_avg_yearly": 0,
            "eps_latest_yearly": 0,
            "eps_growth_yearly": 0
        },
        "20032": {
            "year_quarter": 20032,
            "year": 2003,
            "quarter": 2,
            "eps": 0.15,
            "eps_growth_year": null,
            "eps_4q": null,
            "eps_4q_growth_year": null,
            "roe": 2.14,
            "roe_4q": -7.75,
            "gross_profit": 36752,
            "gross_margin": 19.45,
            "gross_margin_4q_avg": -2.52,
            "net_income": 16957,
            "net_income_4q": null,
            "revenue": 188944,
            "revenue_4q": null,
            "common_shares": 1100000,
            "book_valuer_per_share": 7.26,
            "book_valuer_per_share_4q_avg": 5.56,
            "equity": 799030,
            "current_ratio": 74.51,
            "debt_ratio": 38.48,
            "inventory_turnover_ratio": 4.25,
            "account_receivable_turnover_ratio": null,
            "reinvestment_rate": null,
            "research_to_sale_ratio": null,
            "price_fair": 0,
            "eps_avg_yearly": 0,
            "eps_latest_yearly": 0,
            "eps_growth_yearly": 0
        },
        "20033": {
            "year_quarter": 20033,
            "year": 2003,
            "quarter": 3,
            "eps": null,
            "eps_growth_year": null,
            "eps_4q": null,
            "eps_4q_growth_year": null,
            "roe": null,
            "roe_4q": -7.75,
            "gross_profit": null,
            "gross_margin": null,
            "gross_margin_4q_avg": -2.52,
            "net_income": null,
            "net_income_4q": null,
            "revenue": null,
            "revenue_4q": null,
            "common_shares": null,
            "book_valuer_per_share": null,
            "book_valuer_per_share_4q_avg": 5.56,
            "equity": null,
            "current_ratio": null,
            "debt_ratio": null,
            "inventory_turnover_ratio": null,
            "account_receivable_turnover_ratio": null,
            "reinvestment_rate": null,
            "research_to_sale_ratio": null,
            "price_fair": 0,
            "eps_avg_yearly": 0,
            "eps_latest_yearly": 0,
            "eps_growth_yearly": 0
        },
        "20034": {
            "year_quarter": 20034,
            "year": 2003,
            "quarter": 4,
            "eps": null,
            "eps_growth_year": null,
            "eps_4q": null,
            "eps_4q_growth_year": null,
            "roe": null,
            "roe_4q": -7.75,
            "gross_profit": null,
            "gross_margin": null,
            "gross_margin_4q_avg": -2.52,
            "net_income": null,
            "net_income_4q": null,
            "revenue": null,
            "revenue_4q": null,
            "common_shares": 863500,
            "book_valuer_per_share": 8.9,
            "book_valuer_per_share_4q_avg": 5.82,
            "equity": 768122,
            "current_ratio": 91.72,
            "debt_ratio": 37.82,
            "inventory_turnover_ratio": null,
            "account_receivable_turnover_ratio": null,
            "reinvestment_rate": null,
            "research_to_sale_ratio": null,
            "price_fair": 0,
            "eps_avg_yearly": 0,
            "eps_latest_yearly": 0,
            "eps_growth_yearly": 0
        },
        "20041": {
            "year_quarter": 20041,
            "year": 2004,
            "quarter": 1,
            "eps": 0.43,
            "eps_growth_year": null,
            "eps_4q": null,
            "eps_4q_growth_year": null,
            "roe": 4.73,
            "roe_4q": 6.870000000000001,
            "gross_profit": 61035,
            "gross_margin": 22.87,
            "gross_margin_4q_avg": 10.58,
            "net_income": 37209,
            "net_income_4q": null,
            "revenue": 266887,
            "revenue_4q": null,
            "common_shares": 863500,
            "book_valuer_per_share": 9.33,
            "book_valuer_per_share_4q_avg": 6.37,
            "equity": 805331,
            "current_ratio": 88.44,
            "debt_ratio": 41.69,
            "inventory_turnover_ratio": 3.56,
            "account_receivable_turnover_ratio": null,
            "reinvestment_rate": null,
            "research_to_sale_ratio": null,
            "price_fair": 0,
            "eps_avg_yearly": 0,
            "eps_latest_yearly": 0,
            "eps_growth_yearly": 0
        },
        "20042": {
            "year_quarter": 20042,
            "year": 2004,
            "quarter": 2,
            "eps": 0.33,
            "eps_growth_year": 120,
            "eps_4q": null,
            "eps_4q_growth_year": null,
            "roe": 3.41,
            "roe_4q": 8.14,
            "gross_profit": 49146,
            "gross_margin": 17.63,
            "gross_margin_4q_avg": 10.13,
            "net_income": 28531,
            "net_income_4q": null,
            "revenue": 278704,
            "revenue_4q": null,
            "common_shares": 863500,
            "book_valuer_per_share": 10.03,
            "book_valuer_per_share_4q_avg": 7.07,
            "equity": 866148,
            "current_ratio": 110.45,
            "debt_ratio": 38.37,
            "inventory_turnover_ratio": 4.08,
            "account_receivable_turnover_ratio": null,
            "reinvestment_rate": null,
            "research_to_sale_ratio": null,
            "price_fair": 3.96,
            "eps_avg_yearly": 1.32,
            "eps_latest_yearly": 1.32,
            "eps_growth_yearly": -93.02
        },
        "20043": {
            "year_quarter": 20043,
            "year": 2004,
            "quarter": 3,
            "eps": -0.01,
            "eps_growth_year": null,
            "eps_4q": null,
            "eps_4q_growth_year": null,
            "roe": -0.06,
            "roe_4q": 8.08,
            "gross_profit": 17958,
            "gross_margin": 8.07,
            "gross_margin_4q_avg": 12.14,
            "net_income": -537,
            "net_income_4q": null,
            "revenue": 222447,
            "revenue_4q": null,
            "common_shares": 953500,
            "book_valuer_per_share": 9.73,
            "book_valuer_per_share_4q_avg": 9.5,
            "equity": 927824,
            "current_ratio": 132.03,
            "debt_ratio": 30.62,
            "inventory_turnover_ratio": 4.54,
            "account_receivable_turnover_ratio": null,
            "reinvestment_rate": null,
            "research_to_sale_ratio": null,
            "price_fair": 3.96,
            "eps_avg_yearly": 1.32,
            "eps_latest_yearly": 1.32,
            "eps_growth_yearly": -93.02
        },
        "20044": {
            "year_quarter": 20044,
            "year": 2004,
            "quarter": 4,
            "eps": -0.26,
            "eps_growth_year": null,
            "eps_4q": 0.46,
            "eps_4q_growth_year": null,
            "roe": -2.41,
            "roe_4q": 5.67,
            "gross_profit": -4636,
            "gross_margin": -2.57,
            "gross_margin_4q_avg": 11.5,
            "net_income": -23725,
            "net_income_4q": null,
            "revenue": 180239,
            "revenue_4q": null,
            "common_shares": 1081500,
            "book_valuer_per_share": 9.6,
            "book_valuer_per_share_4q_avg": 9.67,
            "equity": 1038500,
            "current_ratio": 141.46,
            "debt_ratio": 29.97,
            "inventory_turnover_ratio": 4.43,
            "account_receivable_turnover_ratio": null,
            "reinvestment_rate": null,
            "research_to_sale_ratio": null,
            "price_fair": 3.96,
            "eps_avg_yearly": 1.32,
            "eps_latest_yearly": 1.32,
            "eps_growth_yearly": -93.02
        },
        "20051": {
            "year_quarter": 20051,
            "year": 2005,
            "quarter": 1,
            "eps": -0.53,
            "eps_growth_year": -223.26,
            "eps_4q": -0.49,
            "eps_4q_growth_year": null,
            "roe": -5.66,
            "roe_4q": -4.720000000000001,
            "gross_profit": -34417,
            "gross_margin": -23.25,
            "gross_margin_4q_avg": -0.03,
            "net_income": -57831,
            "net_income_4q": null,
            "revenue": 148025,
            "revenue_4q": null,
            "common_shares": 1105380,
            "book_valuer_per_share": 9.09,
            "book_valuer_per_share_4q_avg": 9.61,
            "equity": 1004550,
            "current_ratio": 155.34,
            "debt_ratio": 28.84,
            "inventory_turnover_ratio": 4.5,
            "account_receivable_turnover_ratio": null,
            "reinvestment_rate": null,
            "research_to_sale_ratio": null,
            "price_fair": 3.96,
            "eps_avg_yearly": 1.32,
            "eps_latest_yearly": 1.32,
            "eps_growth_yearly": -93.02
        },
        "20052": {
            "year_quarter": 20052,
            "year": 2005,
            "quarter": 2,
            "eps": -0.58,
            "eps_growth_year": -275.76,
            "eps_4q": -1.32,
            "eps_4q_growth_year": null,
            "roe": -6.52,
            "roe_4q": -14.65,
            "gross_profit": -39362,
            "gross_margin": -24.27,
            "gross_margin_4q_avg": -10.51,
            "net_income": -63404,
            "net_income_4q": null,
            "revenue": 162200,
            "revenue_4q": null,
            "common_shares": 1105380,
            "book_valuer_per_share": 8.51,
            "book_valuer_per_share_4q_avg": 9.23,
            "equity": 941145,
            "current_ratio": 124.08,
            "debt_ratio": 35.8,
            "inventory_turnover_ratio": 5.24,
            "account_receivable_turnover_ratio": null,
            "reinvestment_rate": null,
            "research_to_sale_ratio": null,
            "price_fair": 3.96,
            "eps_avg_yearly": 1.32,
            "eps_latest_yearly": 1.32,
            "eps_growth_yearly": -93.02
        },
        "20053": {
            "year_quarter": 20053,
            "year": 2005,
            "quarter": 3,
            "eps": -0.5,
            "eps_growth_year": null,
            "eps_4q": -1.77,
            "eps_4q_growth_year": null,
            "roe": -5.98,
            "roe_4q": -20.57,
            "gross_profit": -24641,
            "gross_margin": -13.08,
            "gross_margin_4q_avg": -15.79,
            "net_income": -55274,
            "net_income_4q": null,
            "revenue": 188337,
            "revenue_4q": null,
            "common_shares": 1128550,
            "book_valuer_per_share": 8.05,
            "book_valuer_per_share_4q_avg": 8.81,
            "equity": 909042,
            "current_ratio": 95.15,
            "debt_ratio": 41.48,
            "inventory_turnover_ratio": 4.6,
            "account_receivable_turnover_ratio": null,
            "reinvestment_rate": null,
            "research_to_sale_ratio": null,
            "price_fair": 3.96,
            "eps_avg_yearly": 1.32,
            "eps_latest_yearly": 1.32,
            "eps_growth_yearly": -93.02
        },
        "20054": {
            "year_quarter": 20054,
            "year": 2005,
            "quarter": 4,
            "eps": -0.45,
            "eps_growth_year": null,
            "eps_4q": -2.05,
            "eps_4q_growth_year": -545.65,
            "roe": -5.52,
            "roe_4q": -23.68,
            "gross_profit": -29892,
            "gross_margin": -13.75,
            "gross_margin_4q_avg": -18.59,
            "net_income": -50132,
            "net_income_4q": null,
            "revenue": 217424,
            "revenue_4q": null,
            "common_shares": 1177770,
            "book_valuer_per_share": 7.71,
            "book_valuer_per_share_4q_avg": 8.34,
            "equity": 908129,
            "current_ratio": 86.18,
            "debt_ratio": 44.58,
            "inventory_turnover_ratio": 3.7,
            "account_receivable_turnover_ratio": null,
            "reinvestment_rate": null,
            "research_to_sale_ratio": null,
            "price_fair": 3.96,
            "eps_avg_yearly": 1.32,
            "eps_latest_yearly": 1.32,
            "eps_growth_yearly": -93.02
        },
        "20061": {
            "year_quarter": 20061,
            "year": 2006,
            "quarter": 1,
            "eps": -0.92,
            "eps_growth_year": null,
            "eps_4q": -2.36,
            "eps_4q_growth_year": null,
            "roe": -12.63,
            "roe_4q": -30.65,
            "gross_profit": -82505,
            "gross_margin": -56.95,
            "gross_margin_4q_avg": -27.01,
            "net_income": -107908,
            "net_income_4q": null,
            "revenue": 144872,
            "revenue_4q": null,
            "common_shares": 1177770,
            "book_valuer_per_share": 6.79,
            "book_valuer_per_share_4q_avg": 7.77,
            "equity": 800221,
            "current_ratio": 78.81,
            "debt_ratio": 48.79,
            "inventory_turnover_ratio": 3.01,
            "account_receivable_turnover_ratio": null,
            "reinvestment_rate": null,
            "research_to_sale_ratio": null,
            "price_fair": 3.96,
            "eps_avg_yearly": 1.32,
            "eps_latest_yearly": 1.32,
            "eps_growth_yearly": -93.02
        },
        "20062": {
            "year_quarter": 20062,
            "year": 2006,
            "quarter": 2,
            "eps": -1.79,
            "eps_growth_year": null,
            "eps_4q": -3.6,
            "eps_4q_growth_year": null,
            "roe": -30.42,
            "roe_4q": -54.55000000000001,
            "gross_profit": -155072,
            "gross_margin": -328.24,
            "gross_margin_4q_avg": -103.01,
            "net_income": -211262,
            "net_income_4q": null,
            "revenue": 47244,
            "revenue_4q": null,
            "common_shares": 1177770,
            "book_valuer_per_share": 5,
            "book_valuer_per_share_4q_avg": 6.89,
            "equity": 588959,
            "current_ratio": 44.08,
            "debt_ratio": 56.28,
            "inventory_turnover_ratio": 2.93,
            "account_receivable_turnover_ratio": null,
            "reinvestment_rate": null,
            "research_to_sale_ratio": null,
            "price_fair": 3.96,
            "eps_avg_yearly": 1.32,
            "eps_latest_yearly": 1.32,
            "eps_growth_yearly": -93.02
        },
        "20063": {
            "year_quarter": 20063,
            "year": 2006,
            "quarter": 3,
            "eps": -1.09,
            "eps_growth_year": null,
            "eps_4q": -4.22,
            "eps_4q_growth_year": null,
            "roe": -15.45,
            "roe_4q": -64.02000000000001,
            "gross_profit": -98309,
            "gross_margin": -121,
            "gross_margin_4q_avg": -129.99,
            "net_income": -128128,
            "net_income_4q": null,
            "revenue": 81246,
            "revenue_4q": null,
            "common_shares": 1177770,
            "book_valuer_per_share": 9.08,
            "book_valuer_per_share_4q_avg": 7.15,
            "equity": 1069231,
            "current_ratio": 132.55,
            "debt_ratio": 40.36,
            "inventory_turnover_ratio": 2.97,
            "account_receivable_turnover_ratio": null,
            "reinvestment_rate": null,
            "research_to_sale_ratio": null,
            "price_fair": 3.96,
            "eps_avg_yearly": 1.32,
            "eps_latest_yearly": 1.32,
            "eps_growth_yearly": -93.02
        },
        "20064": {
            "year_quarter": 20064,
            "year": 2006,
            "quarter": 4,
            "eps": -0.96,
            "eps_growth_year": null,
            "eps_4q": -5.87,
            "eps_4q_growth_year": null,
            "roe": -8.54,
            "roe_4q": -67.03999999999999,
            "gross_profit": -65255,
            "gross_margin": -65.06,
            "gross_margin_4q_avg": -142.81,
            "net_income": -87595,
            "net_income_4q": null,
            "revenue": 100293,
            "revenue_4q": null,
            "common_shares": 2412000,
            "book_valuer_per_share": 4.07,
            "book_valuer_per_share_4q_avg": 6.24,
            "equity": 981636,
            "current_ratio": 113.07,
            "debt_ratio": 36.1,
            "inventory_turnover_ratio": 3.2,
            "account_receivable_turnover_ratio": null,
            "reinvestment_rate": null,
            "research_to_sale_ratio": null,
            "price_fair": 3.96,
            "eps_avg_yearly": 1.32,
            "eps_latest_yearly": 1.32,
            "eps_growth_yearly": -93.02
        },
        "20071": {
            "year_quarter": 20071,
            "year": 2007,
            "quarter": 1,
            "eps": -0.28,
            "eps_growth_year": null,
            "eps_4q": -2.03,
            "eps_4q_growth_year": null,
            "roe": -7.22,
            "roe_4q": -61.629999999999995,
            "gross_profit": -52682,
            "gross_margin": -50.7,
            "gross_margin_4q_avg": -141.25,
            "net_income": -68426,
            "net_income_4q": null,
            "revenue": 103911,
            "revenue_4q": null,
            "common_shares": 2412000,
            "book_valuer_per_share": 3.79,
            "book_valuer_per_share_4q_avg": 5.49,
            "equity": 913210,
            "current_ratio": 75.25,
            "debt_ratio": 40.84,
            "inventory_turnover_ratio": 3.3,
            "account_receivable_turnover_ratio": null,
            "reinvestment_rate": null,
            "research_to_sale_ratio": null,
            "price_fair": 3.96,
            "eps_avg_yearly": 1.32,
            "eps_latest_yearly": 1.32,
            "eps_growth_yearly": -93.02
        },
        "20072": {
            "year_quarter": 20072,
            "year": 2007,
            "quarter": 2,
            "eps": -0.2,
            "eps_growth_year": null,
            "eps_4q": -1.37,
            "eps_4q_growth_year": null,
            "roe": -5.29,
            "roe_4q": -36.5,
            "gross_profit": -31388,
            "gross_margin": -25.74,
            "gross_margin_4q_avg": -65.63,
            "net_income": -47105,
            "net_income_4q": null,
            "revenue": 121945,
            "revenue_4q": null,
            "common_shares": 2412000,
            "book_valuer_per_share": 3.59,
            "book_valuer_per_share_4q_avg": 5.13,
            "equity": 866105,
            "current_ratio": 72.66,
            "debt_ratio": 42.84,
            "inventory_turnover_ratio": 3.07,
            "account_receivable_turnover_ratio": null,
            "reinvestment_rate": null,
            "research_to_sale_ratio": null,
            "price_fair": 3.96,
            "eps_avg_yearly": 1.32,
            "eps_latest_yearly": 1.32,
            "eps_growth_yearly": -93.02
        },
        "20073": {
            "year_quarter": 20073,
            "year": 2007,
            "quarter": 3,
            "eps": -0.71,
            "eps_growth_year": null,
            "eps_4q": -2.41,
            "eps_4q_growth_year": null,
            "roe": -7.05,
            "roe_4q": -28.099999999999998,
            "gross_profit": -49683,
            "gross_margin": -49.46,
            "gross_margin_4q_avg": -47.74,
            "net_income": -64958,
            "net_income_4q": null,
            "revenue": 100444,
            "revenue_4q": null,
            "common_shares": 1113210,
            "book_valuer_per_share": 8.78,
            "book_valuer_per_share_4q_avg": 5.06,
            "equity": 977147,
            "current_ratio": 101.84,
            "debt_ratio": 39.89,
            "inventory_turnover_ratio": 2.76,
            "account_receivable_turnover_ratio": null,
            "reinvestment_rate": null,
            "research_to_sale_ratio": null,
            "price_fair": 3.96,
            "eps_avg_yearly": 1.32,
            "eps_latest_yearly": 1.32,
            "eps_growth_yearly": -93.02
        },
        "20074": {
            "year_quarter": 20074,
            "year": 2007,
            "quarter": 4,
            "eps": -0.97,
            "eps_growth_year": null,
            "eps_4q": -2.82,
            "eps_4q_growth_year": null,
            "roe": -10.16,
            "roe_4q": -29.72,
            "gross_profit": -87531,
            "gross_margin": -196.09,
            "gross_margin_4q_avg": -80.5,
            "net_income": -94495,
            "net_income_4q": null,
            "revenue": 44639,
            "revenue_4q": null,
            "common_shares": 1113210,
            "book_valuer_per_share": 7.93,
            "book_valuer_per_share_4q_avg": 6.02,
            "equity": 882652,
            "current_ratio": 90.88,
            "debt_ratio": 34.72,
            "inventory_turnover_ratio": 2.95,
            "account_receivable_turnover_ratio": null,
            "reinvestment_rate": null,
            "research_to_sale_ratio": null,
            "price_fair": 3.96,
            "eps_avg_yearly": 1.32,
            "eps_latest_yearly": 1.32,
            "eps_growth_yearly": -93.02
        },
        "20081": {
            "year_quarter": 20081,
            "year": 2008,
            "quarter": 1,
            "eps": -0.86,
            "eps_growth_year": null,
            "eps_4q": -2.72,
            "eps_4q_growth_year": null,
            "roe": -11.47,
            "roe_4q": -33.970000000000006,
            "gross_profit": -81142,
            "gross_margin": -249.23,
            "gross_margin_4q_avg": -130.13,
            "net_income": -95718,
            "net_income_4q": null,
            "revenue": 32557,
            "revenue_4q": null,
            "common_shares": 1113210,
            "book_valuer_per_share": 7.07,
            "book_valuer_per_share_4q_avg": 6.84,
            "equity": 786934,
            "current_ratio": 67.95,
            "debt_ratio": 34.81,
            "inventory_turnover_ratio": 3.93,
            "account_receivable_turnover_ratio": null,
            "reinvestment_rate": null,
            "research_to_sale_ratio": null,
            "price_fair": 3.96,
            "eps_avg_yearly": 1.32,
            "eps_latest_yearly": 1.32,
            "eps_growth_yearly": -93.02
        },
        "20082": {
            "year_quarter": 20082,
            "year": 2008,
            "quarter": 2,
            "eps": -1.68,
            "eps_growth_year": null,
            "eps_4q": -3.98,
            "eps_4q_growth_year": null,
            "roe": -27.04,
            "roe_4q": -55.72,
            "gross_profit": -77907,
            "gross_margin": -350.6,
            "gross_margin_4q_avg": -211.35,
            "net_income": -187472,
            "net_income_4q": null,
            "revenue": 22221,
            "revenue_4q": null,
            "common_shares": 1113210,
            "book_valuer_per_share": 5.38,
            "book_valuer_per_share_4q_avg": 7.29,
            "equity": 599462,
            "current_ratio": 52.78,
            "debt_ratio": 40.46,
            "inventory_turnover_ratio": 4.57,
            "account_receivable_turnover_ratio": null,
            "reinvestment_rate": null,
            "research_to_sale_ratio": null,
            "price_fair": 0,
            "eps_avg_yearly": 0,
            "eps_latest_yearly": 0,
            "eps_growth_yearly": 0
        },
        "20083": {
            "year_quarter": 20083,
            "year": 2008,
            "quarter": 3,
            "eps": -1.15,
            "eps_growth_year": null,
            "eps_4q": -4.55,
            "eps_4q_growth_year": null,
            "roe": -24,
            "roe_4q": -72.67,
            "gross_profit": -80927,
            "gross_margin": -242.73,
            "gross_margin_4q_avg": -259.66,
            "net_income": -128450,
            "net_income_4q": null,
            "revenue": 33341,
            "revenue_4q": null,
            "common_shares": 1113210,
            "book_valuer_per_share": 4.23,
            "book_valuer_per_share_4q_avg": 6.15,
            "equity": 471012,
            "current_ratio": 35.74,
            "debt_ratio": 45.58,
            "inventory_turnover_ratio": 8.47,
            "account_receivable_turnover_ratio": null,
            "reinvestment_rate": null,
            "research_to_sale_ratio": null,
            "price_fair": 0,
            "eps_avg_yearly": 0,
            "eps_latest_yearly": 0,
            "eps_growth_yearly": 0
        },
        "20084": {
            "year_quarter": 20084,
            "year": 2008,
            "quarter": 4,
            "eps": -0.78,
            "eps_growth_year": null,
            "eps_4q": -4.47,
            "eps_4q_growth_year": null,
            "roe": -20.17,
            "roe_4q": -82.68,
            "gross_profit": -35241,
            "gross_margin": -1911.12,
            "gross_margin_4q_avg": -688.42,
            "net_income": -86289,
            "net_income_4q": null,
            "revenue": 1844,
            "revenue_4q": null,
            "common_shares": 1113210,
            "book_valuer_per_share": 3.46,
            "book_valuer_per_share_4q_avg": 5.04,
            "equity": 384723,
            "current_ratio": 17.14,
            "debt_ratio": 47.67,
            "inventory_turnover_ratio": 9.86,
            "account_receivable_turnover_ratio": 0.84,
            "reinvestment_rate": null,
            "research_to_sale_ratio": null,
            "price_fair": 0,
            "eps_avg_yearly": 0,
            "eps_latest_yearly": 0,
            "eps_growth_yearly": 0
        },
        "20091": {
            "year_quarter": 20091,
            "year": 2009,
            "quarter": 1,
            "eps": -0.5,
            "eps_growth_year": null,
            "eps_4q": -4.11,
            "eps_4q_growth_year": null,
            "roe": -15.51,
            "roe_4q": -86.72,
            "gross_profit": -25840,
            "gross_margin": -3408.97,
            "gross_margin_4q_avg": -1478.36,
            "net_income": -55360,
            "net_income_4q": null,
            "revenue": 758,
            "revenue_4q": null,
            "common_shares": 1113210,
            "book_valuer_per_share": 2.96,
            "book_valuer_per_share_4q_avg": 4.01,
            "equity": 329363,
            "current_ratio": 18.86,
            "debt_ratio": 51.11,
            "inventory_turnover_ratio": 18.22,
            "account_receivable_turnover_ratio": 0.23,
            "reinvestment_rate": null,
            "research_to_sale_ratio": null,
            "price_fair": 0,
            "eps_avg_yearly": 0,
            "eps_latest_yearly": 0,
            "eps_growth_yearly": 0
        },
        "20092": {
            "year_quarter": 20092,
            "year": 2009,
            "quarter": 2,
            "eps": -0.35,
            "eps_growth_year": null,
            "eps_4q": -2.78,
            "eps_4q_growth_year": null,
            "roe": -12.71,
            "roe_4q": -72.39,
            "gross_profit": -27290,
            "gross_margin": -4073.13,
            "gross_margin_4q_avg": -2408.99,
            "net_income": -39361,
            "net_income_4q": null,
            "revenue": 670,
            "revenue_4q": null,
            "common_shares": 1113210,
            "book_valuer_per_share": 2.61,
            "book_valuer_per_share_4q_avg": 3.32,
            "equity": 290002,
            "current_ratio": 43.41,
            "debt_ratio": 51.77,
            "inventory_turnover_ratio": 67.54,
            "account_receivable_turnover_ratio": 0.6,
            "reinvestment_rate": null,
            "research_to_sale_ratio": null,
            "price_fair": 0,
            "eps_avg_yearly": 0,
            "eps_latest_yearly": 0,
            "eps_growth_yearly": 0
        },
        "20093": {
            "year_quarter": 20093,
            "year": 2009,
            "quarter": 3,
            "eps": -0.42,
            "eps_growth_year": null,
            "eps_4q": -2.04,
            "eps_4q_growth_year": null,
            "roe": -17.48,
            "roe_4q": -65.87,
            "gross_profit": -20810,
            "gross_margin": -3277.17,
            "gross_margin_4q_avg": -3167.6,
            "net_income": -46607,
            "net_income_4q": null,
            "revenue": 635,
            "revenue_4q": null,
            "common_shares": 1113210,
            "book_valuer_per_share": 2.19,
            "book_valuer_per_share_4q_avg": 2.81,
            "equity": 243395,
            "current_ratio": 16.19,
            "debt_ratio": 53.78,
            "inventory_turnover_ratio": null,
            "account_receivable_turnover_ratio": null,
            "reinvestment_rate": null,
            "research_to_sale_ratio": null,
            "price_fair": 0,
            "eps_avg_yearly": 0,
            "eps_latest_yearly": 0,
            "eps_growth_yearly": 0
        },
        "20094": {
            "year_quarter": 20094,
            "year": 2009,
            "quarter": 4,
            "eps": -0.3,
            "eps_growth_year": null,
            "eps_4q": -1.57,
            "eps_4q_growth_year": null,
            "roe": -14.71,
            "roe_4q": -60.41,
            "gross_profit": -16133,
            "gross_margin": -7170.22,
            "gross_margin_4q_avg": -4482.37,
            "net_income": -33348,
            "net_income_4q": null,
            "revenue": 225,
            "revenue_4q": null,
            "common_shares": 1113210,
            "book_valuer_per_share": 1.89,
            "book_valuer_per_share_4q_avg": 2.41,
            "equity": 210047,
            "current_ratio": 6,
            "debt_ratio": 56.15,
            "inventory_turnover_ratio": 1363.17,
            "account_receivable_turnover_ratio": 5.77,
            "reinvestment_rate": null,
            "research_to_sale_ratio": null,
            "price_fair": 0,
            "eps_avg_yearly": 0,
            "eps_latest_yearly": 0,
            "eps_growth_yearly": 0
        },
        "20101": {
            "year_quarter": 20101,
            "year": 2010,
            "quarter": 1,
            "eps": -2.4,
            "eps_growth_year": null,
            "eps_4q": -1.31,
            "eps_4q_growth_year": null,
            "roe": -13.37,
            "roe_4q": -58.27,
            "gross_profit": 69,
            "gross_margin": 15.3,
            "gross_margin_4q_avg": -3626.31,
            "net_income": -26316,
            "net_income_4q": null,
            "revenue": 451,
            "revenue_4q": null,
            "common_shares": 1113210,
            "book_valuer_per_share": 1.65,
            "book_valuer_per_share_4q_avg": 2.09,
            "equity": 183731,
            "current_ratio": 9.88,
            "debt_ratio": 59.37,
            "inventory_turnover_ratio": 31.83,
            "account_receivable_turnover_ratio": 11.56,
            "reinvestment_rate": null,
            "research_to_sale_ratio": 72.28,
            "price_fair": 0,
            "eps_avg_yearly": 0,
            "eps_latest_yearly": 0,
            "eps_growth_yearly": 0
        },
        "20102": {
            "year_quarter": 20102,
            "year": 2010,
            "quarter": 2,
            "eps": -0.43,
            "eps_growth_year": null,
            "eps_4q": -1.38,
            "eps_4q_growth_year": null,
            "roe": -29.79,
            "roe_4q": -75.35,
            "gross_profit": 49,
            "gross_margin": 35.25,
            "gross_margin_4q_avg": -2599.21,
            "net_income": -47637,
            "net_income_4q": null,
            "revenue": 139,
            "revenue_4q": null,
            "common_shares": 1113210,
            "book_valuer_per_share": 1.22,
            "book_valuer_per_share_4q_avg": 1.74,
            "equity": 136094,
            "current_ratio": 26.51,
            "debt_ratio": 64.19,
            "inventory_turnover_ratio": null,
            "account_receivable_turnover_ratio": 2.48,
            "reinvestment_rate": null,
            "research_to_sale_ratio": 321.58,
            "price_fair": 0,
            "eps_avg_yearly": 0,
            "eps_latest_yearly": 0,
            "eps_growth_yearly": 0
        },
        "20103": {
            "year_quarter": 20103,
            "year": 2010,
            "quarter": 3,
            "eps": -0.31,
            "eps_growth_year": null,
            "eps_4q": -1.27,
            "eps_4q_growth_year": null,
            "roe": -28.55,
            "roe_4q": -86.42000000000002,
            "gross_profit": 340,
            "gross_margin": 4.05,
            "gross_margin_4q_avg": -1778.91,
            "net_income": -33999,
            "net_income_4q": null,
            "revenue": 8395,
            "revenue_4q": null,
            "common_shares": 1113210,
            "book_valuer_per_share": 0.92,
            "book_valuer_per_share_4q_avg": 1.42,
            "equity": 102095,
            "current_ratio": 31.44,
            "debt_ratio": 70.71,
            "inventory_turnover_ratio": null,
            "account_receivable_turnover_ratio": 2.54,
            "reinvestment_rate": null,
            "research_to_sale_ratio": 2.81,
            "price_fair": 0,
            "eps_avg_yearly": 0,
            "eps_latest_yearly": 0,
            "eps_growth_yearly": 0
        },
        "20104": {
            "year_quarter": 20104,
            "year": 2010,
            "quarter": 4,
            "eps": -0.61,
            "eps_growth_year": null,
            "eps_4q": -1.58,
            "eps_4q_growth_year": null,
            "roe": -99.96,
            "roe_4q": -171.67,
            "gross_profit": 183,
            "gross_margin": 5.96,
            "gross_margin_4q_avg": 15.14,
            "net_income": -68043,
            "net_income_4q": null,
            "revenue": 3069,
            "revenue_4q": null,
            "common_shares": 1113210,
            "book_valuer_per_share": 0.31,
            "book_valuer_per_share_4q_avg": 1.03,
            "equity": 34052,
            "current_ratio": 548.84,
            "debt_ratio": 89.14,
            "inventory_turnover_ratio": 144.3,
            "account_receivable_turnover_ratio": 0.71,
            "reinvestment_rate": null,
            "research_to_sale_ratio": 0,
            "price_fair": 0,
            "eps_avg_yearly": 0,
            "eps_latest_yearly": 0,
            "eps_growth_yearly": 0
        },
        "20111": {
            "year_quarter": 20111,
            "year": 2011,
            "quarter": 1,
            "eps": -0.04,
            "eps_growth_year": null,
            "eps_4q": -1.38,
            "eps_4q_growth_year": null,
            "roe": -13.15,
            "roe_4q": -171.45,
            "gross_profit": 673,
            "gross_margin": 11.31,
            "gross_margin_4q_avg": 14.14,
            "net_income": -4201,
            "net_income_4q": null,
            "revenue": 5950,
            "revenue_4q": null,
            "common_shares": 1113210,
            "book_valuer_per_share": 0.27,
            "book_valuer_per_share_4q_avg": 0.68,
            "equity": 29851,
            "current_ratio": 460.57,
            "debt_ratio": 90.21,
            "inventory_turnover_ratio": 263.85,
            "account_receivable_turnover_ratio": 2.22,
            "reinvestment_rate": null,
            "research_to_sale_ratio": 0,
            "price_fair": 0,
            "eps_avg_yearly": 0,
            "eps_latest_yearly": 0,
            "eps_growth_yearly": 0
        },
        "20112": {
            "year_quarter": 20112,
            "year": 2011,
            "quarter": 2,
            "eps": -0.1,
            "eps_growth_year": null,
            "eps_4q": -1.06,
            "eps_4q_growth_year": null,
            "roe": -46.34,
            "roe_4q": -188,
            "gross_profit": 1490,
            "gross_margin": 13.56,
            "gross_margin_4q_avg": 8.72,
            "net_income": -11231,
            "net_income_4q": null,
            "revenue": 10985,
            "revenue_4q": null,
            "common_shares": 1113210,
            "book_valuer_per_share": 0.17,
            "book_valuer_per_share_4q_avg": 0.42,
            "equity": 18620,
            "current_ratio": 77.07,
            "debt_ratio": 55.63,
            "inventory_turnover_ratio": null,
            "account_receivable_turnover_ratio": 5.6,
            "reinvestment_rate": null,
            "research_to_sale_ratio": 0,
            "price_fair": 0,
            "eps_avg_yearly": 0,
            "eps_latest_yearly": 0,
            "eps_growth_yearly": 0
        },
        "20113": {
            "year_quarter": 20113,
            "year": 2011,
            "quarter": 3,
            "eps": -0.08,
            "eps_growth_year": null,
            "eps_4q": -0.83,
            "eps_4q_growth_year": null,
            "roe": -64.54,
            "roe_4q": -223.99,
            "gross_profit": 17,
            "gross_margin": 3.64,
            "gross_margin_4q_avg": 8.62,
            "net_income": -9086,
            "net_income_4q": null,
            "revenue": 467,
            "revenue_4q": null,
            "common_shares": 1113210,
            "book_valuer_per_share": 0.09,
            "book_valuer_per_share_4q_avg": 0.21,
            "equity": 9534,
            "current_ratio": 28.79,
            "debt_ratio": 66.73,
            "inventory_turnover_ratio": null,
            "account_receivable_turnover_ratio": 0.61,
            "reinvestment_rate": null,
            "research_to_sale_ratio": 0,
            "price_fair": 0,
            "eps_avg_yearly": 0,
            "eps_latest_yearly": 0,
            "eps_growth_yearly": 0
        },
        "20114": {
            "year_quarter": 20114,
            "year": 2011,
            "quarter": 4,
            "eps": -0.04,
            "eps_growth_year": null,
            "eps_4q": -0.26,
            "eps_4q_growth_year": null,
            "roe": -61.03,
            "roe_4q": -185.06000000000003,
            "gross_profit": 42,
            "gross_margin": 3.48,
            "gross_margin_4q_avg": 8,
            "net_income": -4458,
            "net_income_4q": null,
            "revenue": 1208,
            "revenue_4q": null,
            "common_shares": 1113210,
            "book_valuer_per_share": 0.05,
            "book_valuer_per_share_4q_avg": 0.15,
            "equity": 5076,
            "current_ratio": 59.23,
            "debt_ratio": 85.49,
            "inventory_turnover_ratio": null,
            "account_receivable_turnover_ratio": 0.43,
            "reinvestment_rate": null,
            "research_to_sale_ratio": 0,
            "price_fair": 0,
            "eps_avg_yearly": 0,
            "eps_latest_yearly": 0,
            "eps_growth_yearly": 0
        },
        "20121": {
            "year_quarter": 20121,
            "year": 2012,
            "quarter": 1,
            "eps": -0.03,
            "eps_growth_year": null,
            "eps_4q": -0.25,
            "eps_4q_growth_year": null,
            "roe": -82.51,
            "roe_4q": -254.42000000000004,
            "gross_profit": 203,
            "gross_margin": 9.17,
            "gross_margin_4q_avg": 7.46,
            "net_income": -2965,
            "net_income_4q": null,
            "revenue": 2214,
            "revenue_4q": null,
            "common_shares": 1113210,
            "book_valuer_per_share": 0.02,
            "book_valuer_per_share_4q_avg": 0.08,
            "equity": 2111,
            "current_ratio": 30.2,
            "debt_ratio": 90.67,
            "inventory_turnover_ratio": null,
            "account_receivable_turnover_ratio": 0.47,
            "reinvestment_rate": null,
            "research_to_sale_ratio": null,
            "price_fair": 0,
            "eps_avg_yearly": 0,
            "eps_latest_yearly": 0,
            "eps_growth_yearly": 0
        },
        "20122": {
            "year_quarter": 20122,
            "year": 2012,
            "quarter": 2,
            "eps": 0,
            "eps_growth_year": null,
            "eps_4q": -0.84,
            "eps_4q_growth_year": null,
            "roe": 0.99,
            "roe_4q": -207.09000000000003,
            "gross_profit": 214,
            "gross_margin": -11.91,
            "gross_margin_4q_avg": 1.1,
            "net_income": 46,
            "net_income_4q": null,
            "revenue": -1797,
            "revenue_4q": null,
            "common_shares": 195710,
            "book_valuer_per_share": 0.37,
            "book_valuer_per_share_4q_avg": 0.13,
            "equity": 7157,
            "current_ratio": 299.07,
            "debt_ratio": 31.87,
            "inventory_turnover_ratio": null,
            "account_receivable_turnover_ratio": -0.63,
            "reinvestment_rate": null,
            "research_to_sale_ratio": null,
            "price_fair": 0,
            "eps_avg_yearly": 0,
            "eps_latest_yearly": 0,
            "eps_growth_yearly": 0
        },
        "20123": {
            "year_quarter": 20123,
            "year": 2012,
            "quarter": 3,
            "eps": -0.11,
            "eps_growth_year": null,
            "eps_4q": -0.49,
            "eps_4q_growth_year": null,
            "roe": -36.92,
            "roe_4q": -179.47,
            "gross_profit": 2970,
            "gross_margin": 9.76,
            "gross_margin_4q_avg": 2.63,
            "net_income": -2231,
            "net_income_4q": null,
            "revenue": 30415,
            "revenue_4q": null,
            "common_shares": 195710,
            "book_valuer_per_share": 0.25,
            "book_valuer_per_share_4q_avg": 0.17,
            "equity": 4927,
            "current_ratio": 108.17,
            "debt_ratio": 84.79,
            "inventory_turnover_ratio": null,
            "account_receivable_turnover_ratio": 3.63,
            "reinvestment_rate": null,
            "research_to_sale_ratio": 0,
            "price_fair": 0,
            "eps_avg_yearly": 0,
            "eps_latest_yearly": 0,
            "eps_growth_yearly": 0
        },
        "20124": {
            "year_quarter": 20124,
            "year": 2012,
            "quarter": 4,
            "eps": 0.36,
            "eps_growth_year": null,
            "eps_4q": 0.16,
            "eps_4q_growth_year": null,
            "roe": 13.24,
            "roe_4q": -105.2,
            "gross_profit": 16950,
            "gross_margin": 13.88,
            "gross_margin_4q_avg": 5.23,
            "net_income": 9203,
            "net_income_4q": null,
            "revenue": 122088,
            "revenue_4q": null,
            "common_shares": 255710,
            "book_valuer_per_share": 5.25,
            "book_valuer_per_share_4q_avg": 1.47,
            "equity": 134129,
            "current_ratio": 277.47,
            "debt_ratio": 35.62,
            "inventory_turnover_ratio": null,
            "account_receivable_turnover_ratio": 2.52,
            "reinvestment_rate": null,
            "research_to_sale_ratio": 0,
            "price_fair": 0,
            "eps_avg_yearly": 0,
            "eps_latest_yearly": 0,
            "eps_growth_yearly": 0
        },
        "20131": {
            "year_quarter": 20131,
            "year": 2013,
            "quarter": 1,
            "eps": 0.05,
            "eps_growth_year": null,
            "eps_4q": 0.31,
            "eps_4q_growth_year": null,
            "roe": 0.48,
            "roe_4q": -22.210000000000004,
            "gross_profit": 36819,
            "gross_margin": 14.16,
            "gross_margin_4q_avg": 6.47,
            "net_income": 665,
            "net_income_4q": null,
            "revenue": 259929,
            "revenue_4q": null,
            "common_shares": 275710,
            "book_valuer_per_share": 4.26,
            "book_valuer_per_share_4q_avg": 2.53,
            "equity": 142627,
            "current_ratio": 222.13,
            "debt_ratio": 44.76,
            "inventory_turnover_ratio": 199.56,
            "account_receivable_turnover_ratio": 2.65,
            "reinvestment_rate": null,
            "research_to_sale_ratio": null,
            "price_fair": 0.6,
            "eps_avg_yearly": 0.2,
            "eps_latest_yearly": 0.2,
            "eps_growth_yearly": -344.44
        },
        "20132": {
            "year_quarter": 20132,
            "year": 2013,
            "quarter": 2,
            "eps": 0.17,
            "eps_growth_year": 7134.04,
            "eps_4q": 0.41,
            "eps_4q_growth_year": null,
            "roe": 2.62,
            "roe_4q": -20.580000000000002,
            "gross_profit": 39062,
            "gross_margin": 13.85,
            "gross_margin_4q_avg": 12.91,
            "net_income": 5074,
            "net_income_4q": null,
            "revenue": 282038,
            "revenue_4q": null,
            "common_shares": 320710,
            "book_valuer_per_share": 6.81,
            "book_valuer_per_share_4q_avg": 4.14,
            "equity": 244134,
            "current_ratio": 295.42,
            "debt_ratio": 32.62,
            "inventory_turnover_ratio": 73.8,
            "account_receivable_turnover_ratio": 2.51,
            "reinvestment_rate": null,
            "research_to_sale_ratio": null,
            "price_fair": 15.4,
            "eps_avg_yearly": 0.44,
            "eps_latest_yearly": 0.68,
            "eps_growth_yearly": 307.78
        },
        "20133": {
            "year_quarter": 20133,
            "year": 2013,
            "quarter": 3,
            "eps": -0.03,
            "eps_growth_year": null,
            "eps_4q": 0.46,
            "eps_4q_growth_year": null,
            "roe": -0.02,
            "roe_4q": 16.32,
            "gross_profit": 36083,
            "gross_margin": 13.11,
            "gross_margin_4q_avg": 13.75,
            "net_income": -59,
            "net_income_4q": null,
            "revenue": 275158,
            "revenue_4q": null,
            "common_shares": 320710,
            "book_valuer_per_share": 6.74,
            "book_valuer_per_share_4q_avg": 5.77,
            "equity": 242169,
            "current_ratio": 277.76,
            "debt_ratio": 32.53,
            "inventory_turnover_ratio": 81.67,
            "account_receivable_turnover_ratio": 2.5,
            "reinvestment_rate": null,
            "research_to_sale_ratio": null,
            "price_fair": 15.4,
            "eps_avg_yearly": 0.44,
            "eps_latest_yearly": 0.68,
            "eps_growth_yearly": 307.78
        },
        "20134": {
            "year_quarter": 20134,
            "year": 2013,
            "quarter": 4,
            "eps": 0.44,
            "eps_growth_year": 22.83,
            "eps_4q": 0.76,
            "eps_4q_growth_year": 378.3,
            "roe": 3.4,
            "roe_4q": 6.48,
            "gross_profit": 49535,
            "gross_margin": 15.77,
            "gross_margin_4q_avg": 14.22,
            "net_income": 8647,
            "net_income_4q": null,
            "revenue": 314139,
            "revenue_4q": null,
            "common_shares": 171269,
            "book_valuer_per_share": 13.96,
            "book_valuer_per_share_4q_avg": 7.94,
            "equity": 266446,
            "current_ratio": 227.53,
            "debt_ratio": 33.09,
            "inventory_turnover_ratio": 327.68,
            "account_receivable_turnover_ratio": 2.56,
            "reinvestment_rate": null,
            "research_to_sale_ratio": null,
            "price_fair": 15.4,
            "eps_avg_yearly": 0.44,
            "eps_latest_yearly": 0.68,
            "eps_growth_yearly": 307.78
        },
        "20141": {
            "year_quarter": 20141,
            "year": 2014,
            "quarter": 1,
            "eps": 0.16,
            "eps_growth_year": 220,
            "eps_4q": 0.7,
            "eps_4q_growth_year": 127.47,
            "roe": 0.6,
            "roe_4q": 6.6,
            "gross_profit": 107882,
            "gross_margin": 10,
            "gross_margin_4q_avg": 13.18,
            "net_income": 1684,
            "net_income_4q": null,
            "revenue": 1078924,
            "revenue_4q": null,
            "common_shares": 211269,
            "book_valuer_per_share": 12.82,
            "book_valuer_per_share_4q_avg": 10.08,
            "equity": 293721,
            "current_ratio": 135.54,
            "debt_ratio": 67.14,
            "inventory_turnover_ratio": 8787.71,
            "account_receivable_turnover_ratio": 3.18,
            "reinvestment_rate": null,
            "research_to_sale_ratio": null,
            "price_fair": 17.73,
            "eps_avg_yearly": 0.51,
            "eps_latest_yearly": 0.64,
            "eps_growth_yearly": 120.34
        },
        "20142": {
            "year_quarter": 20142,
            "year": 2014,
            "quarter": 2,
            "eps": 1.01,
            "eps_growth_year": 494.12,
            "eps_4q": 1.48,
            "eps_4q_growth_year": 258.84,
            "roe": 7.13,
            "roe_4q": 11.11,
            "gross_profit": 150896,
            "gross_margin": 9.02,
            "gross_margin_4q_avg": 11.98,
            "net_income": 21520,
            "net_income_4q": null,
            "revenue": 1673585,
            "revenue_4q": null,
            "common_shares": 211269,
            "book_valuer_per_share": 13.62,
            "book_valuer_per_share_4q_avg": 11.79,
            "equity": 310312,
            "current_ratio": 131.05,
            "debt_ratio": 70.93,
            "inventory_turnover_ratio": 4229.69,
            "account_receivable_turnover_ratio": 2.6,
            "reinvestment_rate": null,
            "research_to_sale_ratio": null,
            "price_fair": 48.65,
            "eps_avg_yearly": 1.39,
            "eps_latest_yearly": 4.04,
            "eps_growth_yearly": 621.5
        },
        "20143": {
            "year_quarter": 20143,
            "year": 2014,
            "quarter": 3,
            "eps": 1.56,
            "eps_growth_year": null,
            "eps_4q": 3.07,
            "eps_4q_growth_year": 574.33,
            "roe": 10.33,
            "roe_4q": 21.46,
            "gross_profit": 152576,
            "gross_margin": 10.55,
            "gross_margin_4q_avg": 11.34,
            "net_income": 34071,
            "net_income_4q": null,
            "revenue": 1445948,
            "revenue_4q": null,
            "common_shares": 211269,
            "book_valuer_per_share": 15.4,
            "book_valuer_per_share_4q_avg": 13.95,
            "equity": 349450,
            "current_ratio": 142.41,
            "debt_ratio": 64.3,
            "inventory_turnover_ratio": 544.92,
            "account_receivable_turnover_ratio": 2.09,
            "reinvestment_rate": null,
            "research_to_sale_ratio": null,
            "price_fair": 82.6,
            "eps_avg_yearly": 2.36,
            "eps_latest_yearly": 6.24,
            "eps_growth_yearly": 540.77
        },
        "20144": {
            "year_quarter": 20144,
            "year": 2014,
            "quarter": 4,
            "eps": 1.92,
            "eps_growth_year": 334.24,
            "eps_4q": 4.63,
            "eps_4q_growth_year": 511.32,
            "roe": 11.53,
            "roe_4q": 29.59,
            "gross_profit": 183656,
            "gross_margin": 12.54,
            "gross_margin_4q_avg": 10.53,
            "net_income": 43476,
            "net_income_4q": null,
            "revenue": 1464369,
            "revenue_4q": null,
            "common_shares": 211269,
            "book_valuer_per_share": 17.82,
            "book_valuer_per_share_4q_avg": 14.92,
            "equity": 404768,
            "current_ratio": 155.77,
            "debt_ratio": 58.3,
            "inventory_turnover_ratio": 551.44,
            "account_receivable_turnover_ratio": 2.3,
            "reinvestment_rate": 67.73,
            "research_to_sale_ratio": null,
            "price_fair": 113.63,
            "eps_avg_yearly": 3.25,
            "eps_latest_yearly": 7.68,
            "eps_growth_yearly": 466.02
        },
        "20151": {
            "year_quarter": 20151,
            "year": 2015,
            "quarter": 1,
            "eps": 1.66,
            "eps_growth_year": 937.5,
            "eps_4q": 6.14,
            "eps_4q_growth_year": 781.45,
            "roe": 9.24,
            "roe_4q": 38.230000000000004,
            "gross_profit": 155292,
            "gross_margin": 12.47,
            "gross_margin_4q_avg": 11.15,
            "net_income": 39174,
            "net_income_4q": null,
            "revenue": 1244893,
            "revenue_4q": null,
            "common_shares": 211269,
            "book_valuer_per_share": 19.33,
            "book_valuer_per_share_4q_avg": 16.54,
            "equity": 443356,
            "current_ratio": 162.25,
            "debt_ratio": 56.8,
            "inventory_turnover_ratio": 3509.18,
            "account_receivable_turnover_ratio": 2.06,
            "reinvestment_rate": 34.35,
            "research_to_sale_ratio": null,
            "price_fair": 130.6,
            "eps_avg_yearly": 3.73,
            "eps_latest_yearly": 6.64,
            "eps_growth_yearly": 391.71
        },
        "20152": {
            "year_quarter": 20152,
            "year": 2015,
            "quarter": 2,
            "eps": 2.38,
            "eps_growth_year": 135.64,
            "eps_4q": 5.22,
            "eps_4q_growth_year": 253.48,
            "roe": 11.59,
            "roe_4q": 42.69,
            "gross_profit": 205116,
            "gross_margin": 12.36,
            "gross_margin_4q_avg": 11.98,
            "net_income": 54720,
            "net_income_4q": null,
            "revenue": 1659597,
            "revenue_4q": null,
            "common_shares": 211269,
            "book_valuer_per_share": 20.89,
            "book_valuer_per_share_4q_avg": 18.36,
            "equity": 500765,
            "current_ratio": 155.09,
            "debt_ratio": 61.09,
            "inventory_turnover_ratio": 12758.61,
            "account_receivable_turnover_ratio": 2.53,
            "reinvestment_rate": 14.85,
            "research_to_sale_ratio": null,
            "price_fair": 155.93,
            "eps_avg_yearly": 4.46,
            "eps_latest_yearly": 9.52,
            "eps_growth_yearly": 364.43
        },
        "20153": {
            "year_quarter": 20153,
            "year": 2015,
            "quarter": 3,
            "eps": 2.48,
            "eps_growth_year": 58.97,
            "eps_4q": 7.44,
            "eps_4q_growth_year": 142.01,
            "roe": 9.63,
            "roe_4q": 41.99,
            "gross_profit": 202520,
            "gross_margin": 13.44,
            "gross_margin_4q_avg": 12.7,
            "net_income": 63425,
            "net_income_4q": null,
            "revenue": 1506809,
            "revenue_4q": null,
            "common_shares": 251269,
            "book_valuer_per_share": 30.88,
            "book_valuer_per_share_4q_avg": 22.23,
            "equity": 815857,
            "current_ratio": 181.05,
            "debt_ratio": 44.27,
            "inventory_turnover_ratio": 11195.61,
            "account_receivable_turnover_ratio": 2.11,
            "reinvestment_rate": 10.79,
            "research_to_sale_ratio": null,
            "price_fair": 177.18,
            "eps_avg_yearly": 5.06,
            "eps_latest_yearly": 9.92,
            "eps_growth_yearly": 325.81
        },
        "20154": {
            "year_quarter": 20154,
            "year": 2015,
            "quarter": 4,
            "eps": 2.2,
            "eps_growth_year": 14.56,
            "eps_4q": 8.02,
            "eps_4q_growth_year": 73.11,
            "roe": 18.66,
            "roe_4q": 49.12,
            "gross_profit": 492495,
            "gross_margin": 14.78,
            "gross_margin_4q_avg": 13.26,
            "net_income": 142987,
            "net_income_4q": null,
            "revenue": 3331611,
            "revenue_4q": null,
            "common_shares": 251269,
            "book_valuer_per_share": 23.18,
            "book_valuer_per_share_4q_avg": 23.57,
            "equity": 716291,
            "current_ratio": 170.2,
            "debt_ratio": 56.13,
            "inventory_turnover_ratio": 228.18,
            "account_receivable_turnover_ratio": 4.05,
            "reinvestment_rate": 15.23,
            "research_to_sale_ratio": null,
            "price_fair": 190.26,
            "eps_avg_yearly": 5.44,
            "eps_latest_yearly": 8.8,
            "eps_growth_yearly": 288.71
        },
        "20161": {
            "year_quarter": 20161,
            "year": 2016,
            "quarter": 1,
            "eps": 1.89,
            "eps_growth_year": 13.86,
            "eps_4q": 8.52,
            "eps_4q_growth_year": 38.71,
            "roe": 7.55,
            "roe_4q": 47.43000000000001,
            "gross_profit": 258434,
            "gross_margin": 14.25,
            "gross_margin_4q_avg": 13.71,
            "net_income": 54822,
            "net_income_4q": null,
            "revenue": 1814028,
            "revenue_4q": null,
            "common_shares": 251269,
            "book_valuer_per_share": 24.72,
            "book_valuer_per_share_4q_avg": 24.92,
            "equity": 736278,
            "current_ratio": 183.61,
            "debt_ratio": 52.09,
            "inventory_turnover_ratio": 102.86,
            "account_receivable_turnover_ratio": 1.97,
            "reinvestment_rate": 11.91,
            "research_to_sale_ratio": null,
            "price_fair": 197.02,
            "eps_avg_yearly": 5.63,
            "eps_latest_yearly": 7.56,
            "eps_growth_yearly": 257.34
        },
        "20162": {
            "year_quarter": 20162,
            "year": 2016,
            "quarter": 2,
            "eps": 2.5,
            "eps_growth_year": 5.04,
            "eps_4q": 9.02,
            "eps_4q_growth_year": 72.74,
            "roe": 12.63,
            "roe_4q": 48.470000000000006,
            "gross_profit": 281551,
            "gross_margin": 14.22,
            "gross_margin_4q_avg": 14.17,
            "net_income": 84769,
            "net_income_4q": null,
            "revenue": 1980259,
            "revenue_4q": null,
            "common_shares": 251269,
            "book_valuer_per_share": 19.19,
            "book_valuer_per_share_4q_avg": 24.49,
            "equity": 606179,
            "current_ratio": 154.31,
            "debt_ratio": 62.44,
            "inventory_turnover_ratio": 312.38,
            "account_receivable_turnover_ratio": 2.25,
            "reinvestment_rate": 9.77,
            "research_to_sale_ratio": null,
            "price_fair": 209.77,
            "eps_avg_yearly": 5.99,
            "eps_latest_yearly": 10,
            "eps_growth_yearly": 246.65
        },
        "20163": {
            "year_quarter": 20163,
            "year": 2016,
            "quarter": 3,
            "eps": 2.63,
            "eps_growth_year": 6.05,
            "eps_4q": 9.22,
            "eps_4q_growth_year": 23.93,
            "roe": 13.64,
            "roe_4q": 52.480000000000004,
            "gross_profit": 286903,
            "gross_margin": 14.94,
            "gross_margin_4q_avg": 14.55,
            "net_income": 87029,
            "net_income_4q": null,
            "revenue": 1919979,
            "revenue_4q": null,
            "common_shares": 251269,
            "book_valuer_per_share": 21.26,
            "book_valuer_per_share_4q_avg": 22.09,
            "equity": 669752,
            "current_ratio": 174.36,
            "debt_ratio": 55.17,
            "inventory_turnover_ratio": 140.9,
            "account_receivable_turnover_ratio": 2.17,
            "reinvestment_rate": 8.88,
            "research_to_sale_ratio": null,
            "price_fair": 221.95,
            "eps_avg_yearly": 6.34,
            "eps_latest_yearly": 10.52,
            "eps_growth_yearly": 229.28
        },
        "20164": {
            "year_quarter": 20164,
            "year": 2016,
            "quarter": 4,
            "eps": 3.21,
            "eps_growth_year": 45.74,
            "eps_4q": 10.22,
            "eps_4q_growth_year": 27.43,
            "roe": 14.81,
            "roe_4q": 48.63,
            "gross_profit": 310725,
            "gross_margin": 15.05,
            "gross_margin_4q_avg": 14.62,
            "net_income": 108236,
            "net_income_4q": null,
            "revenue": 2065093,
            "revenue_4q": null,
            "common_shares": 251269,
            "book_valuer_per_share": 24.93,
            "book_valuer_per_share_4q_avg": 22.53,
            "equity": 791423,
            "current_ratio": 185.9,
            "debt_ratio": 52.34,
            "inventory_turnover_ratio": 108.09,
            "account_receivable_turnover_ratio": 2.2,
            "reinvestment_rate": 7.94,
            "research_to_sale_ratio": null,
            "price_fair": 238.2,
            "eps_avg_yearly": 6.81,
            "eps_latest_yearly": 12.84,
            "eps_growth_yearly": 219.2
        },
        "20171": {
            "year_quarter": 20171,
            "year": 2017,
            "quarter": 1,
            "eps": 1.73,
            "eps_growth_year": -8.47,
            "eps_4q": 10.06,
            "eps_4q_growth_year": 18.11,
            "roe": 7,
            "roe_4q": 48.080000000000005,
            "gross_profit": 240679,
            "gross_margin": 15.01,
            "gross_margin_4q_avg": 14.81,
            "net_income": 53517,
            "net_income_4q": null,
            "revenue": 1602986,
            "revenue_4q": null,
            "common_shares": 251269,
            "book_valuer_per_share": 25.36,
            "book_valuer_per_share_4q_avg": 22.69,
            "equity": 737009,
            "current_ratio": 206.49,
            "debt_ratio": 47.54,
            "inventory_turnover_ratio": 82.49,
            "account_receivable_turnover_ratio": 1.89,
            "reinvestment_rate": 5.9,
            "research_to_sale_ratio": null,
            "price_fair": 255,
            "eps_avg_yearly": 7.29,
            "eps_latest_yearly": 6.92,
            "eps_growth_yearly": 230.63
        },
        "20172": {
            "year_quarter": 20172,
            "year": 2017,
            "quarter": 2,
            "eps": 2.23,
            "eps_growth_year": -10.8,
            "eps_4q": 8.54,
            "eps_4q_growth_year": -5.33,
            "roe": 12.57,
            "roe_4q": 48.02,
            "gross_profit": 267106,
            "gross_margin": 14.62,
            "gross_margin_4q_avg": 14.91,
            "net_income": 91035,
            "net_income_4q": null,
            "revenue": 1827185,
            "revenue_4q": null,
            "common_shares": 251269,
            "book_valuer_per_share": 22.13,
            "book_valuer_per_share_4q_avg": 23.42,
            "equity": 711494,
            "current_ratio": 178.65,
            "debt_ratio": 55,
            "inventory_turnover_ratio": 95.29,
            "account_receivable_turnover_ratio": 2.41,
            "reinvestment_rate": 3.02,
            "research_to_sale_ratio": null,
            "price_fair": 275.6,
            "eps_avg_yearly": 7.87,
            "eps_latest_yearly": 8.92,
            "eps_growth_yearly": 170.32
        },
        "20173": {
            "year_quarter": 20173,
            "year": 2017,
            "quarter": 3,
            "eps": 3.03,
            "eps_growth_year": 15.21,
            "eps_4q": 9.37,
            "eps_4q_growth_year": 1.69,
            "roe": 14.7,
            "roe_4q": 49.08,
            "gross_profit": 282292,
            "gross_margin": 16.5,
            "gross_margin_4q_avg": 15.3,
            "net_income": 112712,
            "net_income_4q": null,
            "revenue": 1710782,
            "revenue_4q": null,
            "common_shares": 301523,
            "book_valuer_per_share": 21.4,
            "book_valuer_per_share_4q_avg": 23.46,
            "equity": 821969,
            "current_ratio": 187.74,
            "debt_ratio": 50.7,
            "inventory_turnover_ratio": 85.42,
            "account_receivable_turnover_ratio": 2.08,
            "reinvestment_rate": 0.15,
            "research_to_sale_ratio": null,
            "price_fair": 285.51,
            "eps_avg_yearly": 8.16,
            "eps_latest_yearly": 12.12,
            "eps_growth_yearly": 168.53
        },
        "20174": {
            "year_quarter": 20174,
            "year": 2017,
            "quarter": 4,
            "eps": 3.11,
            "eps_growth_year": -2.89,
            "eps_4q": 9.82,
            "eps_4q_growth_year": -3.99,
            "roe": 17.2,
            "roe_4q": 51.47,
            "gross_profit": 403706,
            "gross_margin": 16.23,
            "gross_margin_4q_avg": 15.59,
            "net_income": 147425,
            "net_income_4q": null,
            "revenue": 2486959,
            "revenue_4q": null,
            "common_shares": 301523,
            "book_valuer_per_share": 22.17,
            "book_valuer_per_share_4q_avg": 22.77,
            "equity": 892663,
            "current_ratio": 187.43,
            "debt_ratio": 53.47,
            "inventory_turnover_ratio": 143.94,
            "account_receivable_turnover_ratio": 2.63,
            "reinvestment_rate": 0.41,
            "research_to_sale_ratio": null,
            "price_fair": 294.88,
            "eps_avg_yearly": 8.43,
            "eps_latest_yearly": 12.44,
            "eps_growth_yearly": 158.66
        },
        "20181": {
            "year_quarter": 20181,
            "year": 2018,
            "quarter": 1,
            "eps": 1.35,
            "eps_growth_year": -21.97,
            "eps_4q": 9.72,
            "eps_4q_growth_year": -3.36,
            "roe": 5.35,
            "roe_4q": 49.82,
            "gross_profit": 224573,
            "gross_margin": 14.02,
            "gross_margin_4q_avg": 15.34,
            "net_income": 46138,
            "net_income_4q": null,
            "revenue": 1601315,
            "revenue_4q": null,
            "common_shares": 301523,
            "book_valuer_per_share": 23.01,
            "book_valuer_per_share_4q_avg": 22.18,
            "equity": 832046,
            "current_ratio": 218.32,
            "debt_ratio": 46.69,
            "inventory_turnover_ratio": 150.09,
            "account_receivable_turnover_ratio": 1.76,
            "reinvestment_rate": -0.64,
            "research_to_sale_ratio": null,
            "price_fair": 305.29,
            "eps_avg_yearly": 8.72,
            "eps_latest_yearly": 5.4,
            "eps_growth_yearly": 160.42
        },
        "20182": {
            "year_quarter": 20182,
            "year": 2018,
            "quarter": 2,
            "eps": 3.78,
            "eps_growth_year": 69.51,
            "eps_4q": 11.26,
            "eps_4q_growth_year": 31.92,
            "roe": 17.48,
            "roe_4q": 54.730000000000004,
            "gross_profit": 343313,
            "gross_margin": 14.88,
            "gross_margin_4q_avg": 15.41,
            "net_income": 138930,
            "net_income_4q": null,
            "revenue": 2306714,
            "revenue_4q": null,
            "common_shares": 301523,
            "book_valuer_per_share": 19.71,
            "book_valuer_per_share_4q_avg": 21.57,
            "equity": 757636,
            "current_ratio": 152.58,
            "debt_ratio": 64.81,
            "inventory_turnover_ratio": 47.36,
            "account_receivable_turnover_ratio": 2.41,
            "reinvestment_rate": 0.14,
            "research_to_sale_ratio": null,
            "price_fair": 329.53,
            "eps_avg_yearly": 9.42,
            "eps_latest_yearly": 15.12,
            "eps_growth_yearly": 72.61
        },
        "20183": {
            "year_quarter": 20183,
            "year": 2018,
            "quarter": 3,
            "eps": 3.82,
            "eps_growth_year": 26.07,
            "eps_4q": 12.06,
            "eps_4q_growth_year": 28.63,
            "roe": 14.91,
            "roe_4q": 54.94,
            "gross_profit": 315577,
            "gross_margin": 16.13,
            "gross_margin_4q_avg": 15.32,
            "net_income": 122350,
            "net_income_4q": null,
            "revenue": 1956273,
            "revenue_4q": null,
            "common_shares": 301523,
            "book_valuer_per_share": 23.55,
            "book_valuer_per_share_4q_avg": 22.11,
            "equity": 883153,
            "current_ratio": 188.52,
            "debt_ratio": 54.16,
            "inventory_turnover_ratio": 23.36,
            "account_receivable_turnover_ratio": 1.82,
            "reinvestment_rate": -0.76,
            "research_to_sale_ratio": null,
            "price_fair": 349.3,
            "eps_avg_yearly": 9.98,
            "eps_latest_yearly": 15.28,
            "eps_growth_yearly": 59.26
        },
        "20184": {
            "year_quarter": 20184,
            "year": 2018,
            "quarter": 4,
            "eps": 4.23,
            "eps_growth_year": 35.86,
            "eps_4q": 13.17,
            "eps_4q_growth_year": 34.21,
            "roe": 14.88,
            "roe_4q": 52.62,
            "gross_profit": 380177,
            "gross_margin": 17.98,
            "gross_margin_4q_avg": 15.75,
            "net_income": 143492,
            "net_income_4q": null,
            "revenue": 2114806,
            "revenue_4q": null,
            "common_shares": 301523,
            "book_valuer_per_share": 27.85,
            "book_valuer_per_share_4q_avg": 23.53,
            "equity": 1045331,
            "current_ratio": 197.72,
            "debt_ratio": 52.2,
            "inventory_turnover_ratio": 24.95,
            "account_receivable_turnover_ratio": 1.88,
            "reinvestment_rate": -1.31,
            "research_to_sale_ratio": null,
            "price_fair": 369.51,
            "eps_avg_yearly": 10.56,
            "eps_latest_yearly": 16.92,
            "eps_growth_yearly": 56.17
        },
        "20191": {
            "year_quarter": 20191,
            "year": 2019,
            "quarter": 1,
            "eps": 1.41,
            "eps_growth_year": 4.44,
            "eps_4q": 13.23,
            "eps_4q_growth_year": 36.03,
            "roe": 4.08,
            "roe_4q": 51.35000000000001,
            "gross_profit": 229687,
            "gross_margin": 14.81,
            "gross_margin_4q_avg": 15.95,
            "net_income": 42592,
            "net_income_4q": null,
            "revenue": 1551192,
            "revenue_4q": null,
            "common_shares": 301523,
            "book_valuer_per_share": 29.36,
            "book_valuer_per_share_4q_avg": 25.12,
            "equity": 1040226,
            "current_ratio": 215.04,
            "debt_ratio": 48.61,
            "inventory_turnover_ratio": 18.42,
            "account_receivable_turnover_ratio": 1.42,
            "reinvestment_rate": 1.1,
            "research_to_sale_ratio": null,
            "price_fair": 367.33,
            "eps_avg_yearly": 10.5,
            "eps_latest_yearly": 5.64,
            "eps_growth_yearly": 42.89
        },
        "20192": {
            "year_quarter": 20192,
            "year": 2019,
            "quarter": 2,
            "eps": 2.12,
            "eps_growth_year": -43.92,
            "eps_4q": 11.57,
            "eps_4q_growth_year": 2.72,
            "roe": 8.71,
            "roe_4q": 42.58,
            "gross_profit": 308893,
            "gross_margin": 15.29,
            "gross_margin_4q_avg": 16.05,
            "net_income": 80155,
            "net_income_4q": null,
            "revenue": 2020563,
            "revenue_4q": null,
            "common_shares": 301523,
            "book_valuer_per_share": 21.62,
            "book_valuer_per_share_4q_avg": 25.6,
            "equity": 799554,
            "current_ratio": 149.84,
            "debt_ratio": 65.1,
            "inventory_turnover_ratio": 41.06,
            "account_receivable_turnover_ratio": 1.87,
            "reinvestment_rate": 1.3,
            "research_to_sale_ratio": null,
            "price_fair": 365.05,
            "eps_avg_yearly": 10.43,
            "eps_latest_yearly": 8.48,
            "eps_growth_yearly": 44.64
        },
        "20193": {
            "year_quarter": 20193,
            "year": 2019,
            "quarter": 3,
            "eps": 2.3,
            "eps_growth_year": -39.79,
            "eps_4q": 10.05,
            "eps_4q_growth_year": -16.64,
            "roe": 11.44,
            "roe_4q": 39.11,
            "gross_profit": 297177,
            "gross_margin": 15.96,
            "gross_margin_4q_avg": 16.01,
            "net_income": 98243,
            "net_income_4q": null,
            "revenue": 1862357,
            "revenue_4q": null,
            "common_shares": 301523,
            "book_valuer_per_share": 23.82,
            "book_valuer_per_share_4q_avg": 25.66,
            "equity": 917239,
            "current_ratio": 169.5,
            "debt_ratio": 58.78,
            "inventory_turnover_ratio": 95.83,
            "account_receivable_turnover_ratio": 1.55,
            "reinvestment_rate": 1.45,
            "research_to_sale_ratio": null,
            "price_fair": 363.48,
            "eps_avg_yearly": 10.39,
            "eps_latest_yearly": 9.2,
            "eps_growth_yearly": 45.71
        },
        "20194": {
            "year_quarter": 20194,
            "year": 2019,
            "quarter": 4,
            "eps": 1.06,
            "eps_growth_year": -74.98,
            "eps_4q": 6.88,
            "eps_4q_growth_year": -47.77,
            "roe": 4.85,
            "roe_4q": 29.08,
            "gross_profit": 286066,
            "gross_margin": 15.56,
            "gross_margin_4q_avg": 15.41,
            "net_income": 45097,
            "net_income_4q": null,
            "revenue": 1838206,
            "revenue_4q": null,
            "common_shares": 301523,
            "book_valuer_per_share": 24.5,
            "book_valuer_per_share_4q_avg": 24.83,
            "equity": 941551,
            "current_ratio": 241.79,
            "debt_ratio": 54.75,
            "inventory_turnover_ratio": 134.33,
            "account_receivable_turnover_ratio": 1.6,
            "reinvestment_rate": 0.67,
            "research_to_sale_ratio": null,
            "price_fair": 353.5,
            "eps_avg_yearly": 10.1,
            "eps_latest_yearly": 4.24,
            "eps_growth_yearly": 35.05
        },
        "20201": {
            "year_quarter": 20201,
            "year": 2020,
            "quarter": 1,
            "eps": 0.02,
            "eps_growth_year": -98.58,
            "eps_4q": 5.54,
            "eps_4q_growth_year": -58.15,
            "roe": 0.93,
            "roe_4q": 25.93,
            "gross_profit": 165142,
            "gross_margin": 13.14,
            "gross_margin_4q_avg": 14.99,
            "net_income": 8695,
            "net_income_4q": null,
            "revenue": 1256333,
            "revenue_4q": null,
            "common_shares": 301523,
            "book_valuer_per_share": 24.37,
            "book_valuer_per_share_4q_avg": 23.58,
            "equity": 930217,
            "current_ratio": 244.92,
            "debt_ratio": 54.17,
            "inventory_turnover_ratio": 264.53,
            "account_receivable_turnover_ratio": 1.25,
            "reinvestment_rate": 3.72,
            "research_to_sale_ratio": null,
            "price_fair": 231.64,
            "eps_avg_yearly": 9.63,
            "eps_latest_yearly": 0.08,
            "eps_growth_yearly": 14.05
        },
        "20202": {
            "year_quarter": 20202,
            "year": 2020,
            "quarter": 2,
            "eps": -0.75,
            "eps_growth_year": -135.38,
            "eps_4q": 2.68,
            "eps_4q_growth_year": -76.8,
            "roe": -1.29,
            "roe_4q": 15.93,
            "gross_profit": 139611,
            "gross_margin": 14.42,
            "gross_margin_4q_avg": 14.77,
            "net_income": -10257,
            "net_income_4q": null,
            "revenue": 968414,
            "revenue_4q": null,
            "common_shares": 301523,
            "book_valuer_per_share": 16.97,
            "book_valuer_per_share_4q_avg": 22.42,
            "equity": 665101,
            "current_ratio": 169.75,
            "debt_ratio": 68.88,
            "inventory_turnover_ratio": 196.12,
            "account_receivable_turnover_ratio": 1.21,
            "reinvestment_rate": 4.37,
            "research_to_sale_ratio": null,
            "price_fair": 157.35,
            "eps_avg_yearly": 9.61,
            "eps_latest_yearly": 0.08,
            "eps_growth_yearly": 6.38
        },
        "20203": {
            "year_quarter": 20203,
            "year": 2020,
            "quarter": 3,
            "eps": 2.27,
            "eps_growth_year": -1.3,
            "eps_4q": 2.61,
            "eps_4q_growth_year": -74.01,
            "roe": 14.18,
            "roe_4q": 18.67,
            "gross_profit": 303396,
            "gross_margin": 14.26,
            "gross_margin_4q_avg": 14.35,
            "net_income": 99504,
            "net_income_4q": null,
            "revenue": 2127266,
            "revenue_4q": null,
            "common_shares": 301523,
            "book_valuer_per_share": 18.86,
            "book_valuer_per_share_4q_avg": 21.18,
            "equity": 738509,
            "current_ratio": 177.12,
            "debt_ratio": 66.96,
            "inventory_turnover_ratio": 118.48,
            "account_receivable_turnover_ratio": 2.56,
            "reinvestment_rate": 4.43,
            "research_to_sale_ratio": null,
            "price_fair": 146.46,
            "eps_avg_yearly": 9.54,
            "eps_latest_yearly": 0.08,
            "eps_growth_yearly": 5.35
        },
        "20204": {
            "year_quarter": 20204,
            "year": 2020,
            "quarter": 4,
            "eps": 0.91,
            "eps_growth_year": -14.34,
            "eps_4q": 2.44,
            "eps_4q_growth_year": -64.5,
            "roe": 7.42,
            "roe_4q": 21.240000000000002,
            "gross_profit": 251649,
            "gross_margin": 12.18,
            "gross_margin_4q_avg": 13.5,
            "net_income": 55628,
            "net_income_4q": null,
            "revenue": 2066935,
            "revenue_4q": null,
            "common_shares": 301523,
            "book_valuer_per_share": 19.13,
            "book_valuer_per_share_4q_avg": 19.83,
            "equity": 760357,
            "current_ratio": 184.29,
            "debt_ratio": 65.72,
            "inventory_turnover_ratio": 51.98,
            "account_receivable_turnover_ratio": 2.24,
            "reinvestment_rate": 4.38,
            "research_to_sale_ratio": null,
            "price_fair": 26.66,
            "eps_avg_yearly": 8.89,
            "eps_latest_yearly": 3.64,
            "eps_growth_yearly": -18.07
        },
        "20211": {
            "year_quarter": 20211,
            "year": 2021,
            "quarter": 1,
            "eps": 0.48,
            "eps_growth_year": 2300,
            "eps_4q": 2.9,
            "eps_4q_growth_year": -47.63,
            "roe": 4.92,
            "roe_4q": 25.23,
            "gross_profit": 182694,
            "gross_margin": 12.12,
            "gross_margin_4q_avg": 13.25,
            "net_income": 37330,
            "net_income_4q": null,
            "revenue": 1507494,
            "revenue_4q": null,
            "common_shares": 301523,
            "book_valuer_per_share": 19.62,
            "book_valuer_per_share_4q_avg": 18.65,
            "equity": 757910,
            "current_ratio": 193.81,
            "debt_ratio": 64.2,
            "inventory_turnover_ratio": 18.93,
            "account_receivable_turnover_ratio": 1.74,
            "reinvestment_rate": 5.09,
            "research_to_sale_ratio": null,
            "price_fair": 25.59,
            "eps_avg_yearly": 8.53,
            "eps_latest_yearly": 1.92,
            "eps_growth_yearly": -18.4
        },
        "20212": {
            "year_quarter": 20212,
            "year": 2021,
            "quarter": 2,
            "eps": 0.09,
            "eps_growth_year": null,
            "eps_4q": 3.74,
            "eps_4q_growth_year": 39.44,
            "roe": 2.99,
            "roe_4q": 29.509999999999998,
            "gross_profit": 186473,
            "gross_margin": 10.79,
            "gross_margin_4q_avg": 12.34,
            "net_income": 22472,
            "net_income_4q": null,
            "revenue": 1727633,
            "revenue_4q": null,
            "common_shares": 301523,
            "book_valuer_per_share": 19.27,
            "book_valuer_per_share_4q_avg": 19.22,
            "equity": 744896,
            "current_ratio": 194.72,
            "debt_ratio": 64.52,
            "inventory_turnover_ratio": 16.38,
            "account_receivable_turnover_ratio": 2.04,
            "reinvestment_rate": 5.38,
            "research_to_sale_ratio": null,
            "price_fair": 23.75,
            "eps_avg_yearly": 7.92,
            "eps_latest_yearly": 0.36,
            "eps_growth_yearly": -49.87
        },
        "20213": {
            "year_quarter": 20213,
            "year": 2021,
            "quarter": 3,
            "eps": -0.03,
            "eps_growth_year": -101.32,
            "eps_4q": 1.44,
            "eps_4q_growth_year": -44.75,
            "roe": 1.62,
            "roe_4q": 16.950000000000003,
            "gross_profit": 146499,
            "gross_margin": 11.97,
            "gross_margin_4q_avg": 11.77,
            "net_income": 11329,
            "net_income_4q": null,
            "revenue": 1223506,
            "revenue_4q": null,
            "common_shares": 301523,
            "book_valuer_per_share": 16.23,
            "book_valuer_per_share_4q_avg": 18.56,
            "equity": 657539,
            "current_ratio": 212.35,
            "debt_ratio": 63.6,
            "inventory_turnover_ratio": 12.3,
            "account_receivable_turnover_ratio": 1.74,
            "reinvestment_rate": 6.3,
            "research_to_sale_ratio": null,
            "price_fair": 22.78,
            "eps_avg_yearly": 7.59,
            "eps_latest_yearly": 0.36,
            "eps_growth_yearly": -64.75
        },
        "20214": {
            "year_quarter": 20214,
            "year": 2021,
            "quarter": 4,
            "eps": 0.58,
            "eps_growth_year": -36.48,
            "eps_4q": 1.11,
            "eps_4q_growth_year": -54.45,
            "roe": 5.78,
            "roe_4q": 15.31,
            "gross_profit": 177583,
            "gross_margin": 12.14,
            "gross_margin_4q_avg": 11.76,
            "net_income": 38112,
            "net_income_4q": null,
            "revenue": 1462977,
            "revenue_4q": null,
            "common_shares": 301523,
            "book_valuer_per_share": 16.71,
            "book_valuer_per_share_4q_avg": 17.96,
            "equity": 661768,
            "current_ratio": 143.51,
            "debt_ratio": 66.24,
            "inventory_turnover_ratio": 10.67,
            "account_receivable_turnover_ratio": 2.12,
            "reinvestment_rate": 6.45,
            "research_to_sale_ratio": null,
            "price_fair": 21.57,
            "eps_avg_yearly": 7.19,
            "eps_latest_yearly": 0.36,
            "eps_growth_yearly": -71.02
        },
        "20221": {
            "year_quarter": 20221,
            "year": 2022,
            "quarter": 1,
            "eps": 0.32,
            "eps_growth_year": -33.33,
            "eps_4q": 0.96,
            "eps_4q_growth_year": -66.97,
            "roe": 3.57,
            "roe_4q": 13.959999999999999,
            "gross_profit": 160628,
            "gross_margin": 12.02,
            "gross_margin_4q_avg": 11.73,
            "net_income": 23836,
            "net_income_4q": null,
            "revenue": 1336617,
            "revenue_4q": null,
            "common_shares": 301523,
            "book_valuer_per_share": 17.68,
            "book_valuer_per_share_4q_avg": 17.47,
            "equity": 673414,
            "current_ratio": 142.2,
            "debt_ratio": 66.74,
            "inventory_turnover_ratio": 6.89,
            "account_receivable_turnover_ratio": 1.69,
            "reinvestment_rate": 7.15,
            "research_to_sale_ratio": null,
            "price_fair": 20.54,
            "eps_avg_yearly": 6.85,
            "eps_latest_yearly": 1.28,
            "eps_growth_yearly": -67.1
        },
        "20222": {
            "year_quarter": 20222,
            "year": 2022,
            "quarter": 2,
            "eps": 0.54,
            "eps_growth_year": 500,
            "eps_4q": 1.4,
            "eps_4q_growth_year": -62.47,
            "roe": 4.56,
            "roe_4q": 15.530000000000001,
            "gross_profit": 182313,
            "gross_margin": 12.53,
            "gross_margin_4q_avg": 12.17,
            "net_income": 31188,
            "net_income_4q": null,
            "revenue": 1455006,
            "revenue_4q": null,
            "common_shares": 301523,
            "book_valuer_per_share": 17.88,
            "book_valuer_per_share_4q_avg": 17.13,
            "equity": 695777,
            "current_ratio": 150.64,
            "debt_ratio": 66.17,
            "inventory_turnover_ratio": 7.49,
            "account_receivable_turnover_ratio": 1.76,
            "reinvestment_rate": 8.18,
            "research_to_sale_ratio": null,
            "price_fair": 17.3,
            "eps_avg_yearly": 5.77,
            "eps_latest_yearly": 2.16,
            "eps_growth_yearly": -104.18
        },
        "20223": {
            "year_quarter": 20223,
            "year": 2022,
            "quarter": 3,
            "eps": 0.44,
            "eps_growth_year": null,
            "eps_4q": 1.88,
            "eps_4q_growth_year": 30.32,
            "roe": 2.53,
            "roe_4q": 16.44,
            "gross_profit": 146979,
            "gross_margin": 11.97,
            "gross_margin_4q_avg": 12.17,
            "net_income": 18381,
            "net_income_4q": null,
            "revenue": 1227765,
            "revenue_4q": null,
            "common_shares": 301523,
            "book_valuer_per_share": 19.64,
            "book_valuer_per_share_4q_avg": 17.98,
            "equity": 756989,
            "current_ratio": 169.16,
            "debt_ratio": 59.63,
            "inventory_turnover_ratio": 9.28,
            "account_receivable_turnover_ratio": 1.53,
            "reinvestment_rate": 10.56,
            "research_to_sale_ratio": null,
            "price_fair": 13.92,
            "eps_avg_yearly": 4.64,
            "eps_latest_yearly": 1.76,
            "eps_growth_yearly": -110.71
        },
        "20224": {
            "year_quarter": 20224,
            "year": 2022,
            "quarter": 4,
            "eps": 0.04,
            "eps_growth_year": -93.15,
            "eps_4q": 1.34,
            "eps_4q_growth_year": 20.85,
            "roe": 1.61,
            "roe_4q": 12.27,
            "gross_profit": 158662,
            "gross_margin": 13.56,
            "gross_margin_4q_avg": 12.52,
            "net_income": 12115,
            "net_income_4q": null,
            "revenue": 1170453,
            "revenue_4q": null,
            "common_shares": 301523,
            "book_valuer_per_share": 18.96,
            "book_valuer_per_share_4q_avg": 18.54,
            "equity": 748363,
            "current_ratio": 211.55,
            "debt_ratio": 51.11,
            "inventory_turnover_ratio": 14.59,
            "account_receivable_turnover_ratio": 1.74,
            "reinvestment_rate": 12.03,
            "research_to_sale_ratio": null,
            "price_fair": 9.73,
            "eps_avg_yearly": 3.24,
            "eps_latest_yearly": 0.16,
            "eps_growth_yearly": -144.59
        },
        "20231": {
            "year_quarter": 20231,
            "year": 2023,
            "quarter": 1,
            "eps": -0.09,
            "eps_growth_year": -128.12,
            "eps_4q": 0.94,
            "eps_4q_growth_year": -2.22,
            "roe": -0.23,
            "roe_4q": 8.469999999999999,
            "gross_profit": 124638,
            "gross_margin": 12.61,
            "gross_margin_4q_avg": 12.67,
            "net_income": -1678,
            "net_income_4q": null,
            "revenue": 988415,
            "revenue_4q": null,
            "common_shares": 301523,
            "book_valuer_per_share": 18.72,
            "book_valuer_per_share_4q_avg": 18.8,
            "equity": 701932,
            "current_ratio": 197.78,
            "debt_ratio": 54.48,
            "inventory_turnover_ratio": 17.77,
            "account_receivable_turnover_ratio": 1.6,
            "reinvestment_rate": 5.03,
            "research_to_sale_ratio": null,
            "price_fair": 9.08,
            "eps_avg_yearly": 3.03,
            "eps_latest_yearly": 0.16,
            "eps_growth_yearly": -133.49
        },
        "20232": {
            "year_quarter": 20232,
            "year": 2023,
            "quarter": 2,
            "eps": 0.25,
            "eps_growth_year": -53.7,
            "eps_4q": 0.64,
            "eps_4q_growth_year": -54.16,
            "roe": 1.66,
            "roe_4q": 5.57,
            "gross_profit": 146906,
            "gross_margin": 12.67,
            "gross_margin_4q_avg": 12.7,
            "net_income": 11275,
            "net_income_4q": null,
            "revenue": 1159608,
            "revenue_4q": null,
            "common_shares": 296423,
            "book_valuer_per_share": 18.36,
            "book_valuer_per_share_4q_avg": 18.92,
            "equity": 654143,
            "current_ratio": 176.24,
            "debt_ratio": 59.39,
            "inventory_turnover_ratio": 19.99,
            "account_receivable_turnover_ratio": 1.79,
            "reinvestment_rate": 6.2,
            "research_to_sale_ratio": null,
            "price_fair": 7.44,
            "eps_avg_yearly": 2.48,
            "eps_latest_yearly": 0.16,
            "eps_growth_yearly": -166.98
        },
        "20233": {
            "year_quarter": 20233,
            "year": 2023,
            "quarter": 3,
            "eps": 0.23,
            "eps_growth_year": -47.73,
            "eps_4q": 0.43,
            "eps_4q_growth_year": -77.31,
            "roe": 1.93,
            "roe_4q": 4.97,
            "gross_profit": 166796,
            "gross_margin": 12.1,
            "gross_margin_4q_avg": 12.74,
            "net_income": 12999,
            "net_income_4q": null,
            "revenue": 1378994,
            "revenue_4q": null,
            "common_shares": 296423,
            "book_valuer_per_share": 19.38,
            "book_valuer_per_share_4q_avg": 18.86,
            "equity": 690895,
            "current_ratio": 178.02,
            "debt_ratio": 58.7,
            "inventory_turnover_ratio": 26.36,
            "account_receivable_turnover_ratio": 1.85,
            "reinvestment_rate": 8.2,
            "research_to_sale_ratio": null,
            "price_fair": 4.96,
            "eps_avg_yearly": 1.65,
            "eps_latest_yearly": 0.92,
            "eps_growth_yearly": -173.58
        }
    },
    "months": {
        "2003-09": {
            "month": "2003-09",
            "price": "6.00",
            "revenue": 65880
        },
        "2003-10": {
            "month": "2003-10",
            "price": "6.60",
            "revenue": 78799
        },
        "2003-11": {
            "month": "2003-11",
            "price": "7.08",
            "revenue": 84609
        },
        "2003-12": {
            "month": "2003-12",
            "price": "9.28",
            "revenue": 82193
        },
        "2004-01": {
            "month": "2004-01",
            "price": "11.37",
            "revenue": 81443
        },
        "2004-02": {
            "month": "2004-02",
            "price": "12.92",
            "revenue": 88221
        },
        "2004-03": {
            "month": "2004-03",
            "price": "14.38",
            "revenue": 93604
        },
        "2004-04": {
            "month": "2004-04",
            "price": "23.43",
            "revenue": 89622
        },
        "2004-05": {
            "month": "2004-05",
            "price": "18.80",
            "revenue": 90099
        },
        "2004-06": {
            "month": "2004-06",
            "price": "16.53",
            "revenue": 91552
        },
        "2004-07": {
            "month": "2004-07",
            "price": "14.81",
            "revenue": 82515
        },
        "2004-08": {
            "month": "2004-08",
            "price": "12.16",
            "revenue": 73561
        },
        "2004-09": {
            "month": "2004-09",
            "price": "11.06",
            "revenue": 70981
        },
        "2004-10": {
            "month": "2004-10",
            "price": "10.49",
            "revenue": 60557
        },
        "2004-11": {
            "month": "2004-11",
            "price": "10.29",
            "revenue": 61143
        },
        "2004-12": {
            "month": "2004-12",
            "price": "12.03",
            "revenue": 59841
        },
        "2005-01": {
            "month": "2005-01",
            "price": "12.40",
            "revenue": 46850
        },
        "2005-02": {
            "month": "2005-02",
            "price": "11.86",
            "revenue": 45073
        },
        "2005-03": {
            "month": "2005-03",
            "price": "12.64",
            "revenue": 54386
        },
        "2005-04": {
            "month": "2005-04",
            "price": "14.16",
            "revenue": 56201
        },
        "2005-05": {
            "month": "2005-05",
            "price": "12.27",
            "revenue": 59919
        },
        "2005-06": {
            "month": "2005-06",
            "price": "13.19",
            "revenue": 41003
        },
        "2005-07": {
            "month": "2005-07",
            "price": "14.06",
            "revenue": 48824
        },
        "2005-08": {
            "month": "2005-08",
            "price": "13.09",
            "revenue": 64178
        },
        "2005-09": {
            "month": "2005-09",
            "price": "13.15",
            "revenue": 71062
        },
        "2005-10": {
            "month": "2005-10",
            "price": "13.20",
            "revenue": 80588
        },
        "2005-11": {
            "month": "2005-11",
            "price": "12.39",
            "revenue": 79665
        },
        "2005-12": {
            "month": "2005-12",
            "price": "12.41",
            "revenue": 71537
        },
        "2006-01": {
            "month": "2006-01",
            "price": "15.11",
            "revenue": 63979
        },
        "2006-02": {
            "month": "2006-02",
            "price": "13.27",
            "revenue": 42173
        },
        "2006-03": {
            "month": "2006-03",
            "price": "10.66",
            "revenue": 48374
        },
        "2006-04": {
            "month": "2006-04",
            "price": "10.62",
            "revenue": 37556
        },
        "2006-05": {
            "month": "2006-05",
            "price": "10.71",
            "revenue": 26639
        },
        "2006-06": {
            "month": "2006-06",
            "price": "7.50",
            "revenue": 1443
        },
        "2006-07": {
            "month": "2006-07",
            "price": "4.43",
            "revenue": 25510
        },
        "2006-08": {
            "month": "2006-08",
            "price": "3.08",
            "revenue": 32101
        },
        "2006-09": {
            "month": "2006-09",
            "price": "3.43",
            "revenue": 32883
        },
        "2006-10": {
            "month": "2006-10",
            "price": "4.72",
            "revenue": 32473
        },
        "2006-11": {
            "month": "2006-11",
            "price": "3.25",
            "revenue": 31011
        },
        "2006-12": {
            "month": "2006-12",
            "price": "3.62",
            "revenue": 33927
        },
        "2007-01": {
            "month": "2007-01",
            "price": "5.91",
            "revenue": 27852
        },
        "2007-02": {
            "month": "2007-02",
            "price": "5.21",
            "revenue": 27633
        },
        "2007-03": {
            "month": "2007-03",
            "price": "4.93",
            "revenue": 40459
        },
        "2007-04": {
            "month": "2007-04",
            "price": "5.22",
            "revenue": 38727
        },
        "2007-05": {
            "month": "2007-05",
            "price": "4.01",
            "revenue": 43581
        },
        "2007-06": {
            "month": "2007-06",
            "price": "3.87",
            "revenue": 36592
        },
        "2007-07": {
            "month": "2007-07",
            "price": "4.79",
            "revenue": 37251
        },
        "2007-08": {
            "month": "2007-08",
            "price": "4.12",
            "revenue": 35295
        },
        "2007-09": {
            "month": "2007-09",
            "price": "3.84",
            "revenue": 25698
        },
        "2007-10": {
            "month": "2007-10",
            "price": "3.79",
            "revenue": 30976
        },
        "2007-11": {
            "month": "2007-11",
            "price": "4.15",
            "revenue": 16269
        },
        "2007-12": {
            "month": "2007-12",
            "price": "5.94",
            "revenue": 8302
        },
        "2008-01": {
            "month": "2008-01",
            "price": "6.35",
            "revenue": 7753
        },
        "2008-02": {
            "month": "2008-02",
            "price": "5.48",
            "revenue": 12651
        },
        "2008-03": {
            "month": "2008-03",
            "price": "5.87",
            "revenue": 15131
        },
        "2008-04": {
            "month": "2008-04",
            "price": "5.58",
            "revenue": 8589
        },
        "2008-05": {
            "month": "2008-05",
            "price": "4.62",
            "revenue": 9277
        },
        "2008-06": {
            "month": "2008-06",
            "price": "4.10",
            "revenue": 6303
        },
        "2008-07": {
            "month": "2008-07",
            "price": "2.90",
            "revenue": 19040
        },
        "2008-08": {
            "month": "2008-08",
            "price": "3.33",
            "revenue": 2906
        },
        "2008-09": {
            "month": "2008-09",
            "price": "2.79",
            "revenue": 6109
        },
        "2008-10": {
            "month": "2008-10",
            "price": "2.55",
            "revenue": 10587
        },
        "2008-11": {
            "month": "2008-11",
            "price": "1.98",
            "revenue": 1584
        },
        "2008-12": {
            "month": "2008-12",
            "price": "0.90",
            "revenue": 692
        },
        "2009-01": {
            "month": "2009-01",
            "price": "0.86",
            "revenue": 283
        },
        "2009-02": {
            "month": "2009-02",
            "price": "0.57",
            "revenue": 245
        },
        "2009-03": {
            "month": "2009-03",
            "price": "0.56",
            "revenue": 230
        },
        "2009-04": {
            "month": "2009-04",
            "price": "1.04",
            "revenue": 220
        },
        "2009-05": {
            "month": "2009-05",
            "price": "0.96",
            "revenue": 200
        },
        "2009-06": {
            "month": "2009-06",
            "price": "0.99",
            "revenue": 250
        },
        "2009-07": {
            "month": "2009-07",
            "price": "1.32",
            "revenue": 235
        },
        "2009-08": {
            "month": "2009-08",
            "price": "1.49",
            "revenue": 185
        },
        "2009-09": {
            "month": "2009-09",
            "price": "1.20",
            "revenue": 215
        },
        "2009-10": {
            "month": "2009-10",
            "price": "1.35",
            "revenue": 95
        },
        "2009-11": {
            "month": "2009-11",
            "price": "1.93",
            "revenue": 70
        },
        "2009-12": {
            "month": "2009-12",
            "price": "1.70",
            "revenue": 60
        },
        "2010-01": {
            "month": "2010-01",
            "price": "2.38",
            "revenue": 387
        },
        "2010-02": {
            "month": "2010-02",
            "price": "2.75",
            "revenue": 30
        },
        "2010-03": {
            "month": "2010-03",
            "price": "1.99",
            "revenue": 34
        },
        "2010-04": {
            "month": "2010-04",
            "price": "1.88",
            "revenue": 43
        },
        "2010-05": {
            "month": "2010-05",
            "price": "1.73",
            "revenue": 48
        },
        "2010-06": {
            "month": "2010-06",
            "price": "2.25",
            "revenue": 48
        },
        "2010-07": {
            "month": "2010-07",
            "price": "6.59",
            "revenue": 2135
        },
        "2010-08": {
            "month": "2010-08",
            "price": "11.93",
            "revenue": 3897
        },
        "2010-09": {
            "month": "2010-09",
            "price": "17.30",
            "revenue": 2363
        },
        "2010-10": {
            "month": "2010-10",
            "price": "19.07",
            "revenue": 956
        },
        "2010-11": {
            "month": "2010-11",
            "price": "14.93",
            "revenue": 1010
        },
        "2010-12": {
            "month": "2010-12",
            "price": "15.84",
            "revenue": 1104
        },
        "2011-01": {
            "month": "2011-01",
            "price": "16.63",
            "revenue": 1010
        },
        "2011-02": {
            "month": "2011-02",
            "price": "16.19",
            "revenue": 2962
        },
        "2011-03": {
            "month": "2011-03",
            "price": "14.36",
            "revenue": 1977
        },
        "2011-04": {
            "month": "2011-04",
            "price": "15.83",
            "revenue": 3045
        },
        "2011-05": {
            "month": "2011-05",
            "price": "15.12",
            "revenue": 3422
        },
        "2011-06": {
            "month": "2011-06",
            "price": "15.99",
            "revenue": 4519
        },
        "2011-07": {
            "month": "2011-07",
            "price": "12.04",
            "revenue": 106
        },
        "2011-08": {
            "month": "2011-08",
            "price": "10.91",
            "revenue": 16
        },
        "2011-09": {
            "month": "2011-09",
            "price": "9.79",
            "revenue": 1
        },
        "2011-10": {
            "month": "2011-10",
            "price": "7.85",
            "revenue": 11
        },
        "2011-11": {
            "month": "2011-11",
            "price": "8.10",
            "revenue": 16
        },
        "2011-12": {
            "month": "2011-12",
            "price": "8.80",
            "revenue": 14
        },
        "2012-01": {
            "month": "2012-01",
            "price": "6.04",
            "revenue": 2
        },
        "2012-02": {
            "month": "2012-02",
            "price": "5.62",
            "revenue": 24
        },
        "2012-03": {
            "month": "2012-03",
            "price": "3.15",
            "revenue": 176
        },
        "2012-04": {
            "month": "2012-04",
            "price": "4.24",
            "revenue": 127
        },
        "2012-05": {
            "month": "2012-05",
            "price": "3.83",
            "revenue": 88
        },
        "2012-06": {
            "month": "2012-06",
            "price": "3.96",
            "revenue": 0
        },
        "2012-07": {
            "month": "2012-07",
            "price": "3.29",
            "revenue": 5033
        },
        "2012-08": {
            "month": "2012-08",
            "price": "2.50",
            "revenue": 10609
        },
        "2012-09": {
            "month": "2012-09",
            "price": "33.78",
            "revenue": 14773
        },
        "2012-10": {
            "month": "2012-10",
            "price": "28.37",
            "revenue": 32661
        },
        "2012-11": {
            "month": "2012-11",
            "price": "24.59",
            "revenue": 39478
        },
        "2012-12": {
            "month": "2012-12",
            "price": "26.29",
            "revenue": 49649
        },
        "2013-01": {
            "month": "2013-01",
            "price": "24.50",
            "revenue": 115188
        },
        "2013-02": {
            "month": "2013-02",
            "price": "25.11",
            "revenue": 45796
        },
        "2013-03": {
            "month": "2013-03",
            "price": "27.85",
            "revenue": 99882
        },
        "2013-04": {
            "month": "2013-04",
            "price": "26.55",
            "revenue": 93317
        },
        "2013-05": {
            "month": "2013-05",
            "price": "26.34",
            "revenue": 97555
        },
        "2013-06": {
            "month": "2013-06",
            "price": "23.31",
            "revenue": 89472
        },
        "2013-07": {
            "month": "2013-07",
            "price": "20.75",
            "revenue": 102806
        },
        "2013-08": {
            "month": "2013-08",
            "price": "18.73",
            "revenue": 81946
        },
        "2013-09": {
            "month": "2013-09",
            "price": "15.87",
            "revenue": 91522
        },
        "2013-10": {
            "month": "2013-10",
            "price": "16.95",
            "revenue": 87963
        },
        "2013-11": {
            "month": "2013-11",
            "price": "19.04",
            "revenue": 114005
        },
        "2013-12": {
            "month": "2013-12",
            "price": "37.63",
            "revenue": 114433
        },
        "2014-01": {
            "month": "2014-01",
            "price": "33.13",
            "revenue": 451094
        },
        "2014-02": {
            "month": "2014-02",
            "price": "45.99",
            "revenue": 201288
        },
        "2014-03": {
            "month": "2014-03",
            "price": "51.57",
            "revenue": 431528
        },
        "2014-04": {
            "month": "2014-04",
            "price": "61.45",
            "revenue": 593525
        },
        "2014-05": {
            "month": "2014-05",
            "price": "63.82",
            "revenue": 542155
        },
        "2014-06": {
            "month": "2014-06",
            "price": "70.96",
            "revenue": 562769
        },
        "2014-07": {
            "month": "2014-07",
            "price": "70.87",
            "revenue": 535137
        },
        "2014-08": {
            "month": "2014-08",
            "price": "60.99",
            "revenue": 483076
        },
        "2014-09": {
            "month": "2014-09",
            "price": "60.18",
            "revenue": 457993
        },
        "2014-10": {
            "month": "2014-10",
            "price": "59.12",
            "revenue": 523414
        },
        "2014-11": {
            "month": "2014-11",
            "price": "58.66",
            "revenue": 480502
        },
        "2014-12": {
            "month": "2014-12",
            "price": "75.41",
            "revenue": 450491
        },
        "2015-01": {
            "month": "2015-01",
            "price": "80.26",
            "revenue": 495221
        },
        "2015-02": {
            "month": "2015-02",
            "price": "95.89",
            "revenue": 356649
        },
        "2015-03": {
            "month": "2015-03",
            "price": "109.70",
            "revenue": 403311
        },
        "2015-04": {
            "month": "2015-04",
            "price": "104.58",
            "revenue": 582742
        },
        "2015-05": {
            "month": "2015-05",
            "price": "105.72",
            "revenue": 540441
        },
        "2015-06": {
            "month": "2015-06",
            "price": "117.43",
            "revenue": 526116
        },
        "2015-07": {
            "month": "2015-07",
            "price": "101.20",
            "revenue": 502496
        },
        "2015-08": {
            "month": "2015-08",
            "price": "83.70",
            "revenue": 525711
        },
        "2015-09": {
            "month": "2015-09",
            "price": "87.84",
            "revenue": 471811
        },
        "2015-10": {
            "month": "2015-10",
            "price": "93.62",
            "revenue": 1937922
        },
        "2015-11": {
            "month": "2015-11",
            "price": "99.86",
            "revenue": 647170
        },
        "2015-12": {
            "month": "2015-12",
            "price": "104.41",
            "revenue": 757991
        },
        "2016-01": {
            "month": "2016-01",
            "price": "92.83",
            "revenue": 734796
        },
        "2016-02": {
            "month": "2016-02",
            "price": "96.87",
            "revenue": 405987
        },
        "2016-03": {
            "month": "2016-03",
            "price": "104.07",
            "revenue": 671264
        },
        "2016-04": {
            "month": "2016-04",
            "price": "99.55",
            "revenue": 739892
        },
        "2016-05": {
            "month": "2016-05",
            "price": "97.91",
            "revenue": 655603
        },
        "2016-06": {
            "month": "2016-06",
            "price": "97.59",
            "revenue": 589182
        },
        "2016-07": {
            "month": "2016-07",
            "price": "90.34",
            "revenue": 639766
        },
        "2016-08": {
            "month": "2016-08",
            "price": "88.38",
            "revenue": 686047
        },
        "2016-09": {
            "month": "2016-09",
            "price": "89.39",
            "revenue": 595983
        },
        "2016-10": {
            "month": "2016-10",
            "price": "83.08",
            "revenue": 638725
        },
        "2016-11": {
            "month": "2016-11",
            "price": "87.37",
            "revenue": 663098
        },
        "2016-12": {
            "month": "2016-12",
            "price": "96.90",
            "revenue": 768024
        },
        "2017-01": {
            "month": "2017-01",
            "price": "100.32",
            "revenue": 611932
        },
        "2017-02": {
            "month": "2017-02",
            "price": "103.61",
            "revenue": 342762
        },
        "2017-03": {
            "month": "2017-03",
            "price": "115.65",
            "revenue": 646210
        },
        "2017-04": {
            "month": "2017-04",
            "price": "147.89",
            "revenue": 740444
        },
        "2017-05": {
            "month": "2017-05",
            "price": "159.38",
            "revenue": 584026
        },
        "2017-06": {
            "month": "2017-06",
            "price": "136.72",
            "revenue": 503312
        },
        "2017-07": {
            "month": "2017-07",
            "price": "115.10",
            "revenue": 574126
        },
        "2017-08": {
            "month": "2017-08",
            "price": "111.63",
            "revenue": 568339
        },
        "2017-09": {
            "month": "2017-09",
            "price": "121.55",
            "revenue": 569630
        },
        "2017-10": {
            "month": "2017-10",
            "price": "125.84",
            "revenue": 668319
        },
        "2017-11": {
            "month": "2017-11",
            "price": "129.84",
            "revenue": 682845
        },
        "2017-12": {
            "month": "2017-12",
            "price": "125.62",
            "revenue": 743338
        },
        "2018-01": {
            "month": "2018-01",
            "price": "123.75",
            "revenue": 683439
        },
        "2018-02": {
            "month": "2018-02",
            "price": "127.15",
            "revenue": 383776
        },
        "2018-03": {
            "month": "2018-03",
            "price": "126.26",
            "revenue": 532482
        },
        "2018-04": {
            "month": "2018-04",
            "price": "114.94",
            "revenue": 798088
        },
        "2018-05": {
            "month": "2018-05",
            "price": "109.41",
            "revenue": 752891
        },
        "2018-06": {
            "month": "2018-06",
            "price": "100.02",
            "revenue": 758152
        },
        "2018-07": {
            "month": "2018-07",
            "price": "100.72",
            "revenue": 713855
        },
        "2018-08": {
            "month": "2018-08",
            "price": "104.26",
            "revenue": 650015
        },
        "2018-09": {
            "month": "2018-09",
            "price": "105.18",
            "revenue": 590829
        },
        "2018-10": {
            "month": "2018-10",
            "price": "104.23",
            "revenue": 672835
        },
        "2018-11": {
            "month": "2018-11",
            "price": "103.23",
            "revenue": 717335
        },
        "2018-12": {
            "month": "2018-12",
            "price": "103.17",
            "revenue": 723971
        },
        "2019-01": {
            "month": "2019-01",
            "price": "108.83",
            "revenue": 705996
        },
        "2019-02": {
            "month": "2019-02",
            "price": "119.27",
            "revenue": 286807
        },
        "2019-03": {
            "month": "2019-03",
            "price": "121.08",
            "revenue": 556890
        },
        "2019-04": {
            "month": "2019-04",
            "price": "117.28",
            "revenue": 613603
        },
        "2019-05": {
            "month": "2019-05",
            "price": "107.77",
            "revenue": 704971
        },
        "2019-06": {
            "month": "2019-06",
            "price": "102.83",
            "revenue": 700919
        },
        "2019-07": {
            "month": "2019-07",
            "price": "91.29",
            "revenue": 662902
        },
        "2019-08": {
            "month": "2019-08",
            "price": "79.31",
            "revenue": 607144
        },
        "2019-09": {
            "month": "2019-09",
            "price": "76.57",
            "revenue": 595020
        },
        "2019-10": {
            "month": "2019-10",
            "price": "75.51",
            "revenue": 581274
        },
        "2019-11": {
            "month": "2019-11",
            "price": "75.19",
            "revenue": 601761
        },
        "2019-12": {
            "month": "2019-12",
            "price": "80.89",
            "revenue": 655326
        },
        "2020-01": {
            "month": "2020-01",
            "price": "82.18",
            "revenue": 473293
        },
        "2020-02": {
            "month": "2020-02",
            "price": "73.83",
            "revenue": 234652
        },
        "2020-03": {
            "month": "2020-03",
            "price": "61.76",
            "revenue": 547684
        },
        "2020-04": {
            "month": "2020-04",
            "price": "64.38",
            "revenue": 176942
        },
        "2020-05": {
            "month": "2020-05",
            "price": "64.19",
            "revenue": 287559
        },
        "2020-06": {
            "month": "2020-06",
            "price": "66.26",
            "revenue": 504347
        },
        "2020-07": {
            "month": "2020-07",
            "price": "61.40",
            "revenue": 726865
        },
        "2020-08": {
            "month": "2020-08",
            "price": "53.32",
            "revenue": 740813
        },
        "2020-09": {
            "month": "2020-09",
            "price": "55.36",
            "revenue": 659374
        },
        "2020-10": {
            "month": "2020-10",
            "price": "53.00",
            "revenue": 765055
        },
        "2020-11": {
            "month": "2020-11",
            "price": "55.36",
            "revenue": 736617
        },
        "2020-12": {
            "month": "2020-12",
            "price": "57.71",
            "revenue": 585237
        },
        "2021-01": {
            "month": "2021-01",
            "price": "52.72",
            "revenue": 490508
        },
        "2021-02": {
            "month": "2021-02",
            "price": "48.41",
            "revenue": 350821
        },
        "2021-03": {
            "month": "2021-03",
            "price": "52.30",
            "revenue": 660618
        },
        "2021-04": {
            "month": "2021-04",
            "price": "52.79",
            "revenue": 612950
        },
        "2021-05": {
            "month": "2021-05",
            "price": "48.84",
            "revenue": 604720
        },
        "2021-06": {
            "month": "2021-06",
            "price": "49.70",
            "revenue": 507051
        },
        "2021-07": {
            "month": "2021-07",
            "price": "48.34",
            "revenue": 509886
        },
        "2021-08": {
            "month": "2021-08",
            "price": "42.21",
            "revenue": 345311
        },
        "2021-09": {
            "month": "2021-09",
            "price": "33.84",
            "revenue": 366796
        },
        "2021-10": {
            "month": "2021-10",
            "price": "34.91",
            "revenue": 411203
        },
        "2021-11": {
            "month": "2021-11",
            "price": "33.79",
            "revenue": 526568
        },
        "2021-12": {
            "month": "2021-12",
            "price": "33.58",
            "revenue": 526157
        },
        "2022-01": {
            "month": "2022-01",
            "price": "34.34",
            "revenue": 498772
        },
        "2022-02": {
            "month": "2022-02",
            "price": "33.56",
            "revenue": 318798
        },
        "2022-03": {
            "month": "2022-03",
            "price": "31.28",
            "revenue": 506308
        },
        "2022-04": {
            "month": "2022-04",
            "price": "31.24",
            "revenue": 491026
        },
        "2022-05": {
            "month": "2022-05",
            "price": "28.71",
            "revenue": 475049
        },
        "2022-06": {
            "month": "2022-06",
            "price": "27.95",
            "revenue": 485114
        },
        "2022-07": {
            "month": "2022-07",
            "price": "25.29",
            "revenue": 436194
        },
        "2022-08": {
            "month": "2022-08",
            "price": "28.03",
            "revenue": 427439
        },
        "2022-09": {
            "month": "2022-09",
            "price": "28.10",
            "revenue": 366996
        },
        "2022-10": {
            "month": "2022-10",
            "price": "26.18",
            "revenue": 408801
        },
        "2022-11": {
            "month": "2022-11",
            "price": "26.47",
            "revenue": 350318
        },
        "2022-12": {
            "month": "2022-12",
            "price": "27.53",
            "revenue": 399404
        },
        "2023-01": {
            "month": "2023-01",
            "price": "27.80",
            "revenue": 263775
        },
        "2023-02": {
            "month": "2023-02",
            "price": "27.91",
            "revenue": 299353
        },
        "2023-03": {
            "month": "2023-03",
            "price": "28.17",
            "revenue": 427408
        },
        "2023-04": {
            "month": "2023-04",
            "price": "27.85",
            "revenue": 388197
        },
        "2023-05": {
            "month": "2023-05",
            "price": "28.75",
            "revenue": 378704
        },
        "2023-06": {
            "month": "2023-06",
            "price": "30.38",
            "revenue": 389096
        },
        "2023-07": {
            "month": "2023-07",
            "price": "29.45",
            "revenue": 454704
        },
        "2023-08": {
            "month": "2023-08",
            "price": "29.28",
            "revenue": 466124
        },
        "2023-09": {
            "month": "2023-09",
            "price": "29.44",
            "revenue": 454370
        },
        "2023-10": {
            "month": "2023-10",
            "price": "29.26",
            "revenue": 478783
        },
        "2023-11": {
            "month": "2023-11",
            "price": "29.33",
            "revenue": 453615
        },
        "2023-12": {
            "month": "2023-12",
            "price": "30.51",
            "revenue": 459745
        }
    }
}
