{
    "summary": {
        "stock_name": "志旭",
        "stock_id": "8067",
        "category": "電子通路",
        "main_business": "光電數位產品專業代理商<br>美妝生活商品代埋商",
        "website_url": "http://www.gish.com.tw",
        "ceo": "陳昱旭",
        "pe_ratio": -29,
        "report_year_from": 2001,
        "report_year_to": 2023,
        "age": 23,
        "eps_negative_percentage": 73,
        "eps_growth_avg": {
            "last_all": -24.96,
            "last_2y": null,
            "last_4y": null,
            "last_8y": null,
            "last_12y": null,
            "last_16y": -15.28,
            "last_20y": -24.96,
            "at_2006_last_3y": -44.34,
            "at_2007_last_3y": -1.56,
            "at_2008_last_3y": -32.87,
            "at_2009_last_3y": 12.96,
            "at_2010_last_3y": -15.28,
            "at_2011_last_3y": -48.37,
            "at_2012_last_3y": -31.25,
            "at_2013_last_3y": -100,
            "at_2014_last_3y": null,
            "at_2015_last_3y": null,
            "at_2016_last_3y": null,
            "at_2017_last_3y": null,
            "at_2018_last_3y": null,
            "at_2019_last_3y": null,
            "at_2020_last_3y": null,
            "at_2021_last_3y": null,
            "at_2022_last_3y": null,
            "at_2023_last_3y": null,
            "at_2024_last_3y": null,
            "at_2006_last_all": -44.34,
            "at_2007_last_all": -1.56,
            "at_2008_last_all": -21.82,
            "at_2009_last_all": -9.96,
            "at_2010_last_all": -24.96,
            "at_2011_last_all": -24.96,
            "at_2012_last_all": -24.96,
            "at_2013_last_all": -24.96,
            "at_2014_last_all": -24.96,
            "at_2015_last_all": -24.96,
            "at_2016_last_all": -24.96,
            "at_2017_last_all": -24.96,
            "at_2018_last_all": -24.96,
            "at_2019_last_all": -24.96,
            "at_2020_last_all": -24.96,
            "at_2021_last_all": -24.96,
            "at_2022_last_all": -24.96,
            "at_2023_last_all": -24.96,
            "at_2024_last_all": -24.96
        },
        "latest_eps": -0.63,
        "latest_price": 18.1,
        "latest_roe": -8.42,
        "latest_gross_margin": 38.79,
        "latest_equity": 174709,
        "latest_revenue": 21787,
        "latest_gross_profit": 8451,
        "latest_net_income": -6702,
        "latest_debt_ratio": 50.13,
        "latest_current_ratio": 155.59,
        "latest_account_receivable_turnover_ratio": 0.99,
        "latest_inventory_turnover_ratio": 0.12,
        "latest_reinvestment_rate": null,
        "latest_research_to_sale_ratio": null
    },
    "eps_dividends": {
        "2001": {
            "cash": 0,
            "stock": 0,
            "eps": 0
        },
        "2002": {
            "cash": 0,
            "stock": 0,
            "eps": -0.52
        },
        "2003": {
            "cash": 0,
            "stock": 1.1,
            "eps": 2.12
        },
        "2004": {
            "cash": 0,
            "stock": 0.6,
            "eps": 2.36
        },
        "2005": {
            "cash": 0.8,
            "stock": 0.8,
            "eps": -2
        },
        "2006": {
            "cash": 0,
            "stock": 0,
            "eps": 0.25
        },
        "2007": {
            "cash": 0,
            "stock": 0.54,
            "eps": 0.46
        },
        "2008": {
            "cash": 0,
            "stock": 1.2,
            "eps": 0.08
        },
        "2009": {
            "cash": 0,
            "stock": 0,
            "eps": 0.11
        },
        "2010": {
            "cash": 0,
            "stock": 0,
            "eps": -0.67
        },
        "2011": {
            "cash": 0,
            "stock": 0,
            "eps": -0.73
        },
        "2012": {
            "cash": 0,
            "stock": 0,
            "eps": -0.32
        },
        "2013": {
            "cash": 0,
            "stock": 0,
            "eps": -0.57
        },
        "2014": {
            "cash": 0,
            "stock": 0,
            "eps": -0.2
        },
        "2015": {
            "cash": 0,
            "stock": 0,
            "eps": -0.28
        },
        "2016": {
            "cash": 0,
            "stock": 0,
            "eps": -2.27
        },
        "2017": {
            "cash": 0,
            "stock": 0,
            "eps": -0.4
        },
        "2018": {
            "cash": 0,
            "stock": 0,
            "eps": -2.29
        },
        "2019": {
            "cash": 0,
            "stock": 0,
            "eps": -1.71
        },
        "2020": {
            "cash": 0,
            "stock": 0,
            "eps": -1.17
        },
        "2021": {
            "cash": 0,
            "stock": 0,
            "eps": -0.92
        },
        "2022": {
            "cash": 0,
            "stock": 0,
            "eps": -0.84
        },
        "2023": {
            "cash": 0,
            "stock": 0,
            "eps": -0.23
        }
    },
    "dividends": {
        "2003-06-19": {
            "cash": 0,
            "stock": 1.1
        },
        "2004-04-13": {
            "cash": 0,
            "stock": 0.6
        },
        "2005-04-08": {
            "cash": 0.8,
            "stock": 0.8
        },
        "2007-03-29": {
            "cash": 0,
            "stock": 0.54
        },
        "2008-03-18": {
            "cash": 0,
            "stock": 0.6
        },
        "2008-03-31": {
            "cash": 0,
            "stock": 0.6
        }
    },
    "prices": {
        "200101": "無",
        "200102": "無",
        "200103": "無",
        "200104": "無",
        "200105": "無",
        "200106": "無",
        "200107": "無",
        "200108": "無",
        "200109": "無",
        "200110": "無",
        "200111": "無",
        "200112": "無",
        "200201": "無",
        "200202": "無",
        "200203": "無",
        "200204": "無",
        "200205": "無",
        "200206": "無",
        "200207": "無",
        "200208": "無",
        "200209": "無",
        "200210": "無",
        "200211": "無",
        "200212": "無",
        "200301": "無",
        "200302": "無",
        "200303": "無",
        "200304": "無",
        "200305": "無",
        "200306": "無",
        "200307": "無",
        "200308": "無",
        "200309": "無",
        "200310": "無",
        "200311": "無",
        "200312": "無",
        "200401": "34.47",
        "200402": "無",
        "200403": "無",
        "200404": "28.13",
        "200405": "30.91",
        "200406": "30.13",
        "200407": "22.85",
        "200408": "20.98",
        "200409": "24.20",
        "200410": "19.96",
        "200411": "20.12",
        "200412": "20.75",
        "200501": "20.53",
        "200502": "17.95",
        "200503": "18.12",
        "200504": "17.80",
        "200505": "16.75",
        "200506": "15.27",
        "200507": "14.47",
        "200508": "13.58",
        "200509": "12.50",
        "200510": "11.83",
        "200511": "11.86",
        "200512": "10.76",
        "200601": "10.58",
        "200602": "10.00",
        "200603": "11.44",
        "200604": "11.35",
        "200605": "11.99",
        "200606": "12.22",
        "200607": "11.08",
        "200608": "9.59",
        "200609": "8.77",
        "200610": "8.59",
        "200611": "9.29",
        "200612": "13.30",
        "200701": "12.58",
        "200702": "11.71",
        "200703": "12.37",
        "200704": "14.11",
        "200705": "14.02",
        "200706": "28.71",
        "200707": "26.89",
        "200708": "20.19",
        "200709": "20.87",
        "200710": "18.48",
        "200711": "15.04",
        "200712": "12.88",
        "200801": "11.08",
        "200802": "10.80",
        "200803": "12.73",
        "200804": "13.68",
        "200805": "12.71",
        "200806": "10.89",
        "200807": "9.03",
        "200808": "8.33",
        "200809": "6.11",
        "200810": "5.82",
        "200811": "5.92",
        "200812": "6.60",
        "200901": "6.75",
        "200902": "6.56",
        "200903": "6.02",
        "200904": "7.25",
        "200905": "8.04",
        "200906": "8.37",
        "200907": "8.90",
        "200908": "9.12",
        "200909": "10.11",
        "200910": "11.96",
        "200911": "12.02",
        "200912": "12.04",
        "201001": "13.35",
        "201002": "12.14",
        "201003": "13.62",
        "201004": "14.35",
        "201005": "12.29",
        "201006": "13.00",
        "201007": "16.94",
        "201008": "14.25",
        "201009": "12.04",
        "201010": "10.84",
        "201011": "10.17",
        "201012": "11.19",
        "201101": "11.52",
        "201102": "10.94",
        "201103": "11.17",
        "201104": "11.15",
        "201105": "10.83",
        "201106": "10.61",
        "201107": "10.69",
        "201108": "9.22",
        "201109": "9.00",
        "201110": "8.54",
        "201111": "8.39",
        "201112": "7.61",
        "201201": "7.36",
        "201202": "8.17",
        "201203": "7.96",
        "201204": "7.32",
        "201205": "7.22",
        "201206": "6.94",
        "201207": "6.49",
        "201208": "6.11",
        "201209": "6.37",
        "201210": "5.65",
        "201211": "4.24",
        "201212": "4.38",
        "201301": "5.93",
        "201302": "6.10",
        "201303": "5.71",
        "201304": "5.91",
        "201305": "6.67",
        "201306": "7.34",
        "201307": "7.03",
        "201308": "7.05",
        "201309": "6.79",
        "201310": "6.63",
        "201311": "6.24",
        "201312": "6.23",
        "201401": "6.32",
        "201402": "6.92",
        "201403": "7.28",
        "201404": "7.06",
        "201405": "6.68",
        "201406": "6.85",
        "201407": "8.01",
        "201408": "7.71",
        "201409": "7.24",
        "201410": "6.89",
        "201411": "6.68",
        "201412": "6.76",
        "201501": "7.06",
        "201502": "7.14",
        "201503": "7.14",
        "201504": "6.93",
        "201505": "6.72",
        "201506": "6.71",
        "201507": "5.99",
        "201508": "5.82",
        "201509": "5.71",
        "201510": "5.71",
        "201511": "5.26",
        "201512": "4.82",
        "201601": "4.73",
        "201602": "4.58",
        "201603": "4.72",
        "201604": "4.70",
        "201605": "4.68",
        "201606": "4.62",
        "201607": "4.60",
        "201608": "4.54",
        "201609": "4.81",
        "201610": "4.70",
        "201611": "4.53",
        "201612": "4.52",
        "201701": "4.43",
        "201702": "4.66",
        "201703": "4.74",
        "201704": "4.60",
        "201705": "4.74",
        "201706": "4.74",
        "201707": "4.63",
        "201708": "5.23",
        "201709": "6.14",
        "201710": "5.90",
        "201711": "5.64",
        "201712": "9.46",
        "201801": "9.96",
        "201802": "8.66",
        "201803": "9.22",
        "201804": "9.31",
        "201805": "8.67",
        "201806": "8.67",
        "201807": "8.30",
        "201808": "7.88",
        "201809": "7.79",
        "201810": "7.57",
        "201811": "6.62",
        "201812": "6.58",
        "201901": "6.70",
        "201902": "6.70",
        "201903": "6.68",
        "201904": "6.80",
        "201905": "6.85",
        "201906": "6.67",
        "201907": "6.39",
        "201908": "6.54",
        "201909": "6.38",
        "201910": "6.41",
        "201911": "7.04",
        "201912": "9.86",
        "202001": "9.66",
        "202002": "9.50",
        "202003": "8.00",
        "202004": "7.13",
        "202005": "7.43",
        "202006": "9.09",
        "202007": "9.34",
        "202008": "9.09",
        "202009": "8.94",
        "202010": "9.24",
        "202011": "9.69",
        "202012": "9.39",
        "202101": "9.14",
        "202102": "8.98",
        "202103": "10.73",
        "202104": "11.17",
        "202105": "10.63",
        "202106": "10.64",
        "202107": "10.58",
        "202108": "9.85",
        "202109": "9.31",
        "202110": "9.16",
        "202111": "9.35",
        "202112": "9.71",
        "202201": "9.82",
        "202202": "9.80",
        "202203": "9.57",
        "202204": "9.30",
        "202205": "8.87",
        "202206": "8.56",
        "202207": "8.53",
        "202208": "8.85",
        "202209": "9.47",
        "202210": "8.70",
        "202211": "8.52",
        "202212": "8.97",
        "202301": "8.96",
        "202302": "8.79",
        "202303": "15.90",
        "202304": "15.90",
        "202305": "14.81",
        "202306": "14.74",
        "202307": "14.20",
        "202308": "13.80",
        "202309": "14.21",
        "202310": "13.25",
        "202311": "13.75",
        "202312": "13.69"
    },
    "quarters": {
        "20011": {
            "year_quarter": 20011,
            "year": 2001,
            "quarter": 1,
            "eps": null,
            "eps_growth_year": null,
            "eps_4q": null,
            "eps_4q_growth_year": null,
            "roe": null,
            "roe_4q": 0,
            "gross_profit": null,
            "gross_margin": null,
            "gross_margin_4q_avg": 0,
            "net_income": null,
            "net_income_4q": null,
            "revenue": null,
            "revenue_4q": null,
            "common_shares": null,
            "book_valuer_per_share": null,
            "book_valuer_per_share_4q_avg": 0,
            "equity": null,
            "current_ratio": null,
            "debt_ratio": null,
            "inventory_turnover_ratio": null,
            "account_receivable_turnover_ratio": null,
            "reinvestment_rate": null,
            "research_to_sale_ratio": null,
            "price_fair": 0,
            "eps_avg_yearly": 0,
            "eps_latest_yearly": 0,
            "eps_growth_yearly": 0
        },
        "20012": {
            "year_quarter": 20012,
            "year": 2001,
            "quarter": 2,
            "eps": null,
            "eps_growth_year": null,
            "eps_4q": null,
            "eps_4q_growth_year": null,
            "roe": null,
            "roe_4q": 0,
            "gross_profit": null,
            "gross_margin": null,
            "gross_margin_4q_avg": 0,
            "net_income": null,
            "net_income_4q": null,
            "revenue": null,
            "revenue_4q": null,
            "common_shares": null,
            "book_valuer_per_share": null,
            "book_valuer_per_share_4q_avg": 0,
            "equity": null,
            "current_ratio": null,
            "debt_ratio": null,
            "inventory_turnover_ratio": null,
            "account_receivable_turnover_ratio": null,
            "reinvestment_rate": null,
            "research_to_sale_ratio": null,
            "price_fair": 0,
            "eps_avg_yearly": 0,
            "eps_latest_yearly": 0,
            "eps_growth_yearly": 0
        },
        "20013": {
            "year_quarter": 20013,
            "year": 2001,
            "quarter": 3,
            "eps": null,
            "eps_growth_year": null,
            "eps_4q": null,
            "eps_4q_growth_year": null,
            "roe": null,
            "roe_4q": 0,
            "gross_profit": null,
            "gross_margin": null,
            "gross_margin_4q_avg": 0,
            "net_income": null,
            "net_income_4q": null,
            "revenue": null,
            "revenue_4q": null,
            "common_shares": null,
            "book_valuer_per_share": null,
            "book_valuer_per_share_4q_avg": 0,
            "equity": null,
            "current_ratio": null,
            "debt_ratio": null,
            "inventory_turnover_ratio": null,
            "account_receivable_turnover_ratio": null,
            "reinvestment_rate": null,
            "research_to_sale_ratio": null,
            "price_fair": 0,
            "eps_avg_yearly": 0,
            "eps_latest_yearly": 0,
            "eps_growth_yearly": 0
        },
        "20014": {
            "year_quarter": 20014,
            "year": 2001,
            "quarter": 4,
            "eps": null,
            "eps_growth_year": null,
            "eps_4q": null,
            "eps_4q_growth_year": null,
            "roe": null,
            "roe_4q": 0,
            "gross_profit": null,
            "gross_margin": null,
            "gross_margin_4q_avg": 0,
            "net_income": null,
            "net_income_4q": null,
            "revenue": null,
            "revenue_4q": null,
            "common_shares": 140919,
            "book_valuer_per_share": 11.18,
            "book_valuer_per_share_4q_avg": 2.8,
            "equity": 157501,
            "current_ratio": 117.78,
            "debt_ratio": 63.68,
            "inventory_turnover_ratio": null,
            "account_receivable_turnover_ratio": null,
            "reinvestment_rate": null,
            "research_to_sale_ratio": null,
            "price_fair": 0,
            "eps_avg_yearly": 0,
            "eps_latest_yearly": 0,
            "eps_growth_yearly": 0
        },
        "20021": {
            "year_quarter": 20021,
            "year": 2002,
            "quarter": 1,
            "eps": null,
            "eps_growth_year": null,
            "eps_4q": null,
            "eps_4q_growth_year": null,
            "roe": null,
            "roe_4q": 0,
            "gross_profit": null,
            "gross_margin": null,
            "gross_margin_4q_avg": 0,
            "net_income": null,
            "net_income_4q": null,
            "revenue": null,
            "revenue_4q": null,
            "common_shares": null,
            "book_valuer_per_share": null,
            "book_valuer_per_share_4q_avg": 2.8,
            "equity": null,
            "current_ratio": null,
            "debt_ratio": null,
            "inventory_turnover_ratio": null,
            "account_receivable_turnover_ratio": null,
            "reinvestment_rate": null,
            "research_to_sale_ratio": null,
            "price_fair": 0,
            "eps_avg_yearly": 0,
            "eps_latest_yearly": 0,
            "eps_growth_yearly": 0
        },
        "20022": {
            "year_quarter": 20022,
            "year": 2002,
            "quarter": 2,
            "eps": null,
            "eps_growth_year": null,
            "eps_4q": null,
            "eps_4q_growth_year": null,
            "roe": null,
            "roe_4q": 0,
            "gross_profit": null,
            "gross_margin": null,
            "gross_margin_4q_avg": 0,
            "net_income": null,
            "net_income_4q": null,
            "revenue": null,
            "revenue_4q": null,
            "common_shares": null,
            "book_valuer_per_share": null,
            "book_valuer_per_share_4q_avg": 2.8,
            "equity": null,
            "current_ratio": null,
            "debt_ratio": null,
            "inventory_turnover_ratio": null,
            "account_receivable_turnover_ratio": null,
            "reinvestment_rate": null,
            "research_to_sale_ratio": null,
            "price_fair": 0,
            "eps_avg_yearly": 0,
            "eps_latest_yearly": 0,
            "eps_growth_yearly": 0
        },
        "20023": {
            "year_quarter": 20023,
            "year": 2002,
            "quarter": 3,
            "eps": 0.17,
            "eps_growth_year": null,
            "eps_4q": null,
            "eps_4q_growth_year": null,
            "roe": 1.58,
            "roe_4q": 1.58,
            "gross_profit": 27484,
            "gross_margin": 12.23,
            "gross_margin_4q_avg": 3.06,
            "net_income": 2993,
            "net_income_4q": null,
            "revenue": 224691,
            "revenue_4q": null,
            "common_shares": 140919,
            "book_valuer_per_share": 13.46,
            "book_valuer_per_share_4q_avg": 6.16,
            "equity": 189692,
            "current_ratio": 126.96,
            "debt_ratio": 65.93,
            "inventory_turnover_ratio": 3.58,
            "account_receivable_turnover_ratio": null,
            "reinvestment_rate": null,
            "research_to_sale_ratio": null,
            "price_fair": 0,
            "eps_avg_yearly": 0,
            "eps_latest_yearly": 0,
            "eps_growth_yearly": 0
        },
        "20024": {
            "year_quarter": 20024,
            "year": 2002,
            "quarter": 4,
            "eps": -0.69,
            "eps_growth_year": null,
            "eps_4q": null,
            "eps_4q_growth_year": null,
            "roe": -5.99,
            "roe_4q": -4.41,
            "gross_profit": 25839,
            "gross_margin": 13.03,
            "gross_margin_4q_avg": 6.32,
            "net_income": -11335,
            "net_income_4q": null,
            "revenue": 198253,
            "revenue_4q": null,
            "common_shares": 182783,
            "book_valuer_per_share": 10.33,
            "book_valuer_per_share_4q_avg": 5.95,
            "equity": 188732,
            "current_ratio": 127.16,
            "debt_ratio": 66.45,
            "inventory_turnover_ratio": 2.55,
            "account_receivable_turnover_ratio": null,
            "reinvestment_rate": null,
            "research_to_sale_ratio": null,
            "price_fair": 0,
            "eps_avg_yearly": 0,
            "eps_latest_yearly": 0,
            "eps_growth_yearly": 0
        },
        "20031": {
            "year_quarter": 20031,
            "year": 2003,
            "quarter": 1,
            "eps": 0.89,
            "eps_growth_year": null,
            "eps_4q": null,
            "eps_4q_growth_year": null,
            "roe": 8.32,
            "roe_4q": 3.91,
            "gross_profit": 35459,
            "gross_margin": 11.28,
            "gross_margin_4q_avg": 9.14,
            "net_income": 16241,
            "net_income_4q": null,
            "revenue": 314408,
            "revenue_4q": null,
            "common_shares": 182783,
            "book_valuer_per_share": 11.04,
            "book_valuer_per_share_4q_avg": 8.71,
            "equity": 201831,
            "current_ratio": 126.91,
            "debt_ratio": 69.76,
            "inventory_turnover_ratio": 3.22,
            "account_receivable_turnover_ratio": null,
            "reinvestment_rate": null,
            "research_to_sale_ratio": null,
            "price_fair": 0,
            "eps_avg_yearly": 0,
            "eps_latest_yearly": 0,
            "eps_growth_yearly": 0
        },
        "20032": {
            "year_quarter": 20032,
            "year": 2003,
            "quarter": 2,
            "eps": 0.27,
            "eps_growth_year": null,
            "eps_4q": 0.66,
            "eps_4q_growth_year": null,
            "roe": 2.71,
            "roe_4q": 6.620000000000001,
            "gross_profit": 30755,
            "gross_margin": 12.42,
            "gross_margin_4q_avg": 12.24,
            "net_income": 5492,
            "net_income_4q": null,
            "revenue": 247661,
            "revenue_4q": null,
            "common_shares": 182783,
            "book_valuer_per_share": 11.09,
            "book_valuer_per_share_4q_avg": 11.48,
            "equity": 202791,
            "current_ratio": 125.35,
            "debt_ratio": 65.77,
            "inventory_turnover_ratio": 2.79,
            "account_receivable_turnover_ratio": null,
            "reinvestment_rate": null,
            "research_to_sale_ratio": null,
            "price_fair": 3.24,
            "eps_avg_yearly": 1.08,
            "eps_latest_yearly": 1.08,
            "eps_growth_yearly": -278.65
        },
        "20033": {
            "year_quarter": 20033,
            "year": 2003,
            "quarter": 3,
            "eps": 0.54,
            "eps_growth_year": 217.65,
            "eps_4q": 1.05,
            "eps_4q_growth_year": null,
            "roe": 5.19,
            "roe_4q": 10.229999999999999,
            "gross_profit": 35400,
            "gross_margin": 12.11,
            "gross_margin_4q_avg": 12.21,
            "net_income": 10975,
            "net_income_4q": null,
            "revenue": 292399,
            "revenue_4q": null,
            "common_shares": 203455,
            "book_valuer_per_share": 10.81,
            "book_valuer_per_share_4q_avg": 10.82,
            "equity": 219998,
            "current_ratio": 123.35,
            "debt_ratio": 67.53,
            "inventory_turnover_ratio": 3.13,
            "account_receivable_turnover_ratio": null,
            "reinvestment_rate": null,
            "research_to_sale_ratio": null,
            "price_fair": 56.7,
            "eps_avg_yearly": 1.62,
            "eps_latest_yearly": 2.16,
            "eps_growth_yearly": 60.67
        },
        "20034": {
            "year_quarter": 20034,
            "year": 2003,
            "quarter": 4,
            "eps": 0.42,
            "eps_growth_year": null,
            "eps_4q": 2.04,
            "eps_4q_growth_year": null,
            "roe": 3.72,
            "roe_4q": 19.94,
            "gross_profit": 47755,
            "gross_margin": 12.48,
            "gross_margin_4q_avg": 12.07,
            "net_income": 8477,
            "net_income_4q": null,
            "revenue": 382563,
            "revenue_4q": null,
            "common_shares": 203454,
            "book_valuer_per_share": 11.49,
            "book_valuer_per_share_4q_avg": 11.11,
            "equity": 235397,
            "current_ratio": 125.24,
            "debt_ratio": 68.59,
            "inventory_turnover_ratio": 2.32,
            "account_receivable_turnover_ratio": null,
            "reinvestment_rate": null,
            "research_to_sale_ratio": null,
            "price_fair": 34.14,
            "eps_avg_yearly": 1.64,
            "eps_latest_yearly": 1.68,
            "eps_growth_yearly": 10.82
        },
        "20041": {
            "year_quarter": 20041,
            "year": 2004,
            "quarter": 1,
            "eps": 1.01,
            "eps_growth_year": 13.48,
            "eps_4q": 2.24,
            "eps_4q_growth_year": null,
            "roe": 8.34,
            "roe_4q": 19.96,
            "gross_profit": 49910,
            "gross_margin": 12.05,
            "gross_margin_4q_avg": 12.27,
            "net_income": 20480,
            "net_income_4q": null,
            "revenue": 414088,
            "revenue_4q": null,
            "common_shares": 203455,
            "book_valuer_per_share": 12.57,
            "book_valuer_per_share_4q_avg": 11.49,
            "equity": 255699,
            "current_ratio": 126.99,
            "debt_ratio": 69.1,
            "inventory_turnover_ratio": 1.97,
            "account_receivable_turnover_ratio": null,
            "reinvestment_rate": null,
            "research_to_sale_ratio": null,
            "price_fair": 78.4,
            "eps_avg_yearly": 2.24,
            "eps_latest_yearly": 4.04,
            "eps_growth_yearly": 148.59
        },
        "20042": {
            "year_quarter": 20042,
            "year": 2004,
            "quarter": 2,
            "eps": 0.33,
            "eps_growth_year": 22.22,
            "eps_4q": 2.32,
            "eps_4q_growth_year": 252.13,
            "roe": 2.58,
            "roe_4q": 19.830000000000002,
            "gross_profit": 20954,
            "gross_margin": 6.44,
            "gross_margin_4q_avg": 10.77,
            "net_income": 6628,
            "net_income_4q": null,
            "revenue": 325450,
            "revenue_4q": null,
            "common_shares": 203454,
            "book_valuer_per_share": 12.65,
            "book_valuer_per_share_4q_avg": 11.88,
            "equity": 257438,
            "current_ratio": 128.2,
            "debt_ratio": 68.04,
            "inventory_turnover_ratio": 1.78,
            "account_receivable_turnover_ratio": null,
            "reinvestment_rate": null,
            "research_to_sale_ratio": null,
            "price_fair": 71.96,
            "eps_avg_yearly": 2.06,
            "eps_latest_yearly": 1.32,
            "eps_growth_yearly": 65.01
        },
        "20043": {
            "year_quarter": 20043,
            "year": 2004,
            "quarter": 3,
            "eps": 0.05,
            "eps_growth_year": -90.74,
            "eps_4q": 1.69,
            "eps_4q_growth_year": 60.55,
            "roe": 0.42,
            "roe_4q": 15.06,
            "gross_profit": 25378,
            "gross_margin": 8.21,
            "gross_margin_4q_avg": 9.8,
            "net_income": 1086,
            "net_income_4q": null,
            "revenue": 308949,
            "revenue_4q": null,
            "common_shares": 203455,
            "book_valuer_per_share": 12.65,
            "book_valuer_per_share_4q_avg": 12.34,
            "equity": 257420,
            "current_ratio": 126.19,
            "debt_ratio": 69.2,
            "inventory_turnover_ratio": 1.73,
            "account_receivable_turnover_ratio": null,
            "reinvestment_rate": null,
            "research_to_sale_ratio": null,
            "price_fair": 5.24,
            "eps_avg_yearly": 1.75,
            "eps_latest_yearly": 0.2,
            "eps_growth_yearly": -2.39
        },
        "20044": {
            "year_quarter": 20044,
            "year": 2004,
            "quarter": 4,
            "eps": 0.97,
            "eps_growth_year": 130.95,
            "eps_4q": 2.28,
            "eps_4q_growth_year": 11.67,
            "roe": 7.82,
            "roe_4q": 19.16,
            "gross_profit": 23459,
            "gross_margin": 6.2,
            "gross_margin_4q_avg": 8.23,
            "net_income": 20896,
            "net_income_4q": null,
            "revenue": 378147,
            "revenue_4q": null,
            "common_shares": 215962,
            "book_valuer_per_share": 12.81,
            "book_valuer_per_share_4q_avg": 12.67,
            "equity": 276699,
            "current_ratio": 151.39,
            "debt_ratio": 74.44,
            "inventory_turnover_ratio": 1.77,
            "account_receivable_turnover_ratio": null,
            "reinvestment_rate": null,
            "research_to_sale_ratio": null,
            "price_fair": 71.8,
            "eps_avg_yearly": 2.05,
            "eps_latest_yearly": 3.88,
            "eps_growth_yearly": 1049.38
        },
        "20051": {
            "year_quarter": 20051,
            "year": 2005,
            "quarter": 1,
            "eps": 0.22,
            "eps_growth_year": -78.22,
            "eps_4q": 1.55,
            "eps_4q_growth_year": -30.81,
            "roe": 1.69,
            "roe_4q": 12.51,
            "gross_profit": 32015,
            "gross_margin": 9.11,
            "gross_margin_4q_avg": 7.49,
            "net_income": 4733,
            "net_income_4q": null,
            "revenue": 351600,
            "revenue_4q": null,
            "common_shares": 215962,
            "book_valuer_per_share": 13.05,
            "book_valuer_per_share_4q_avg": 12.79,
            "equity": 281934,
            "current_ratio": 156.55,
            "debt_ratio": 72.45,
            "inventory_turnover_ratio": 1.65,
            "account_receivable_turnover_ratio": null,
            "reinvestment_rate": null,
            "research_to_sale_ratio": null,
            "price_fair": 66.68,
            "eps_avg_yearly": 1.91,
            "eps_latest_yearly": 0.88,
            "eps_growth_yearly": 879.55
        },
        "20052": {
            "year_quarter": 20052,
            "year": 2005,
            "quarter": 2,
            "eps": -0.83,
            "eps_growth_year": -351.52,
            "eps_4q": 0.41,
            "eps_4q_growth_year": -82.26,
            "roe": -6.73,
            "roe_4q": 3.1999999999999993,
            "gross_profit": 21884,
            "gross_margin": 7.58,
            "gross_margin_4q_avg": 7.78,
            "net_income": -17835,
            "net_income_4q": null,
            "revenue": 288676,
            "revenue_4q": null,
            "common_shares": 215962,
            "book_valuer_per_share": 11.48,
            "book_valuer_per_share_4q_avg": 12.5,
            "equity": 247856,
            "current_ratio": 145.93,
            "debt_ratio": 75.96,
            "inventory_turnover_ratio": 1.77,
            "account_receivable_turnover_ratio": null,
            "reinvestment_rate": null,
            "research_to_sale_ratio": null,
            "price_fair": 66.68,
            "eps_avg_yearly": 1.91,
            "eps_latest_yearly": 0.88,
            "eps_growth_yearly": 879.55
        },
        "20053": {
            "year_quarter": 20053,
            "year": 2005,
            "quarter": 3,
            "eps": -1.05,
            "eps_growth_year": -2200,
            "eps_4q": -0.78,
            "eps_4q_growth_year": -146.33,
            "roe": -10.53,
            "roe_4q": -7.749999999999998,
            "gross_profit": 8922,
            "gross_margin": 2.66,
            "gross_margin_4q_avg": 6.39,
            "net_income": -24687,
            "net_income_4q": null,
            "revenue": 335017,
            "revenue_4q": null,
            "common_shares": 215962,
            "book_valuer_per_share": 10.24,
            "book_valuer_per_share_4q_avg": 11.9,
            "equity": 221045,
            "current_ratio": 136.29,
            "debt_ratio": 79.47,
            "inventory_turnover_ratio": 2.14,
            "account_receivable_turnover_ratio": null,
            "reinvestment_rate": null,
            "research_to_sale_ratio": null,
            "price_fair": 66.68,
            "eps_avg_yearly": 1.91,
            "eps_latest_yearly": 0.88,
            "eps_growth_yearly": 879.55
        },
        "20054": {
            "year_quarter": 20054,
            "year": 2005,
            "quarter": 4,
            "eps": -0.34,
            "eps_growth_year": -135.05,
            "eps_4q": -1.98,
            "eps_4q_growth_year": -186.72,
            "roe": -3.66,
            "roe_4q": -19.23,
            "gross_profit": 33427,
            "gross_margin": 8.8,
            "gross_margin_4q_avg": 7.04,
            "net_income": -8059,
            "net_income_4q": null,
            "revenue": 379840,
            "revenue_4q": null,
            "common_shares": 234200,
            "book_valuer_per_share": 9.14,
            "book_valuer_per_share_4q_avg": 10.98,
            "equity": 219257,
            "current_ratio": 122.84,
            "debt_ratio": 80.27,
            "inventory_turnover_ratio": 2.24,
            "account_receivable_turnover_ratio": null,
            "reinvestment_rate": null,
            "research_to_sale_ratio": null,
            "price_fair": 66.68,
            "eps_avg_yearly": 1.91,
            "eps_latest_yearly": 0.88,
            "eps_growth_yearly": 879.55
        },
        "20061": {
            "year_quarter": 20061,
            "year": 2006,
            "quarter": 1,
            "eps": 0.34,
            "eps_growth_year": 54.55,
            "eps_4q": -1.83,
            "eps_4q_growth_year": -218.25,
            "roe": 3.22,
            "roe_4q": -17.7,
            "gross_profit": 38819,
            "gross_margin": 9.88,
            "gross_margin_4q_avg": 7.23,
            "net_income": 7915,
            "net_income_4q": null,
            "revenue": 392935,
            "revenue_4q": null,
            "common_shares": 234200,
            "book_valuer_per_share": 11.61,
            "book_valuer_per_share_4q_avg": 10.62,
            "equity": 271882,
            "current_ratio": 124.74,
            "debt_ratio": 74.95,
            "inventory_turnover_ratio": 2.29,
            "account_receivable_turnover_ratio": null,
            "reinvestment_rate": null,
            "research_to_sale_ratio": null,
            "price_fair": 66.68,
            "eps_avg_yearly": 1.91,
            "eps_latest_yearly": 0.88,
            "eps_growth_yearly": 879.55
        },
        "20062": {
            "year_quarter": 20062,
            "year": 2006,
            "quarter": 2,
            "eps": -0.31,
            "eps_growth_year": null,
            "eps_4q": -1.22,
            "eps_4q_growth_year": -395.61,
            "roe": -2.86,
            "roe_4q": -13.829999999999998,
            "gross_profit": 20488,
            "gross_margin": 7.03,
            "gross_margin_4q_avg": 7.09,
            "net_income": -7701,
            "net_income_4q": null,
            "revenue": 291386,
            "revenue_4q": null,
            "common_shares": 267643,
            "book_valuer_per_share": 9.95,
            "book_valuer_per_share_4q_avg": 10.24,
            "equity": 266346,
            "current_ratio": 130.44,
            "debt_ratio": 71.37,
            "inventory_turnover_ratio": 1.71,
            "account_receivable_turnover_ratio": null,
            "reinvestment_rate": 391.99,
            "research_to_sale_ratio": null,
            "price_fair": 66.68,
            "eps_avg_yearly": 1.91,
            "eps_latest_yearly": 0.88,
            "eps_growth_yearly": 879.55
        },
        "20063": {
            "year_quarter": 20063,
            "year": 2006,
            "quarter": 3,
            "eps": 0.08,
            "eps_growth_year": null,
            "eps_4q": -0.22,
            "eps_4q_growth_year": null,
            "roe": 0.77,
            "roe_4q": -2.53,
            "gross_profit": 24191,
            "gross_margin": 7.35,
            "gross_margin_4q_avg": 8.27,
            "net_income": 2071,
            "net_income_4q": null,
            "revenue": 329245,
            "revenue_4q": null,
            "common_shares": 267643,
            "book_valuer_per_share": 10.07,
            "book_valuer_per_share_4q_avg": 10.19,
            "equity": 269623,
            "current_ratio": 129.59,
            "debt_ratio": 71.42,
            "inventory_turnover_ratio": 1.91,
            "account_receivable_turnover_ratio": null,
            "reinvestment_rate": 14.55,
            "research_to_sale_ratio": null,
            "price_fair": 66.68,
            "eps_avg_yearly": 1.91,
            "eps_latest_yearly": 0.88,
            "eps_growth_yearly": 879.55
        },
        "20064": {
            "year_quarter": 20064,
            "year": 2006,
            "quarter": 4,
            "eps": 0.14,
            "eps_growth_year": null,
            "eps_4q": 0.23,
            "eps_4q_growth_year": null,
            "roe": 1.3,
            "roe_4q": 2.4300000000000006,
            "gross_profit": 39164,
            "gross_margin": 9.67,
            "gross_margin_4q_avg": 8.48,
            "net_income": 3615,
            "net_income_4q": null,
            "revenue": 405042,
            "revenue_4q": null,
            "common_shares": 267643,
            "book_valuer_per_share": 10.67,
            "book_valuer_per_share_4q_avg": 10.58,
            "equity": 286809,
            "current_ratio": 126.42,
            "debt_ratio": 73.39,
            "inventory_turnover_ratio": 2.21,
            "account_receivable_turnover_ratio": null,
            "reinvestment_rate": 1.24,
            "research_to_sale_ratio": null,
            "price_fair": 61.44,
            "eps_avg_yearly": 1.76,
            "eps_latest_yearly": 0.56,
            "eps_growth_yearly": 815.15
        },
        "20071": {
            "year_quarter": 20071,
            "year": 2007,
            "quarter": 1,
            "eps": 0.03,
            "eps_growth_year": -91.18,
            "eps_4q": -0.06,
            "eps_4q_growth_year": null,
            "roe": 0.24,
            "roe_4q": -0.5499999999999998,
            "gross_profit": 20441,
            "gross_margin": 5.83,
            "gross_margin_4q_avg": 7.47,
            "net_income": 687,
            "net_income_4q": null,
            "revenue": 350763,
            "revenue_4q": null,
            "common_shares": 267710,
            "book_valuer_per_share": 10.73,
            "book_valuer_per_share_4q_avg": 10.36,
            "equity": 287280,
            "current_ratio": 117.19,
            "debt_ratio": 71.63,
            "inventory_turnover_ratio": 2.08,
            "account_receivable_turnover_ratio": null,
            "reinvestment_rate": -2.91,
            "research_to_sale_ratio": null,
            "price_fair": 55.72,
            "eps_avg_yearly": 1.59,
            "eps_latest_yearly": 0.12,
            "eps_growth_yearly": 702.21
        },
        "20072": {
            "year_quarter": 20072,
            "year": 2007,
            "quarter": 2,
            "eps": 0.31,
            "eps_growth_year": null,
            "eps_4q": 0.55,
            "eps_4q_growth_year": null,
            "roe": 2.72,
            "roe_4q": 5.029999999999999,
            "gross_profit": 25632,
            "gross_margin": 7.19,
            "gross_margin_4q_avg": 7.51,
            "net_income": 8401,
            "net_income_4q": null,
            "revenue": 356709,
            "revenue_4q": null,
            "common_shares": 267709,
            "book_valuer_per_share": 12.31,
            "book_valuer_per_share_4q_avg": 10.95,
            "equity": 329572,
            "current_ratio": 129.39,
            "debt_ratio": 66.07,
            "inventory_turnover_ratio": 2.21,
            "account_receivable_turnover_ratio": null,
            "reinvestment_rate": 13.71,
            "research_to_sale_ratio": null,
            "price_fair": 56.28,
            "eps_avg_yearly": 1.61,
            "eps_latest_yearly": 1.24,
            "eps_growth_yearly": 1103.41
        },
        "20073": {
            "year_quarter": 20073,
            "year": 2007,
            "quarter": 3,
            "eps": 0.37,
            "eps_growth_year": 362.5,
            "eps_4q": 0.83,
            "eps_4q_growth_year": null,
            "roe": 3.07,
            "roe_4q": 7.33,
            "gross_profit": 51583,
            "gross_margin": 10.59,
            "gross_margin_4q_avg": 8.32,
            "net_income": 10213,
            "net_income_4q": null,
            "revenue": 487017,
            "revenue_4q": null,
            "common_shares": 315030,
            "book_valuer_per_share": 10.69,
            "book_valuer_per_share_4q_avg": 11.1,
            "equity": 336644,
            "current_ratio": 122.14,
            "debt_ratio": 71.09,
            "inventory_turnover_ratio": 2.54,
            "account_receivable_turnover_ratio": null,
            "reinvestment_rate": 14.22,
            "research_to_sale_ratio": null,
            "price_fair": 53.9,
            "eps_avg_yearly": 1.54,
            "eps_latest_yearly": 1.48,
            "eps_growth_yearly": 1071.15
        },
        "20074": {
            "year_quarter": 20074,
            "year": 2007,
            "quarter": 4,
            "eps": -0.25,
            "eps_growth_year": -278.57,
            "eps_4q": 0.4,
            "eps_4q_growth_year": 73.2,
            "roe": -2.02,
            "roe_4q": 4.01,
            "gross_profit": 24480,
            "gross_margin": 5.59,
            "gross_margin_4q_avg": 7.3,
            "net_income": -7787,
            "net_income_4q": null,
            "revenue": 438060,
            "revenue_4q": null,
            "common_shares": 398322,
            "book_valuer_per_share": 10.86,
            "book_valuer_per_share_4q_avg": 11.15,
            "equity": 435226,
            "current_ratio": 148.66,
            "debt_ratio": 59.32,
            "inventory_turnover_ratio": 1.96,
            "account_receivable_turnover_ratio": null,
            "reinvestment_rate": 16.94,
            "research_to_sale_ratio": null,
            "price_fair": 53.36,
            "eps_avg_yearly": 1.52,
            "eps_latest_yearly": 1.48,
            "eps_growth_yearly": 1200.04
        },
        "20081": {
            "year_quarter": 20081,
            "year": 2008,
            "quarter": 1,
            "eps": -0.16,
            "eps_growth_year": -633.33,
            "eps_4q": 0.11,
            "eps_4q_growth_year": null,
            "roe": -1.5,
            "roe_4q": 2.27,
            "gross_profit": 24845,
            "gross_margin": 7.21,
            "gross_margin_4q_avg": 7.65,
            "net_income": -6465,
            "net_income_4q": null,
            "revenue": 344815,
            "revenue_4q": null,
            "common_shares": 398322,
            "book_valuer_per_share": 10.65,
            "book_valuer_per_share_4q_avg": 11.13,
            "equity": 426466,
            "current_ratio": 150.36,
            "debt_ratio": 57.66,
            "inventory_turnover_ratio": 1.48,
            "account_receivable_turnover_ratio": null,
            "reinvestment_rate": null,
            "research_to_sale_ratio": null,
            "price_fair": 42.35,
            "eps_avg_yearly": 1.21,
            "eps_latest_yearly": 1.48,
            "eps_growth_yearly": 1279.81
        },
        "20082": {
            "year_quarter": 20082,
            "year": 2008,
            "quarter": 2,
            "eps": -0.79,
            "eps_growth_year": -354.84,
            "eps_4q": -0.89,
            "eps_4q_growth_year": -263.4,
            "roe": -7.68,
            "roe_4q": -8.129999999999999,
            "gross_profit": 5526,
            "gross_margin": 1.57,
            "gross_margin_4q_avg": 6.24,
            "net_income": -31321,
            "net_income_4q": null,
            "revenue": 352207,
            "revenue_4q": null,
            "common_shares": 398322,
            "book_valuer_per_share": 9.67,
            "book_valuer_per_share_4q_avg": 10.47,
            "equity": 389270,
            "current_ratio": 143.6,
            "debt_ratio": 59.81,
            "inventory_turnover_ratio": 2.03,
            "account_receivable_turnover_ratio": null,
            "reinvestment_rate": null,
            "research_to_sale_ratio": null,
            "price_fair": 41.8,
            "eps_avg_yearly": 1.19,
            "eps_latest_yearly": 1.48,
            "eps_growth_yearly": 1501.11
        },
        "20083": {
            "year_quarter": 20083,
            "year": 2008,
            "quarter": 3,
            "eps": 0.56,
            "eps_growth_year": 51.35,
            "eps_4q": -0.56,
            "eps_4q_growth_year": -167.22,
            "roe": 5.7,
            "roe_4q": -5.5,
            "gross_profit": 28616,
            "gross_margin": 6.69,
            "gross_margin_4q_avg": 5.27,
            "net_income": 22193,
            "net_income_4q": null,
            "revenue": 427983,
            "revenue_4q": null,
            "common_shares": 422221,
            "book_valuer_per_share": 9.21,
            "book_valuer_per_share_4q_avg": 10.1,
            "equity": 389823,
            "current_ratio": 139.86,
            "debt_ratio": 62.17,
            "inventory_turnover_ratio": 2.51,
            "account_receivable_turnover_ratio": null,
            "reinvestment_rate": null,
            "research_to_sale_ratio": null,
            "price_fair": 47.6,
            "eps_avg_yearly": 1.36,
            "eps_latest_yearly": 1.48,
            "eps_growth_yearly": 1807.86
        },
        "20084": {
            "year_quarter": 20084,
            "year": 2008,
            "quarter": 4,
            "eps": 0.47,
            "eps_growth_year": null,
            "eps_4q": 0.14,
            "eps_4q_growth_year": -65.73,
            "roe": 5,
            "roe_4q": 1.5199999999999996,
            "gross_profit": 56235,
            "gross_margin": 10.64,
            "gross_margin_4q_avg": 6.53,
            "net_income": 19718,
            "net_income_4q": null,
            "revenue": 528445,
            "revenue_4q": null,
            "common_shares": 422221,
            "book_valuer_per_share": 9.44,
            "book_valuer_per_share_4q_avg": 9.74,
            "equity": 398922,
            "current_ratio": 132.34,
            "debt_ratio": 65.45,
            "inventory_turnover_ratio": 2.42,
            "account_receivable_turnover_ratio": 1.74,
            "reinvestment_rate": null,
            "research_to_sale_ratio": null,
            "price_fair": 35.93,
            "eps_avg_yearly": 1.03,
            "eps_latest_yearly": 1.88,
            "eps_growth_yearly": 570.48
        },
        "20091": {
            "year_quarter": 20091,
            "year": 2009,
            "quarter": 1,
            "eps": 0.12,
            "eps_growth_year": null,
            "eps_4q": 0.4,
            "eps_4q_growth_year": 265.98,
            "roe": 1.27,
            "roe_4q": 4.289999999999999,
            "gross_profit": 33718,
            "gross_margin": 8.8,
            "gross_margin_4q_avg": 6.93,
            "net_income": 5154,
            "net_income_4q": null,
            "revenue": 383341,
            "revenue_4q": null,
            "common_shares": 422221,
            "book_valuer_per_share": 9.78,
            "book_valuer_per_share_4q_avg": 9.53,
            "equity": 413317,
            "current_ratio": 143.32,
            "debt_ratio": 60.43,
            "inventory_turnover_ratio": 1.68,
            "account_receivable_turnover_ratio": 0.7,
            "reinvestment_rate": null,
            "research_to_sale_ratio": null,
            "price_fair": 33.6,
            "eps_avg_yearly": 0.96,
            "eps_latest_yearly": 0.48,
            "eps_growth_yearly": 572.38
        },
        "20092": {
            "year_quarter": 20092,
            "year": 2009,
            "quarter": 2,
            "eps": 0.16,
            "eps_growth_year": null,
            "eps_4q": 1.35,
            "eps_4q_growth_year": null,
            "roe": 1.56,
            "roe_4q": 13.530000000000001,
            "gross_profit": 49488,
            "gross_margin": 13.69,
            "gross_margin_4q_avg": 9.96,
            "net_income": 6572,
            "net_income_4q": null,
            "revenue": 361617,
            "revenue_4q": null,
            "common_shares": 422221,
            "book_valuer_per_share": 10.19,
            "book_valuer_per_share_4q_avg": 9.66,
            "equity": 430340,
            "current_ratio": 152.87,
            "debt_ratio": 56.69,
            "inventory_turnover_ratio": 1.56,
            "account_receivable_turnover_ratio": 0.81,
            "reinvestment_rate": -1647.74,
            "research_to_sale_ratio": null,
            "price_fair": 32,
            "eps_avg_yearly": 0.91,
            "eps_latest_yearly": 0.64,
            "eps_growth_yearly": 509.66
        },
        "20093": {
            "year_quarter": 20093,
            "year": 2009,
            "quarter": 3,
            "eps": 0.04,
            "eps_growth_year": -92.86,
            "eps_4q": 0.86,
            "eps_4q_growth_year": null,
            "roe": 0.36,
            "roe_4q": 8.19,
            "gross_profit": 29302,
            "gross_margin": 6.42,
            "gross_margin_4q_avg": 9.89,
            "net_income": 1563,
            "net_income_4q": null,
            "revenue": 456090,
            "revenue_4q": null,
            "common_shares": 447554,
            "book_valuer_per_share": 9.86,
            "book_valuer_per_share_4q_avg": 9.82,
            "equity": 441537,
            "current_ratio": 147.6,
            "debt_ratio": 59.13,
            "inventory_turnover_ratio": 2.11,
            "account_receivable_turnover_ratio": 1.01,
            "reinvestment_rate": -34.65,
            "research_to_sale_ratio": null,
            "price_fair": 28.7,
            "eps_avg_yearly": 0.82,
            "eps_latest_yearly": 0.16,
            "eps_growth_yearly": 408.46
        },
        "20094": {
            "year_quarter": 20094,
            "year": 2009,
            "quarter": 4,
            "eps": -0.21,
            "eps_growth_year": -144.68,
            "eps_4q": 0.09,
            "eps_4q_growth_year": -33.78,
            "roe": -2.19,
            "roe_4q": 1,
            "gross_profit": 24888,
            "gross_margin": 5.7,
            "gross_margin_4q_avg": 8.65,
            "net_income": -9524,
            "net_income_4q": null,
            "revenue": 436899,
            "revenue_4q": null,
            "common_shares": 447554,
            "book_valuer_per_share": 9.6,
            "book_valuer_per_share_4q_avg": 9.86,
            "equity": 429758,
            "current_ratio": 146,
            "debt_ratio": 61.78,
            "inventory_turnover_ratio": 1.98,
            "account_receivable_turnover_ratio": 1.57,
            "reinvestment_rate": 90.73,
            "research_to_sale_ratio": null,
            "price_fair": 28.7,
            "eps_avg_yearly": 0.82,
            "eps_latest_yearly": 0.16,
            "eps_growth_yearly": 408.46
        },
        "20101": {
            "year_quarter": 20101,
            "year": 2010,
            "quarter": 1,
            "eps": -0.07,
            "eps_growth_year": -158.33,
            "eps_4q": -0.1,
            "eps_4q_growth_year": -123.87,
            "roe": -0.74,
            "roe_4q": -1.0099999999999998,
            "gross_profit": 36487,
            "gross_margin": 8.67,
            "gross_margin_4q_avg": 8.62,
            "net_income": -3163,
            "net_income_4q": null,
            "revenue": 420929,
            "revenue_4q": null,
            "common_shares": 447554,
            "book_valuer_per_share": 9.56,
            "book_valuer_per_share_4q_avg": 9.8,
            "equity": 428037,
            "current_ratio": 136.4,
            "debt_ratio": 61.3,
            "inventory_turnover_ratio": 1.7,
            "account_receivable_turnover_ratio": 0.91,
            "reinvestment_rate": 128.92,
            "research_to_sale_ratio": null,
            "price_fair": 28.7,
            "eps_avg_yearly": 0.82,
            "eps_latest_yearly": 0.16,
            "eps_growth_yearly": 408.46
        },
        "20102": {
            "year_quarter": 20102,
            "year": 2010,
            "quarter": 2,
            "eps": -0.81,
            "eps_growth_year": -609.21,
            "eps_4q": -1.06,
            "eps_4q_growth_year": -178.46,
            "roe": -8.99,
            "roe_4q": -11.56,
            "gross_profit": 9360,
            "gross_margin": 2.23,
            "gross_margin_4q_avg": 5.76,
            "net_income": -36521,
            "net_income_4q": null,
            "revenue": 419677,
            "revenue_4q": null,
            "common_shares": 447554,
            "book_valuer_per_share": 8.59,
            "book_valuer_per_share_4q_avg": 9.4,
            "equity": 384571,
            "current_ratio": 135.62,
            "debt_ratio": 65.29,
            "inventory_turnover_ratio": 1.6,
            "account_receivable_turnover_ratio": 1.1,
            "reinvestment_rate": null,
            "research_to_sale_ratio": null,
            "price_fair": 28.7,
            "eps_avg_yearly": 0.82,
            "eps_latest_yearly": 0.16,
            "eps_growth_yearly": 408.46
        },
        "20103": {
            "year_quarter": 20103,
            "year": 2010,
            "quarter": 3,
            "eps": 0.22,
            "eps_growth_year": 447.98,
            "eps_4q": -0.88,
            "eps_4q_growth_year": -202.23,
            "roe": 2.5,
            "roe_4q": -9.42,
            "gross_profit": 30939,
            "gross_margin": 7.05,
            "gross_margin_4q_avg": 5.91,
            "net_income": 9876,
            "net_income_4q": null,
            "revenue": 439140,
            "revenue_4q": null,
            "common_shares": 447554,
            "book_valuer_per_share": 9.06,
            "book_valuer_per_share_4q_avg": 9.2,
            "equity": 405255,
            "current_ratio": 134.44,
            "debt_ratio": 65.19,
            "inventory_turnover_ratio": 1.66,
            "account_receivable_turnover_ratio": 1,
            "reinvestment_rate": null,
            "research_to_sale_ratio": null,
            "price_fair": 28.7,
            "eps_avg_yearly": 0.82,
            "eps_latest_yearly": 0.16,
            "eps_growth_yearly": 408.46
        },
        "20104": {
            "year_quarter": 20104,
            "year": 2010,
            "quarter": 4,
            "eps": -0.01,
            "eps_growth_year": null,
            "eps_4q": -0.68,
            "eps_4q_growth_year": -855.14,
            "roe": -0.18,
            "roe_4q": -7.41,
            "gross_profit": 14283,
            "gross_margin": 4.84,
            "gross_margin_4q_avg": 5.7,
            "net_income": -716,
            "net_income_4q": null,
            "revenue": 295333,
            "revenue_4q": null,
            "common_shares": 447554,
            "book_valuer_per_share": 9.21,
            "book_valuer_per_share_4q_avg": 9.11,
            "equity": 412220,
            "current_ratio": 150.8,
            "debt_ratio": 56.22,
            "inventory_turnover_ratio": 1.4,
            "account_receivable_turnover_ratio": 0.67,
            "reinvestment_rate": null,
            "research_to_sale_ratio": null,
            "price_fair": 30,
            "eps_avg_yearly": 0.86,
            "eps_latest_yearly": 0.16,
            "eps_growth_yearly": 423.95
        },
        "20111": {
            "year_quarter": 20111,
            "year": 2011,
            "quarter": 1,
            "eps": -0.31,
            "eps_growth_year": null,
            "eps_4q": -0.92,
            "eps_4q_growth_year": null,
            "roe": -3.43,
            "roe_4q": -10.100000000000001,
            "gross_profit": 13579,
            "gross_margin": 6.03,
            "gross_margin_4q_avg": 5.04,
            "net_income": -13781,
            "net_income_4q": null,
            "revenue": 225192,
            "revenue_4q": null,
            "common_shares": 447554,
            "book_valuer_per_share": 8.72,
            "book_valuer_per_share_4q_avg": 8.9,
            "equity": 390281,
            "current_ratio": 157.88,
            "debt_ratio": 52.01,
            "inventory_turnover_ratio": 1.35,
            "account_receivable_turnover_ratio": 0.66,
            "reinvestment_rate": null,
            "research_to_sale_ratio": null,
            "price_fair": 34.3,
            "eps_avg_yearly": 0.98,
            "eps_latest_yearly": 0.16,
            "eps_growth_yearly": 546.99
        },
        "20112": {
            "year_quarter": 20112,
            "year": 2011,
            "quarter": 2,
            "eps": -0.17,
            "eps_growth_year": null,
            "eps_4q": -0.28,
            "eps_4q_growth_year": null,
            "roe": -2.01,
            "roe_4q": -3.119999999999999,
            "gross_profit": 18223,
            "gross_margin": 7.01,
            "gross_margin_4q_avg": 6.23,
            "net_income": -7876,
            "net_income_4q": null,
            "revenue": 260091,
            "revenue_4q": null,
            "common_shares": 447554,
            "book_valuer_per_share": 8.35,
            "book_valuer_per_share_4q_avg": 8.84,
            "equity": 392665,
            "current_ratio": 146.22,
            "debt_ratio": 56.93,
            "inventory_turnover_ratio": 1.83,
            "account_receivable_turnover_ratio": 0.88,
            "reinvestment_rate": null,
            "research_to_sale_ratio": null,
            "price_fair": 2.78,
            "eps_avg_yearly": 0.93,
            "eps_latest_yearly": 0.16,
            "eps_growth_yearly": -90.28
        },
        "20113": {
            "year_quarter": 20113,
            "year": 2011,
            "quarter": 3,
            "eps": 0.11,
            "eps_growth_year": -51.41,
            "eps_4q": -0.39,
            "eps_4q_growth_year": null,
            "roe": 1.39,
            "roe_4q": -4.2299999999999995,
            "gross_profit": 32403,
            "gross_margin": 11.17,
            "gross_margin_4q_avg": 7.26,
            "net_income": 5206,
            "net_income_4q": null,
            "revenue": 290204,
            "revenue_4q": null,
            "common_shares": 447554,
            "book_valuer_per_share": 7.47,
            "book_valuer_per_share_4q_avg": 8.44,
            "equity": 355545,
            "current_ratio": 142.37,
            "debt_ratio": 58.14,
            "inventory_turnover_ratio": 1.97,
            "account_receivable_turnover_ratio": 0.95,
            "reinvestment_rate": null,
            "research_to_sale_ratio": null,
            "price_fair": 2.37,
            "eps_avg_yearly": 0.79,
            "eps_latest_yearly": 0.16,
            "eps_growth_yearly": -132.21
        },
        "20114": {
            "year_quarter": 20114,
            "year": 2011,
            "quarter": 4,
            "eps": -0.36,
            "eps_growth_year": null,
            "eps_4q": -0.74,
            "eps_4q_growth_year": null,
            "roe": -5.04,
            "roe_4q": -9.09,
            "gross_profit": 27700,
            "gross_margin": 10.05,
            "gross_margin_4q_avg": 8.57,
            "net_income": -17182,
            "net_income_4q": null,
            "revenue": 275731,
            "revenue_4q": null,
            "common_shares": 447554,
            "book_valuer_per_share": 6.82,
            "book_valuer_per_share_4q_avg": 7.84,
            "equity": 325651,
            "current_ratio": 133.21,
            "debt_ratio": 60.39,
            "inventory_turnover_ratio": 1.68,
            "account_receivable_turnover_ratio": 0.92,
            "reinvestment_rate": null,
            "research_to_sale_ratio": null,
            "price_fair": 2.37,
            "eps_avg_yearly": 0.79,
            "eps_latest_yearly": 0.16,
            "eps_growth_yearly": -132.21
        },
        "20121": {
            "year_quarter": 20121,
            "year": 2012,
            "quarter": 1,
            "eps": -0.19,
            "eps_growth_year": null,
            "eps_4q": -0.62,
            "eps_4q_growth_year": null,
            "roe": -2.57,
            "roe_4q": -8.23,
            "gross_profit": 32446,
            "gross_margin": 14.54,
            "gross_margin_4q_avg": 10.69,
            "net_income": -8400,
            "net_income_4q": null,
            "revenue": 223216,
            "revenue_4q": null,
            "common_shares": 447554,
            "book_valuer_per_share": 7.03,
            "book_valuer_per_share_4q_avg": 7.42,
            "equity": 327594,
            "current_ratio": 134.43,
            "debt_ratio": 60.55,
            "inventory_turnover_ratio": 1.19,
            "account_receivable_turnover_ratio": 0.8,
            "reinvestment_rate": null,
            "research_to_sale_ratio": null,
            "price_fair": 2.37,
            "eps_avg_yearly": 0.79,
            "eps_latest_yearly": 0.16,
            "eps_growth_yearly": -132.21
        },
        "20122": {
            "year_quarter": 20122,
            "year": 2012,
            "quarter": 2,
            "eps": 0.29,
            "eps_growth_year": null,
            "eps_4q": -0.16,
            "eps_4q_growth_year": null,
            "roe": 3.88,
            "roe_4q": -2.34,
            "gross_profit": 11987,
            "gross_margin": 4.64,
            "gross_margin_4q_avg": 10.1,
            "net_income": 12484,
            "net_income_4q": null,
            "revenue": 258532,
            "revenue_4q": null,
            "common_shares": 447554,
            "book_valuer_per_share": 7.05,
            "book_valuer_per_share_4q_avg": 7.09,
            "equity": 315616,
            "current_ratio": 138.54,
            "debt_ratio": 61.56,
            "inventory_turnover_ratio": 1.73,
            "account_receivable_turnover_ratio": 0.97,
            "reinvestment_rate": null,
            "research_to_sale_ratio": null,
            "price_fair": 2.37,
            "eps_avg_yearly": 0.79,
            "eps_latest_yearly": 0.16,
            "eps_growth_yearly": -132.21
        },
        "20123": {
            "year_quarter": 20123,
            "year": 2012,
            "quarter": 3,
            "eps": 0.06,
            "eps_growth_year": -47.22,
            "eps_4q": -0.21,
            "eps_4q_growth_year": null,
            "roe": 0.55,
            "roe_4q": -3.18,
            "gross_profit": 28253,
            "gross_margin": 13.02,
            "gross_margin_4q_avg": 10.56,
            "net_income": 1793,
            "net_income_4q": null,
            "revenue": 217058,
            "revenue_4q": null,
            "common_shares": 447554,
            "book_valuer_per_share": 7.31,
            "book_valuer_per_share_4q_avg": 7.05,
            "equity": 334938,
            "current_ratio": 168.04,
            "debt_ratio": 50.25,
            "inventory_turnover_ratio": 1.48,
            "account_receivable_turnover_ratio": 0.89,
            "reinvestment_rate": null,
            "research_to_sale_ratio": null,
            "price_fair": 2.04,
            "eps_avg_yearly": 0.68,
            "eps_latest_yearly": 0.24,
            "eps_growth_yearly": -169.21
        },
        "20124": {
            "year_quarter": 20124,
            "year": 2012,
            "quarter": 4,
            "eps": -0.48,
            "eps_growth_year": null,
            "eps_4q": -0.32,
            "eps_4q_growth_year": null,
            "roe": -6.95,
            "roe_4q": -5.09,
            "gross_profit": 24795,
            "gross_margin": 13.21,
            "gross_margin_4q_avg": 11.35,
            "net_income": -22656,
            "net_income_4q": null,
            "revenue": 187756,
            "revenue_4q": null,
            "common_shares": 447554,
            "book_valuer_per_share": 6.94,
            "book_valuer_per_share_4q_avg": 7.08,
            "equity": 317229,
            "current_ratio": 170.46,
            "debt_ratio": 49.65,
            "inventory_turnover_ratio": 1.42,
            "account_receivable_turnover_ratio": 0.87,
            "reinvestment_rate": null,
            "research_to_sale_ratio": null,
            "price_fair": 1.14,
            "eps_avg_yearly": 0.38,
            "eps_latest_yearly": 0.24,
            "eps_growth_yearly": -195.45
        },
        "20131": {
            "year_quarter": 20131,
            "year": 2013,
            "quarter": 1,
            "eps": 0,
            "eps_growth_year": null,
            "eps_4q": -0.13,
            "eps_4q_growth_year": null,
            "roe": -0.18,
            "roe_4q": -2.7,
            "gross_profit": 27805,
            "gross_margin": 15.41,
            "gross_margin_4q_avg": 11.57,
            "net_income": -586,
            "net_income_4q": null,
            "revenue": 180437,
            "revenue_4q": null,
            "common_shares": 447554,
            "book_valuer_per_share": 6.98,
            "book_valuer_per_share_4q_avg": 7.07,
            "equity": 318238,
            "current_ratio": 176.74,
            "debt_ratio": 45.96,
            "inventory_turnover_ratio": 1.42,
            "account_receivable_turnover_ratio": 0.97,
            "reinvestment_rate": null,
            "research_to_sale_ratio": null,
            "price_fair": 1.04,
            "eps_avg_yearly": 0.35,
            "eps_latest_yearly": 0.24,
            "eps_growth_yearly": -161.3
        },
        "20132": {
            "year_quarter": 20132,
            "year": 2013,
            "quarter": 2,
            "eps": -0.26,
            "eps_growth_year": -190.39,
            "eps_4q": -0.68,
            "eps_4q_growth_year": null,
            "roe": -4.12,
            "roe_4q": -10.7,
            "gross_profit": 20511,
            "gross_margin": 15.3,
            "gross_margin_4q_avg": 14.24,
            "net_income": -12863,
            "net_income_4q": null,
            "revenue": 134092,
            "revenue_4q": null,
            "common_shares": 447554,
            "book_valuer_per_share": 6.72,
            "book_valuer_per_share_4q_avg": 6.99,
            "equity": 305685,
            "current_ratio": 161.58,
            "debt_ratio": 46.76,
            "inventory_turnover_ratio": 0.98,
            "account_receivable_turnover_ratio": 0.85,
            "reinvestment_rate": null,
            "research_to_sale_ratio": null,
            "price_fair": 0.6,
            "eps_avg_yearly": 0.2,
            "eps_latest_yearly": 0.24,
            "eps_growth_yearly": -308.62
        },
        "20133": {
            "year_quarter": 20133,
            "year": 2013,
            "quarter": 3,
            "eps": -0.09,
            "eps_growth_year": -260.09,
            "eps_4q": -0.83,
            "eps_4q_growth_year": null,
            "roe": -1.71,
            "roe_4q": -12.96,
            "gross_profit": 20681,
            "gross_margin": 13.04,
            "gross_margin_4q_avg": 14.24,
            "net_income": -5240,
            "net_income_4q": null,
            "revenue": 158565,
            "revenue_4q": null,
            "common_shares": 447554,
            "book_valuer_per_share": 6.79,
            "book_valuer_per_share_4q_avg": 6.86,
            "equity": 307502,
            "current_ratio": 159.27,
            "debt_ratio": 51.9,
            "inventory_turnover_ratio": 1.22,
            "account_receivable_turnover_ratio": 1.03,
            "reinvestment_rate": null,
            "research_to_sale_ratio": null,
            "price_fair": 0.72,
            "eps_avg_yearly": 0.24,
            "eps_latest_yearly": 0.24,
            "eps_growth_yearly": -317.24
        },
        "20134": {
            "year_quarter": 20134,
            "year": 2013,
            "quarter": 4,
            "eps": -0.22,
            "eps_growth_year": null,
            "eps_4q": -0.57,
            "eps_4q_growth_year": null,
            "roe": -3.76,
            "roe_4q": -9.77,
            "gross_profit": 28025,
            "gross_margin": 15.72,
            "gross_margin_4q_avg": 14.87,
            "net_income": -11294,
            "net_income_4q": null,
            "revenue": 178261,
            "revenue_4q": null,
            "common_shares": 447554,
            "book_valuer_per_share": 6.52,
            "book_valuer_per_share_4q_avg": 6.75,
            "equity": 293795,
            "current_ratio": 149.96,
            "debt_ratio": 55.13,
            "inventory_turnover_ratio": 1.34,
            "account_receivable_turnover_ratio": 1.09,
            "reinvestment_rate": null,
            "research_to_sale_ratio": null,
            "price_fair": 0.72,
            "eps_avg_yearly": 0.24,
            "eps_latest_yearly": 0.24,
            "eps_growth_yearly": -317.24
        },
        "20141": {
            "year_quarter": 20141,
            "year": 2014,
            "quarter": 1,
            "eps": -0.1,
            "eps_growth_year": null,
            "eps_4q": -0.67,
            "eps_4q_growth_year": null,
            "roe": -1.9,
            "roe_4q": -11.49,
            "gross_profit": 32427,
            "gross_margin": 18.6,
            "gross_margin_4q_avg": 15.67,
            "net_income": -5536,
            "net_income_4q": null,
            "revenue": 174303,
            "revenue_4q": null,
            "common_shares": 447554,
            "book_valuer_per_share": 6.44,
            "book_valuer_per_share_4q_avg": 6.62,
            "equity": 289215,
            "current_ratio": 145.79,
            "debt_ratio": 56.51,
            "inventory_turnover_ratio": 1.15,
            "account_receivable_turnover_ratio": 1.09,
            "reinvestment_rate": null,
            "research_to_sale_ratio": null,
            "price_fair": 0.72,
            "eps_avg_yearly": 0.24,
            "eps_latest_yearly": 0.24,
            "eps_growth_yearly": -317.24
        },
        "20142": {
            "year_quarter": 20142,
            "year": 2014,
            "quarter": 2,
            "eps": -0.05,
            "eps_growth_year": null,
            "eps_4q": -0.45,
            "eps_4q_growth_year": null,
            "roe": -1.32,
            "roe_4q": -8.69,
            "gross_profit": 25013,
            "gross_margin": 14.92,
            "gross_margin_4q_avg": 15.57,
            "net_income": -3842,
            "net_income_4q": null,
            "revenue": 167632,
            "revenue_4q": null,
            "common_shares": 447554,
            "book_valuer_per_share": 6.59,
            "book_valuer_per_share_4q_avg": 6.59,
            "equity": 294185,
            "current_ratio": 141.8,
            "debt_ratio": 57.99,
            "inventory_turnover_ratio": 1.03,
            "account_receivable_turnover_ratio": 1.05,
            "reinvestment_rate": null,
            "research_to_sale_ratio": null,
            "price_fair": 0.72,
            "eps_avg_yearly": 0.24,
            "eps_latest_yearly": 0.24,
            "eps_growth_yearly": -317.24
        },
        "20143": {
            "year_quarter": 20143,
            "year": 2014,
            "quarter": 3,
            "eps": -0.05,
            "eps_growth_year": null,
            "eps_4q": -0.41,
            "eps_4q_growth_year": null,
            "roe": -1.39,
            "roe_4q": -8.37,
            "gross_profit": 29720,
            "gross_margin": 16.3,
            "gross_margin_4q_avg": 16.39,
            "net_income": -3964,
            "net_income_4q": null,
            "revenue": 182375,
            "revenue_4q": null,
            "common_shares": 447554,
            "book_valuer_per_share": 6.22,
            "book_valuer_per_share_4q_avg": 6.44,
            "equity": 275856,
            "current_ratio": 135.56,
            "debt_ratio": 60.9,
            "inventory_turnover_ratio": 0.93,
            "account_receivable_turnover_ratio": 1.13,
            "reinvestment_rate": null,
            "research_to_sale_ratio": null,
            "price_fair": 0.72,
            "eps_avg_yearly": 0.24,
            "eps_latest_yearly": 0.24,
            "eps_growth_yearly": -317.24
        },
        "20144": {
            "year_quarter": 20144,
            "year": 2014,
            "quarter": 4,
            "eps": 0,
            "eps_growth_year": null,
            "eps_4q": -0.2,
            "eps_4q_growth_year": null,
            "roe": -0.32,
            "roe_4q": -4.93,
            "gross_profit": 35704,
            "gross_margin": 21.87,
            "gross_margin_4q_avg": 17.92,
            "net_income": -881,
            "net_income_4q": null,
            "revenue": 163262,
            "revenue_4q": null,
            "common_shares": 447554,
            "book_valuer_per_share": 6.33,
            "book_valuer_per_share_4q_avg": 6.4,
            "equity": 282816,
            "current_ratio": 143.32,
            "debt_ratio": 57.51,
            "inventory_turnover_ratio": 0.81,
            "account_receivable_turnover_ratio": 1.02,
            "reinvestment_rate": null,
            "research_to_sale_ratio": null,
            "price_fair": 0.72,
            "eps_avg_yearly": 0.24,
            "eps_latest_yearly": 0.24,
            "eps_growth_yearly": -317.24
        },
        "20151": {
            "year_quarter": 20151,
            "year": 2015,
            "quarter": 1,
            "eps": 0.01,
            "eps_growth_year": null,
            "eps_4q": -0.1,
            "eps_4q_growth_year": null,
            "roe": 0.07,
            "roe_4q": -2.96,
            "gross_profit": 23047,
            "gross_margin": 19.89,
            "gross_margin_4q_avg": 18.25,
            "net_income": 232,
            "net_income_4q": null,
            "revenue": 115858,
            "revenue_4q": null,
            "common_shares": 447554,
            "book_valuer_per_share": 7.55,
            "book_valuer_per_share_4q_avg": 6.67,
            "equity": 337304,
            "current_ratio": 144.22,
            "debt_ratio": 52.75,
            "inventory_turnover_ratio": 0.62,
            "account_receivable_turnover_ratio": 0.78,
            "reinvestment_rate": null,
            "research_to_sale_ratio": null,
            "price_fair": 0.72,
            "eps_avg_yearly": 0.24,
            "eps_latest_yearly": 0.24,
            "eps_growth_yearly": -317.24
        },
        "20152": {
            "year_quarter": 20152,
            "year": 2015,
            "quarter": 2,
            "eps": -0.07,
            "eps_growth_year": null,
            "eps_4q": -0.12,
            "eps_4q_growth_year": null,
            "roe": -0.96,
            "roe_4q": -2.5999999999999996,
            "gross_profit": 24490,
            "gross_margin": 21.65,
            "gross_margin_4q_avg": 19.93,
            "net_income": -3194,
            "net_income_4q": null,
            "revenue": 113107,
            "revenue_4q": null,
            "common_shares": 447554,
            "book_valuer_per_share": 7.29,
            "book_valuer_per_share_4q_avg": 6.85,
            "equity": 325917,
            "current_ratio": 140.5,
            "debt_ratio": 53.05,
            "inventory_turnover_ratio": 0.56,
            "account_receivable_turnover_ratio": 0.84,
            "reinvestment_rate": null,
            "research_to_sale_ratio": null,
            "price_fair": 0.72,
            "eps_avg_yearly": 0.24,
            "eps_latest_yearly": 0.24,
            "eps_growth_yearly": -317.24
        },
        "20153": {
            "year_quarter": 20153,
            "year": 2015,
            "quarter": 3,
            "eps": 0.05,
            "eps_growth_year": null,
            "eps_4q": -0.01,
            "eps_4q_growth_year": null,
            "roe": 0.74,
            "roe_4q": -0.47,
            "gross_profit": 24980,
            "gross_margin": 20.22,
            "gross_margin_4q_avg": 20.91,
            "net_income": 2380,
            "net_income_4q": null,
            "revenue": 123513,
            "revenue_4q": null,
            "common_shares": 447554,
            "book_valuer_per_share": 7.15,
            "book_valuer_per_share_4q_avg": 7.08,
            "equity": 319695,
            "current_ratio": 135.39,
            "debt_ratio": 54.36,
            "inventory_turnover_ratio": 0.63,
            "account_receivable_turnover_ratio": 0.88,
            "reinvestment_rate": null,
            "research_to_sale_ratio": null,
            "price_fair": 0.72,
            "eps_avg_yearly": 0.24,
            "eps_latest_yearly": 0.24,
            "eps_growth_yearly": -317.24
        },
        "20154": {
            "year_quarter": 20154,
            "year": 2015,
            "quarter": 4,
            "eps": -0.27,
            "eps_growth_year": -14090.07,
            "eps_4q": -0.28,
            "eps_4q_growth_year": null,
            "roe": -3.9,
            "roe_4q": -4.05,
            "gross_profit": 21790,
            "gross_margin": 18.79,
            "gross_margin_4q_avg": 20.14,
            "net_income": -12203,
            "net_income_4q": null,
            "revenue": 115944,
            "revenue_4q": null,
            "common_shares": 447554,
            "book_valuer_per_share": 6.86,
            "book_valuer_per_share_4q_avg": 7.21,
            "equity": 306880,
            "current_ratio": 138.71,
            "debt_ratio": 53.82,
            "inventory_turnover_ratio": 0.62,
            "account_receivable_turnover_ratio": 0.84,
            "reinvestment_rate": null,
            "research_to_sale_ratio": null,
            "price_fair": 0.72,
            "eps_avg_yearly": 0.24,
            "eps_latest_yearly": 0.24,
            "eps_growth_yearly": -317.24
        },
        "20161": {
            "year_quarter": 20161,
            "year": 2016,
            "quarter": 1,
            "eps": -0.03,
            "eps_growth_year": -400,
            "eps_4q": -0.32,
            "eps_4q_growth_year": null,
            "roe": -0.48,
            "roe_4q": -4.6,
            "gross_profit": 22607,
            "gross_margin": 21.84,
            "gross_margin_4q_avg": 20.63,
            "net_income": -1446,
            "net_income_4q": null,
            "revenue": 103519,
            "revenue_4q": null,
            "common_shares": 447554,
            "book_valuer_per_share": 6.73,
            "book_valuer_per_share_4q_avg": 7.01,
            "equity": 301048,
            "current_ratio": 135.33,
            "debt_ratio": 54.65,
            "inventory_turnover_ratio": 0.53,
            "account_receivable_turnover_ratio": 0.84,
            "reinvestment_rate": null,
            "research_to_sale_ratio": null,
            "price_fair": 0.72,
            "eps_avg_yearly": 0.24,
            "eps_latest_yearly": 0.24,
            "eps_growth_yearly": -317.24
        },
        "20162": {
            "year_quarter": 20162,
            "year": 2016,
            "quarter": 2,
            "eps": -0.06,
            "eps_growth_year": null,
            "eps_4q": -0.31,
            "eps_4q_growth_year": null,
            "roe": -0.84,
            "roe_4q": -4.4799999999999995,
            "gross_profit": 19057,
            "gross_margin": 21.38,
            "gross_margin_4q_avg": 20.56,
            "net_income": -2497,
            "net_income_4q": null,
            "revenue": 89150,
            "revenue_4q": null,
            "common_shares": 447554,
            "book_valuer_per_share": 6.57,
            "book_valuer_per_share_4q_avg": 6.83,
            "equity": 293664,
            "current_ratio": 133.68,
            "debt_ratio": 54.53,
            "inventory_turnover_ratio": 0.45,
            "account_receivable_turnover_ratio": 0.78,
            "reinvestment_rate": null,
            "research_to_sale_ratio": null,
            "price_fair": 0.72,
            "eps_avg_yearly": 0.24,
            "eps_latest_yearly": 0.24,
            "eps_growth_yearly": -317.24
        },
        "20163": {
            "year_quarter": 20163,
            "year": 2016,
            "quarter": 3,
            "eps": -0.07,
            "eps_growth_year": -240,
            "eps_4q": -0.42,
            "eps_4q_growth_year": null,
            "roe": -1.03,
            "roe_4q": -6.25,
            "gross_profit": 16838,
            "gross_margin": 18.6,
            "gross_margin_4q_avg": 20.15,
            "net_income": -3004,
            "net_income_4q": null,
            "revenue": 90503,
            "revenue_4q": null,
            "common_shares": 447554,
            "book_valuer_per_share": 6.51,
            "book_valuer_per_share_4q_avg": 6.67,
            "equity": 291052,
            "current_ratio": 136.98,
            "debt_ratio": 52.4,
            "inventory_turnover_ratio": 0.49,
            "account_receivable_turnover_ratio": 0.92,
            "reinvestment_rate": null,
            "research_to_sale_ratio": null,
            "price_fair": 0,
            "eps_avg_yearly": 0,
            "eps_latest_yearly": 0,
            "eps_growth_yearly": 0
        },
        "20164": {
            "year_quarter": 20164,
            "year": 2016,
            "quarter": 4,
            "eps": -2.11,
            "eps_growth_year": null,
            "eps_4q": -2.26,
            "eps_4q_growth_year": null,
            "roe": -32.35,
            "roe_4q": -34.7,
            "gross_profit": 20950,
            "gross_margin": 24.92,
            "gross_margin_4q_avg": 21.69,
            "net_income": -94395,
            "net_income_4q": null,
            "revenue": 84073,
            "revenue_4q": null,
            "common_shares": 447554,
            "book_valuer_per_share": 6.54,
            "book_valuer_per_share_4q_avg": 6.59,
            "equity": 292587,
            "current_ratio": 144.62,
            "debt_ratio": 49.5,
            "inventory_turnover_ratio": 0.45,
            "account_receivable_turnover_ratio": 1.04,
            "reinvestment_rate": null,
            "research_to_sale_ratio": null,
            "price_fair": 0,
            "eps_avg_yearly": 0,
            "eps_latest_yearly": 0,
            "eps_growth_yearly": 0
        },
        "20171": {
            "year_quarter": 20171,
            "year": 2017,
            "quarter": 1,
            "eps": 0.06,
            "eps_growth_year": null,
            "eps_4q": -2.17,
            "eps_4q_growth_year": null,
            "roe": 0.89,
            "roe_4q": -33.330000000000005,
            "gross_profit": 12917,
            "gross_margin": 20.55,
            "gross_margin_4q_avg": 21.36,
            "net_income": 2637,
            "net_income_4q": null,
            "revenue": 62864,
            "revenue_4q": null,
            "common_shares": 447554,
            "book_valuer_per_share": 6.66,
            "book_valuer_per_share_4q_avg": 6.57,
            "equity": 297686,
            "current_ratio": 145.51,
            "debt_ratio": 49.88,
            "inventory_turnover_ratio": 0.36,
            "account_receivable_turnover_ratio": 0.83,
            "reinvestment_rate": null,
            "research_to_sale_ratio": null,
            "price_fair": 0,
            "eps_avg_yearly": 0,
            "eps_latest_yearly": 0,
            "eps_growth_yearly": 0
        },
        "20172": {
            "year_quarter": 20172,
            "year": 2017,
            "quarter": 2,
            "eps": -0.05,
            "eps_growth_year": null,
            "eps_4q": -2.16,
            "eps_4q_growth_year": null,
            "roe": -0.7,
            "roe_4q": -33.190000000000005,
            "gross_profit": 17145,
            "gross_margin": 29.37,
            "gross_margin_4q_avg": 23.36,
            "net_income": -2066,
            "net_income_4q": null,
            "revenue": 58375,
            "revenue_4q": null,
            "common_shares": 447554,
            "book_valuer_per_share": 6.54,
            "book_valuer_per_share_4q_avg": 6.56,
            "equity": 292744,
            "current_ratio": 154.25,
            "debt_ratio": 46,
            "inventory_turnover_ratio": 0.29,
            "account_receivable_turnover_ratio": 0.98,
            "reinvestment_rate": null,
            "research_to_sale_ratio": null,
            "price_fair": 0,
            "eps_avg_yearly": 0,
            "eps_latest_yearly": 0,
            "eps_growth_yearly": 0
        },
        "20173": {
            "year_quarter": 20173,
            "year": 2017,
            "quarter": 3,
            "eps": 0.01,
            "eps_growth_year": null,
            "eps_4q": -3.12,
            "eps_4q_growth_year": null,
            "roe": 0.07,
            "roe_4q": -32.09,
            "gross_profit": 22142,
            "gross_margin": 30.36,
            "gross_margin_4q_avg": 26.3,
            "net_income": 203,
            "net_income_4q": null,
            "revenue": 72924,
            "revenue_4q": null,
            "common_shares": 300000,
            "book_valuer_per_share": 9.8,
            "book_valuer_per_share_4q_avg": 7.39,
            "equity": 293807,
            "current_ratio": 145.63,
            "debt_ratio": 47.44,
            "inventory_turnover_ratio": 0.34,
            "account_receivable_turnover_ratio": 1.39,
            "reinvestment_rate": null,
            "research_to_sale_ratio": null,
            "price_fair": 0,
            "eps_avg_yearly": 0,
            "eps_latest_yearly": 0,
            "eps_growth_yearly": 0
        },
        "20174": {
            "year_quarter": 20174,
            "year": 2017,
            "quarter": 4,
            "eps": -0.42,
            "eps_growth_year": null,
            "eps_4q": -0.39,
            "eps_4q_growth_year": null,
            "roe": -4.36,
            "roe_4q": -4.1000000000000005,
            "gross_profit": 7134,
            "gross_margin": 32.5,
            "gross_margin_4q_avg": 28.2,
            "net_income": -12512,
            "net_income_4q": null,
            "revenue": 21950,
            "revenue_4q": null,
            "common_shares": 300000,
            "book_valuer_per_share": 9.34,
            "book_valuer_per_share_4q_avg": 8.09,
            "equity": 279931,
            "current_ratio": 145.88,
            "debt_ratio": 46.75,
            "inventory_turnover_ratio": 0.1,
            "account_receivable_turnover_ratio": 0.45,
            "reinvestment_rate": null,
            "research_to_sale_ratio": null,
            "price_fair": 0,
            "eps_avg_yearly": 0,
            "eps_latest_yearly": 0,
            "eps_growth_yearly": 0
        },
        "20181": {
            "year_quarter": 20181,
            "year": 2018,
            "quarter": 1,
            "eps": -0.38,
            "eps_growth_year": -733.33,
            "eps_4q": -0.86,
            "eps_4q_growth_year": null,
            "roe": -4.17,
            "roe_4q": -9.16,
            "gross_profit": 9088,
            "gross_margin": 23.3,
            "gross_margin_4q_avg": 28.88,
            "net_income": -11363,
            "net_income_4q": null,
            "revenue": 39003,
            "revenue_4q": null,
            "common_shares": 300000,
            "book_valuer_per_share": 8.86,
            "book_valuer_per_share_4q_avg": 8.64,
            "equity": 265439,
            "current_ratio": 138.27,
            "debt_ratio": 49.28,
            "inventory_turnover_ratio": 0.2,
            "account_receivable_turnover_ratio": 0.93,
            "reinvestment_rate": null,
            "research_to_sale_ratio": null,
            "price_fair": 0,
            "eps_avg_yearly": 0,
            "eps_latest_yearly": 0,
            "eps_growth_yearly": 0
        },
        "20182": {
            "year_quarter": 20182,
            "year": 2018,
            "quarter": 2,
            "eps": -0.7,
            "eps_growth_year": null,
            "eps_4q": -1.49,
            "eps_4q_growth_year": null,
            "roe": -8.27,
            "roe_4q": -16.73,
            "gross_profit": 3691,
            "gross_margin": 15.44,
            "gross_margin_4q_avg": 25.4,
            "net_income": -21085,
            "net_income_4q": null,
            "revenue": 23911,
            "revenue_4q": null,
            "common_shares": 300000,
            "book_valuer_per_share": 8.16,
            "book_valuer_per_share_4q_avg": 9.04,
            "equity": 244464,
            "current_ratio": 126.67,
            "debt_ratio": 52.28,
            "inventory_turnover_ratio": 0.14,
            "account_receivable_turnover_ratio": 0.64,
            "reinvestment_rate": null,
            "research_to_sale_ratio": null,
            "price_fair": 0,
            "eps_avg_yearly": 0,
            "eps_latest_yearly": 0,
            "eps_growth_yearly": 0
        },
        "20183": {
            "year_quarter": 20183,
            "year": 2018,
            "quarter": 3,
            "eps": -0.52,
            "eps_growth_year": -5300,
            "eps_4q": -2.02,
            "eps_4q_growth_year": null,
            "roe": -6.53,
            "roe_4q": -23.33,
            "gross_profit": 10346,
            "gross_margin": 25.35,
            "gross_margin_4q_avg": 24.15,
            "net_income": -15546,
            "net_income_4q": null,
            "revenue": 40813,
            "revenue_4q": null,
            "common_shares": 300000,
            "book_valuer_per_share": 7.73,
            "book_valuer_per_share_4q_avg": 8.52,
            "equity": 231754,
            "current_ratio": 120.51,
            "debt_ratio": 54.39,
            "inventory_turnover_ratio": 0.2,
            "account_receivable_turnover_ratio": 1.38,
            "reinvestment_rate": null,
            "research_to_sale_ratio": null,
            "price_fair": 0,
            "eps_avg_yearly": 0,
            "eps_latest_yearly": 0,
            "eps_growth_yearly": 0
        },
        "20184": {
            "year_quarter": 20184,
            "year": 2018,
            "quarter": 4,
            "eps": -0.69,
            "eps_growth_year": null,
            "eps_4q": -2.29,
            "eps_4q_growth_year": null,
            "roe": -9.41,
            "roe_4q": -28.380000000000003,
            "gross_profit": 13760,
            "gross_margin": 27.38,
            "gross_margin_4q_avg": 22.87,
            "net_income": -20708,
            "net_income_4q": null,
            "revenue": 50251,
            "revenue_4q": null,
            "common_shares": 300000,
            "book_valuer_per_share": 6.96,
            "book_valuer_per_share_4q_avg": 7.93,
            "equity": 208522,
            "current_ratio": 171.13,
            "debt_ratio": 57.47,
            "inventory_turnover_ratio": 0.24,
            "account_receivable_turnover_ratio": 1.42,
            "reinvestment_rate": null,
            "research_to_sale_ratio": null,
            "price_fair": 0,
            "eps_avg_yearly": 0,
            "eps_latest_yearly": 0,
            "eps_growth_yearly": 0
        },
        "20191": {
            "year_quarter": 20191,
            "year": 2019,
            "quarter": 1,
            "eps": -0.48,
            "eps_growth_year": null,
            "eps_4q": -2.39,
            "eps_4q_growth_year": null,
            "roe": -7.2,
            "roe_4q": -31.41,
            "gross_profit": 11618,
            "gross_margin": 25.16,
            "gross_margin_4q_avg": 23.33,
            "net_income": -14481,
            "net_income_4q": null,
            "revenue": 46173,
            "revenue_4q": null,
            "common_shares": 300000,
            "book_valuer_per_share": 6.47,
            "book_valuer_per_share_4q_avg": 7.33,
            "equity": 193790,
            "current_ratio": 165.85,
            "debt_ratio": 58.79,
            "inventory_turnover_ratio": 0.24,
            "account_receivable_turnover_ratio": 1.3,
            "reinvestment_rate": null,
            "research_to_sale_ratio": null,
            "price_fair": 0,
            "eps_avg_yearly": 0,
            "eps_latest_yearly": 0,
            "eps_growth_yearly": 0
        },
        "20192": {
            "year_quarter": 20192,
            "year": 2019,
            "quarter": 2,
            "eps": -0.48,
            "eps_growth_year": null,
            "eps_4q": -2.17,
            "eps_4q_growth_year": null,
            "roe": -7.65,
            "roe_4q": -30.790000000000003,
            "gross_profit": 11243,
            "gross_margin": 30.69,
            "gross_margin_4q_avg": 27.15,
            "net_income": -14255,
            "net_income_4q": null,
            "revenue": 36632,
            "revenue_4q": null,
            "common_shares": 300000,
            "book_valuer_per_share": 5.98,
            "book_valuer_per_share_4q_avg": 6.79,
            "equity": 179075,
            "current_ratio": 150.67,
            "debt_ratio": 63.47,
            "inventory_turnover_ratio": 0.19,
            "account_receivable_turnover_ratio": 1.22,
            "reinvestment_rate": null,
            "research_to_sale_ratio": null,
            "price_fair": 0,
            "eps_avg_yearly": 0,
            "eps_latest_yearly": 0,
            "eps_growth_yearly": 0
        },
        "20193": {
            "year_quarter": 20193,
            "year": 2019,
            "quarter": 3,
            "eps": -0.02,
            "eps_growth_year": null,
            "eps_4q": -2.39,
            "eps_4q_growth_year": null,
            "roe": 0.13,
            "roe_4q": -24.130000000000003,
            "gross_profit": 21697,
            "gross_margin": 32.97,
            "gross_margin_4q_avg": 29.05,
            "net_income": 223,
            "net_income_4q": null,
            "revenue": 65799,
            "revenue_4q": null,
            "common_shares": 210000,
            "book_valuer_per_share": 8.41,
            "book_valuer_per_share_4q_avg": 6.96,
            "equity": 177329,
            "current_ratio": 144.33,
            "debt_ratio": 66,
            "inventory_turnover_ratio": 0.32,
            "account_receivable_turnover_ratio": 1.56,
            "reinvestment_rate": null,
            "research_to_sale_ratio": null,
            "price_fair": 0,
            "eps_avg_yearly": 0,
            "eps_latest_yearly": 0,
            "eps_growth_yearly": 0
        },
        "20194": {
            "year_quarter": 20194,
            "year": 2019,
            "quarter": 4,
            "eps": -0.73,
            "eps_growth_year": null,
            "eps_4q": -1.9,
            "eps_4q_growth_year": null,
            "roe": -9.95,
            "roe_4q": -24.669999999999998,
            "gross_profit": 15134,
            "gross_margin": 17.15,
            "gross_margin_4q_avg": 26.49,
            "net_income": -18382,
            "net_income_4q": null,
            "revenue": 88247,
            "revenue_4q": null,
            "common_shares": 250000,
            "book_valuer_per_share": 7.67,
            "book_valuer_per_share_4q_avg": 7.13,
            "equity": 192144,
            "current_ratio": 164.38,
            "debt_ratio": 63.04,
            "inventory_turnover_ratio": 0.52,
            "account_receivable_turnover_ratio": 1.51,
            "reinvestment_rate": null,
            "research_to_sale_ratio": null,
            "price_fair": 0,
            "eps_avg_yearly": 0,
            "eps_latest_yearly": 0,
            "eps_growth_yearly": 0
        },
        "20201": {
            "year_quarter": 20201,
            "year": 2020,
            "quarter": 1,
            "eps": -0.49,
            "eps_growth_year": null,
            "eps_4q": -1.82,
            "eps_4q_growth_year": null,
            "roe": -6.7,
            "roe_4q": -24.17,
            "gross_profit": 7280,
            "gross_margin": 14.59,
            "gross_margin_4q_avg": 23.85,
            "net_income": -12313,
            "net_income_4q": null,
            "revenue": 49909,
            "revenue_4q": null,
            "common_shares": 250000,
            "book_valuer_per_share": 7.01,
            "book_valuer_per_share_4q_avg": 7.27,
            "equity": 175602,
            "current_ratio": 154.24,
            "debt_ratio": 65.44,
            "inventory_turnover_ratio": 0.3,
            "account_receivable_turnover_ratio": 1.09,
            "reinvestment_rate": null,
            "research_to_sale_ratio": null,
            "price_fair": 0,
            "eps_avg_yearly": 0,
            "eps_latest_yearly": 0,
            "eps_growth_yearly": 0
        },
        "20202": {
            "year_quarter": 20202,
            "year": 2020,
            "quarter": 2,
            "eps": -0.45,
            "eps_growth_year": null,
            "eps_4q": -1.45,
            "eps_4q_growth_year": null,
            "roe": -6.44,
            "roe_4q": -22.96,
            "gross_profit": 11756,
            "gross_margin": 18.24,
            "gross_margin_4q_avg": 20.74,
            "net_income": -12359,
            "net_income_4q": null,
            "revenue": 64467,
            "revenue_4q": null,
            "common_shares": 300000,
            "book_valuer_per_share": 6.92,
            "book_valuer_per_share_4q_avg": 7.5,
            "equity": 207932,
            "current_ratio": 184.76,
            "debt_ratio": 57.15,
            "inventory_turnover_ratio": 0.38,
            "account_receivable_turnover_ratio": 2.18,
            "reinvestment_rate": null,
            "research_to_sale_ratio": null,
            "price_fair": 0,
            "eps_avg_yearly": 0,
            "eps_latest_yearly": 0,
            "eps_growth_yearly": 0
        },
        "20203": {
            "year_quarter": 20203,
            "year": 2020,
            "quarter": 3,
            "eps": -0.07,
            "eps_growth_year": null,
            "eps_4q": -1.49,
            "eps_4q_growth_year": null,
            "roe": -0.77,
            "roe_4q": -23.86,
            "gross_profit": 24591,
            "gross_margin": 35.24,
            "gross_margin_4q_avg": 21.31,
            "net_income": -1605,
            "net_income_4q": null,
            "revenue": 69790,
            "revenue_4q": null,
            "common_shares": 300000,
            "book_valuer_per_share": 6.89,
            "book_valuer_per_share_4q_avg": 7.12,
            "equity": 207368,
            "current_ratio": 182.37,
            "debt_ratio": 57.59,
            "inventory_turnover_ratio": 0.32,
            "account_receivable_turnover_ratio": 2.45,
            "reinvestment_rate": null,
            "research_to_sale_ratio": null,
            "price_fair": 0,
            "eps_avg_yearly": 0,
            "eps_latest_yearly": 0,
            "eps_growth_yearly": 0
        },
        "20204": {
            "year_quarter": 20204,
            "year": 2020,
            "quarter": 4,
            "eps": -0.16,
            "eps_growth_year": null,
            "eps_4q": -1.05,
            "eps_4q_growth_year": null,
            "roe": -2.5,
            "roe_4q": -16.41,
            "gross_profit": 19643,
            "gross_margin": 26.23,
            "gross_margin_4q_avg": 23.58,
            "net_income": -5125,
            "net_income_4q": null,
            "revenue": 74879,
            "revenue_4q": null,
            "common_shares": 300000,
            "book_valuer_per_share": 6.76,
            "book_valuer_per_share_4q_avg": 6.9,
            "equity": 203447,
            "current_ratio": 177.14,
            "debt_ratio": 58.4,
            "inventory_turnover_ratio": 0.39,
            "account_receivable_turnover_ratio": 2.18,
            "reinvestment_rate": null,
            "research_to_sale_ratio": null,
            "price_fair": 0,
            "eps_avg_yearly": 0,
            "eps_latest_yearly": 0,
            "eps_growth_yearly": 0
        },
        "20211": {
            "year_quarter": 20211,
            "year": 2021,
            "quarter": 1,
            "eps": -0.24,
            "eps_growth_year": null,
            "eps_4q": -0.88,
            "eps_4q_growth_year": null,
            "roe": -3.42,
            "roe_4q": -13.129999999999999,
            "gross_profit": 18778,
            "gross_margin": 29.56,
            "gross_margin_4q_avg": 27.32,
            "net_income": -6841,
            "net_income_4q": null,
            "revenue": 63533,
            "revenue_4q": null,
            "common_shares": 300000,
            "book_valuer_per_share": 6.52,
            "book_valuer_per_share_4q_avg": 6.77,
            "equity": 196198,
            "current_ratio": 190.61,
            "debt_ratio": 41.35,
            "inventory_turnover_ratio": 0.34,
            "account_receivable_turnover_ratio": 1.8,
            "reinvestment_rate": null,
            "research_to_sale_ratio": null,
            "price_fair": 0,
            "eps_avg_yearly": 0,
            "eps_latest_yearly": 0,
            "eps_growth_yearly": 0
        },
        "20212": {
            "year_quarter": 20212,
            "year": 2021,
            "quarter": 2,
            "eps": -0.29,
            "eps_growth_year": null,
            "eps_4q": -0.76,
            "eps_4q_growth_year": null,
            "roe": -4.56,
            "roe_4q": -11.25,
            "gross_profit": 13872,
            "gross_margin": 31.11,
            "gross_margin_4q_avg": 30.54,
            "net_income": -8767,
            "net_income_4q": null,
            "revenue": 44586,
            "revenue_4q": null,
            "common_shares": 300000,
            "book_valuer_per_share": 6.26,
            "book_valuer_per_share_4q_avg": 6.61,
            "equity": 188369,
            "current_ratio": 162.97,
            "debt_ratio": 48.01,
            "inventory_turnover_ratio": 0.23,
            "account_receivable_turnover_ratio": 1.56,
            "reinvestment_rate": null,
            "research_to_sale_ratio": null,
            "price_fair": 0,
            "eps_avg_yearly": 0,
            "eps_latest_yearly": 0,
            "eps_growth_yearly": 0
        },
        "20213": {
            "year_quarter": 20213,
            "year": 2021,
            "quarter": 3,
            "eps": -0.15,
            "eps_growth_year": null,
            "eps_4q": -0.84,
            "eps_4q_growth_year": null,
            "roe": -2.41,
            "roe_4q": -12.89,
            "gross_profit": 20142,
            "gross_margin": 32.27,
            "gross_margin_4q_avg": 29.79,
            "net_income": -4424,
            "net_income_4q": null,
            "revenue": 62424,
            "revenue_4q": null,
            "common_shares": 300000,
            "book_valuer_per_share": 5.94,
            "book_valuer_per_share_4q_avg": 6.37,
            "equity": 179093,
            "current_ratio": 152.39,
            "debt_ratio": 53.2,
            "inventory_turnover_ratio": 0.3,
            "account_receivable_turnover_ratio": 1.85,
            "reinvestment_rate": null,
            "research_to_sale_ratio": null,
            "price_fair": 0,
            "eps_avg_yearly": 0,
            "eps_latest_yearly": 0,
            "eps_growth_yearly": 0
        },
        "20214": {
            "year_quarter": 20214,
            "year": 2021,
            "quarter": 4,
            "eps": -0.24,
            "eps_growth_year": null,
            "eps_4q": -0.92,
            "eps_4q_growth_year": null,
            "roe": -4.19,
            "roe_4q": -14.58,
            "gross_profit": 15693,
            "gross_margin": 27.13,
            "gross_margin_4q_avg": 30.02,
            "net_income": -7419,
            "net_income_4q": null,
            "revenue": 57842,
            "revenue_4q": null,
            "common_shares": 300000,
            "book_valuer_per_share": 5.8,
            "book_valuer_per_share_4q_avg": 6.13,
            "equity": 174629,
            "current_ratio": 150.48,
            "debt_ratio": 53.16,
            "inventory_turnover_ratio": 0.31,
            "account_receivable_turnover_ratio": 1.57,
            "reinvestment_rate": null,
            "research_to_sale_ratio": null,
            "price_fair": 0,
            "eps_avg_yearly": 0,
            "eps_latest_yearly": 0,
            "eps_growth_yearly": 0
        },
        "20221": {
            "year_quarter": 20221,
            "year": 2022,
            "quarter": 1,
            "eps": -0.06,
            "eps_growth_year": null,
            "eps_4q": -0.75,
            "eps_4q_growth_year": null,
            "roe": -0.81,
            "roe_4q": -11.969999999999999,
            "gross_profit": 20214,
            "gross_margin": 36.72,
            "gross_margin_4q_avg": 31.81,
            "net_income": -1401,
            "net_income_4q": null,
            "revenue": 55055,
            "revenue_4q": null,
            "common_shares": 300000,
            "book_valuer_per_share": 5.73,
            "book_valuer_per_share_4q_avg": 5.93,
            "equity": 172840,
            "current_ratio": 150.94,
            "debt_ratio": 52.75,
            "inventory_turnover_ratio": 0.27,
            "account_receivable_turnover_ratio": 1.39,
            "reinvestment_rate": null,
            "research_to_sale_ratio": null,
            "price_fair": 0,
            "eps_avg_yearly": 0,
            "eps_latest_yearly": 0,
            "eps_growth_yearly": 0
        },
        "20222": {
            "year_quarter": 20222,
            "year": 2022,
            "quarter": 2,
            "eps": -0.22,
            "eps_growth_year": null,
            "eps_4q": -0.68,
            "eps_4q_growth_year": null,
            "roe": -4.04,
            "roe_4q": -11.45,
            "gross_profit": 12129,
            "gross_margin": 41.55,
            "gross_margin_4q_avg": 34.42,
            "net_income": -6728,
            "net_income_4q": null,
            "revenue": 29193,
            "revenue_4q": null,
            "common_shares": 300000,
            "book_valuer_per_share": 5.32,
            "book_valuer_per_share_4q_avg": 5.7,
            "equity": 160384,
            "current_ratio": 140.69,
            "debt_ratio": 53.48,
            "inventory_turnover_ratio": 0.14,
            "account_receivable_turnover_ratio": 0.82,
            "reinvestment_rate": null,
            "research_to_sale_ratio": null,
            "price_fair": 0,
            "eps_avg_yearly": 0,
            "eps_latest_yearly": 0,
            "eps_growth_yearly": 0
        },
        "20223": {
            "year_quarter": 20223,
            "year": 2022,
            "quarter": 3,
            "eps": -0.08,
            "eps_growth_year": null,
            "eps_4q": -0.6,
            "eps_4q_growth_year": null,
            "roe": -1.51,
            "roe_4q": -10.55,
            "gross_profit": 10814,
            "gross_margin": 31.21,
            "gross_margin_4q_avg": 34.15,
            "net_income": -2373,
            "net_income_4q": null,
            "revenue": 34644,
            "revenue_4q": null,
            "common_shares": 300000,
            "book_valuer_per_share": 5.09,
            "book_valuer_per_share_4q_avg": 5.49,
            "equity": 153576,
            "current_ratio": 131.73,
            "debt_ratio": 56.6,
            "inventory_turnover_ratio": 0.2,
            "account_receivable_turnover_ratio": 1.46,
            "reinvestment_rate": null,
            "research_to_sale_ratio": null,
            "price_fair": 0,
            "eps_avg_yearly": 0,
            "eps_latest_yearly": 0,
            "eps_growth_yearly": 0
        },
        "20224": {
            "year_quarter": 20224,
            "year": 2022,
            "quarter": 4,
            "eps": -0.48,
            "eps_growth_year": null,
            "eps_4q": -1.11,
            "eps_4q_growth_year": null,
            "roe": -5.55,
            "roe_4q": -11.91,
            "gross_profit": 11014,
            "gross_margin": 39.87,
            "gross_margin_4q_avg": 37.34,
            "net_income": -8414,
            "net_income_4q": null,
            "revenue": 27623,
            "revenue_4q": null,
            "common_shares": 173000,
            "book_valuer_per_share": 8.61,
            "book_valuer_per_share_4q_avg": 6.19,
            "equity": 149838,
            "current_ratio": 131.03,
            "debt_ratio": 57.36,
            "inventory_turnover_ratio": 0.14,
            "account_receivable_turnover_ratio": 1.2,
            "reinvestment_rate": null,
            "research_to_sale_ratio": null,
            "price_fair": 0,
            "eps_avg_yearly": 0,
            "eps_latest_yearly": 0,
            "eps_growth_yearly": 0
        },
        "20231": {
            "year_quarter": 20231,
            "year": 2023,
            "quarter": 1,
            "eps": -0.28,
            "eps_growth_year": null,
            "eps_4q": -1.28,
            "eps_4q_growth_year": null,
            "roe": -3.43,
            "roe_4q": -14.530000000000001,
            "gross_profit": 9822,
            "gross_margin": 36.55,
            "gross_margin_4q_avg": 37.3,
            "net_income": -5068,
            "net_income_4q": null,
            "revenue": 26870,
            "revenue_4q": null,
            "common_shares": 173000,
            "book_valuer_per_share": 8.39,
            "book_valuer_per_share_4q_avg": 6.85,
            "equity": 145710,
            "current_ratio": 129.6,
            "debt_ratio": 57.1,
            "inventory_turnover_ratio": 0.14,
            "account_receivable_turnover_ratio": 1.25,
            "reinvestment_rate": null,
            "research_to_sale_ratio": null,
            "price_fair": 0,
            "eps_avg_yearly": 0,
            "eps_latest_yearly": 0,
            "eps_growth_yearly": 0
        },
        "20232": {
            "year_quarter": 20232,
            "year": 2023,
            "quarter": 2,
            "eps": 0.35,
            "eps_growth_year": null,
            "eps_4q": -0.44,
            "eps_4q_growth_year": null,
            "roe": 3.85,
            "roe_4q": -6.64,
            "gross_profit": 13324,
            "gross_margin": 43.27,
            "gross_margin_4q_avg": 37.73,
            "net_income": 6356,
            "net_income_4q": null,
            "revenue": 30793,
            "revenue_4q": null,
            "common_shares": 207000,
            "book_valuer_per_share": 8.9,
            "book_valuer_per_share_4q_avg": 7.75,
            "equity": 184719,
            "current_ratio": 154.73,
            "debt_ratio": 50.08,
            "inventory_turnover_ratio": 0.15,
            "account_receivable_turnover_ratio": 1.37,
            "reinvestment_rate": null,
            "research_to_sale_ratio": null,
            "price_fair": 0,
            "eps_avg_yearly": 0,
            "eps_latest_yearly": 0,
            "eps_growth_yearly": 0
        },
        "20233": {
            "year_quarter": 20233,
            "year": 2023,
            "quarter": 3,
            "eps": -0.3,
            "eps_growth_year": null,
            "eps_4q": -0.63,
            "eps_4q_growth_year": null,
            "roe": -3.73,
            "roe_4q": -8.86,
            "gross_profit": 8451,
            "gross_margin": 38.79,
            "gross_margin_4q_avg": 39.62,
            "net_income": -6702,
            "net_income_4q": null,
            "revenue": 21787,
            "revenue_4q": null,
            "common_shares": 207000,
            "book_valuer_per_share": 8.43,
            "book_valuer_per_share_4q_avg": 8.58,
            "equity": 174709,
            "current_ratio": 155.59,
            "debt_ratio": 50.13,
            "inventory_turnover_ratio": 0.12,
            "account_receivable_turnover_ratio": 0.99,
            "reinvestment_rate": null,
            "research_to_sale_ratio": null,
            "price_fair": 0,
            "eps_avg_yearly": 0,
            "eps_latest_yearly": 0,
            "eps_growth_yearly": 0
        }
    },
    "months": {
        "2004-01": {
            "month": "2004-01",
            "price": "34.47",
            "revenue": 130293
        },
        "2004-04": {
            "month": "2004-04",
            "price": "28.13",
            "revenue": 132239
        },
        "2004-05": {
            "month": "2004-05",
            "price": "30.91",
            "revenue": 103851
        },
        "2004-06": {
            "month": "2004-06",
            "price": "30.13",
            "revenue": 113894
        },
        "2004-07": {
            "month": "2004-07",
            "price": "22.85",
            "revenue": 121647
        },
        "2004-08": {
            "month": "2004-08",
            "price": "20.98",
            "revenue": 100176
        },
        "2004-09": {
            "month": "2004-09",
            "price": "24.20",
            "revenue": 116042
        },
        "2004-10": {
            "month": "2004-10",
            "price": "19.96",
            "revenue": 138303
        },
        "2004-11": {
            "month": "2004-11",
            "price": "20.12",
            "revenue": 124866
        },
        "2004-12": {
            "month": "2004-12",
            "price": "20.75",
            "revenue": 142960
        },
        "2005-01": {
            "month": "2005-01",
            "price": "20.53",
            "revenue": 129158
        },
        "2005-02": {
            "month": "2005-02",
            "price": "17.95",
            "revenue": 115345
        },
        "2005-03": {
            "month": "2005-03",
            "price": "18.12",
            "revenue": 130867
        },
        "2005-04": {
            "month": "2005-04",
            "price": "17.80",
            "revenue": 92579
        },
        "2005-05": {
            "month": "2005-05",
            "price": "16.75",
            "revenue": 120964
        },
        "2005-06": {
            "month": "2005-06",
            "price": "15.27",
            "revenue": 111536
        },
        "2005-07": {
            "month": "2005-07",
            "price": "14.47",
            "revenue": 85805
        },
        "2005-08": {
            "month": "2005-08",
            "price": "13.58",
            "revenue": 106940
        },
        "2005-09": {
            "month": "2005-09",
            "price": "12.50",
            "revenue": 169784
        },
        "2005-10": {
            "month": "2005-10",
            "price": "11.83",
            "revenue": 95569
        },
        "2005-11": {
            "month": "2005-11",
            "price": "11.86",
            "revenue": 137935
        },
        "2005-12": {
            "month": "2005-12",
            "price": "10.76",
            "revenue": 141379
        },
        "2006-01": {
            "month": "2006-01",
            "price": "10.58",
            "revenue": 168696
        },
        "2006-02": {
            "month": "2006-02",
            "price": "10.00",
            "revenue": 117105
        },
        "2006-03": {
            "month": "2006-03",
            "price": "11.44",
            "revenue": 106505
        },
        "2006-04": {
            "month": "2006-04",
            "price": "11.35",
            "revenue": 100547
        },
        "2006-05": {
            "month": "2006-05",
            "price": "11.99",
            "revenue": 85466
        },
        "2006-06": {
            "month": "2006-06",
            "price": "12.22",
            "revenue": 107477
        },
        "2006-07": {
            "month": "2006-07",
            "price": "11.08",
            "revenue": 99047
        },
        "2006-08": {
            "month": "2006-08",
            "price": "9.59",
            "revenue": 110463
        },
        "2006-09": {
            "month": "2006-09",
            "price": "8.77",
            "revenue": 122193
        },
        "2006-10": {
            "month": "2006-10",
            "price": "8.59",
            "revenue": 126468
        },
        "2006-11": {
            "month": "2006-11",
            "price": "9.29",
            "revenue": 149385
        },
        "2006-12": {
            "month": "2006-12",
            "price": "13.30",
            "revenue": 135791
        },
        "2007-01": {
            "month": "2007-01",
            "price": "12.58",
            "revenue": 141065
        },
        "2007-02": {
            "month": "2007-02",
            "price": "11.71",
            "revenue": 126227
        },
        "2007-03": {
            "month": "2007-03",
            "price": "12.37",
            "revenue": 110000
        },
        "2007-04": {
            "month": "2007-04",
            "price": "14.11",
            "revenue": 138446
        },
        "2007-05": {
            "month": "2007-05",
            "price": "14.02",
            "revenue": 117031
        },
        "2007-06": {
            "month": "2007-06",
            "price": "28.71",
            "revenue": 114822
        },
        "2007-07": {
            "month": "2007-07",
            "price": "26.89",
            "revenue": 163976
        },
        "2007-08": {
            "month": "2007-08",
            "price": "20.19",
            "revenue": 181300
        },
        "2007-09": {
            "month": "2007-09",
            "price": "20.87",
            "revenue": 135023
        },
        "2007-10": {
            "month": "2007-10",
            "price": "18.48",
            "revenue": 149773
        },
        "2007-11": {
            "month": "2007-11",
            "price": "15.04",
            "revenue": 146111
        },
        "2007-12": {
            "month": "2007-12",
            "price": "12.88",
            "revenue": 136149
        },
        "2008-01": {
            "month": "2008-01",
            "price": "11.08",
            "revenue": 141276
        },
        "2008-02": {
            "month": "2008-02",
            "price": "10.80",
            "revenue": 113171
        },
        "2008-03": {
            "month": "2008-03",
            "price": "12.73",
            "revenue": 113025
        },
        "2008-04": {
            "month": "2008-04",
            "price": "13.68",
            "revenue": 138958
        },
        "2008-05": {
            "month": "2008-05",
            "price": "12.71",
            "revenue": 101987
        },
        "2008-06": {
            "month": "2008-06",
            "price": "10.89",
            "revenue": 102912
        },
        "2008-07": {
            "month": "2008-07",
            "price": "9.03",
            "revenue": 150506
        },
        "2008-08": {
            "month": "2008-08",
            "price": "8.33",
            "revenue": 112494
        },
        "2008-09": {
            "month": "2008-09",
            "price": "6.11",
            "revenue": 142064
        },
        "2008-10": {
            "month": "2008-10",
            "price": "5.82",
            "revenue": 169573
        },
        "2008-11": {
            "month": "2008-11",
            "price": "5.92",
            "revenue": 207291
        },
        "2008-12": {
            "month": "2008-12",
            "price": "6.60",
            "revenue": 180061
        },
        "2009-01": {
            "month": "2009-01",
            "price": "6.75",
            "revenue": 141401
        },
        "2009-02": {
            "month": "2009-02",
            "price": "6.56",
            "revenue": 130956
        },
        "2009-03": {
            "month": "2009-03",
            "price": "6.02",
            "revenue": 112716
        },
        "2009-04": {
            "month": "2009-04",
            "price": "7.25",
            "revenue": 150797
        },
        "2009-05": {
            "month": "2009-05",
            "price": "8.04",
            "revenue": 103257
        },
        "2009-06": {
            "month": "2009-06",
            "price": "8.37",
            "revenue": 101051
        },
        "2009-07": {
            "month": "2009-07",
            "price": "8.90",
            "revenue": 150161
        },
        "2009-08": {
            "month": "2009-08",
            "price": "9.12",
            "revenue": 132203
        },
        "2009-09": {
            "month": "2009-09",
            "price": "10.11",
            "revenue": 154724
        },
        "2009-10": {
            "month": "2009-10",
            "price": "11.96",
            "revenue": 134536
        },
        "2009-11": {
            "month": "2009-11",
            "price": "12.02",
            "revenue": 162940
        },
        "2009-12": {
            "month": "2009-12",
            "price": "12.04",
            "revenue": 138264
        },
        "2010-01": {
            "month": "2010-01",
            "price": "13.35",
            "revenue": 150214
        },
        "2010-02": {
            "month": "2010-02",
            "price": "12.14",
            "revenue": 124232
        },
        "2010-03": {
            "month": "2010-03",
            "price": "13.62",
            "revenue": 133471
        },
        "2010-04": {
            "month": "2010-04",
            "price": "14.35",
            "revenue": 154569
        },
        "2010-05": {
            "month": "2010-05",
            "price": "12.29",
            "revenue": 120321
        },
        "2010-06": {
            "month": "2010-06",
            "price": "13.00",
            "revenue": 139885
        },
        "2010-07": {
            "month": "2010-07",
            "price": "16.94",
            "revenue": 149224
        },
        "2010-08": {
            "month": "2010-08",
            "price": "14.25",
            "revenue": 142902
        },
        "2010-09": {
            "month": "2010-09",
            "price": "12.04",
            "revenue": 135638
        },
        "2010-10": {
            "month": "2010-10",
            "price": "10.84",
            "revenue": 98056
        },
        "2010-11": {
            "month": "2010-11",
            "price": "10.17",
            "revenue": 101148
        },
        "2010-12": {
            "month": "2010-12",
            "price": "11.19",
            "revenue": 70587
        },
        "2011-01": {
            "month": "2011-01",
            "price": "11.52",
            "revenue": 90657
        },
        "2011-02": {
            "month": "2011-02",
            "price": "10.94",
            "revenue": 68471
        },
        "2011-03": {
            "month": "2011-03",
            "price": "11.17",
            "revenue": 54086
        },
        "2011-04": {
            "month": "2011-04",
            "price": "11.15",
            "revenue": 79780
        },
        "2011-05": {
            "month": "2011-05",
            "price": "10.83",
            "revenue": 100065
        },
        "2011-06": {
            "month": "2011-06",
            "price": "10.61",
            "revenue": 68037
        },
        "2011-07": {
            "month": "2011-07",
            "price": "10.69",
            "revenue": 87821
        },
        "2011-08": {
            "month": "2011-08",
            "price": "9.22",
            "revenue": 85211
        },
        "2011-09": {
            "month": "2011-09",
            "price": "9.00",
            "revenue": 85394
        },
        "2011-10": {
            "month": "2011-10",
            "price": "8.54",
            "revenue": 70488
        },
        "2011-11": {
            "month": "2011-11",
            "price": "8.39",
            "revenue": 71551
        },
        "2011-12": {
            "month": "2011-12",
            "price": "7.61",
            "revenue": 90086
        },
        "2012-01": {
            "month": "2012-01",
            "price": "7.36",
            "revenue": 74595
        },
        "2012-02": {
            "month": "2012-02",
            "price": "8.17",
            "revenue": 61956
        },
        "2012-03": {
            "month": "2012-03",
            "price": "7.96",
            "revenue": 61088
        },
        "2012-04": {
            "month": "2012-04",
            "price": "7.32",
            "revenue": 66766
        },
        "2012-05": {
            "month": "2012-05",
            "price": "7.22",
            "revenue": 68514
        },
        "2012-06": {
            "month": "2012-06",
            "price": "6.94",
            "revenue": 71010
        },
        "2012-07": {
            "month": "2012-07",
            "price": "6.49",
            "revenue": 78383
        },
        "2012-08": {
            "month": "2012-08",
            "price": "6.11",
            "revenue": 63719
        },
        "2012-09": {
            "month": "2012-09",
            "price": "6.37",
            "revenue": 64514
        },
        "2012-10": {
            "month": "2012-10",
            "price": "5.65",
            "revenue": 55522
        },
        "2012-11": {
            "month": "2012-11",
            "price": "4.24",
            "revenue": 58002
        },
        "2012-12": {
            "month": "2012-12",
            "price": "4.38",
            "revenue": 60708
        },
        "2013-01": {
            "month": "2013-01",
            "price": "5.93",
            "revenue": 81950
        },
        "2013-02": {
            "month": "2013-02",
            "price": "6.10",
            "revenue": 51774
        },
        "2013-03": {
            "month": "2013-03",
            "price": "5.71",
            "revenue": 52597
        },
        "2013-04": {
            "month": "2013-04",
            "price": "5.91",
            "revenue": 52764
        },
        "2013-05": {
            "month": "2013-05",
            "price": "6.67",
            "revenue": 54016
        },
        "2013-06": {
            "month": "2013-06",
            "price": "7.34",
            "revenue": 42748
        },
        "2013-07": {
            "month": "2013-07",
            "price": "7.03",
            "revenue": 53901
        },
        "2013-08": {
            "month": "2013-08",
            "price": "7.05",
            "revenue": 53493
        },
        "2013-09": {
            "month": "2013-09",
            "price": "6.79",
            "revenue": 55772
        },
        "2013-10": {
            "month": "2013-10",
            "price": "6.63",
            "revenue": 52548
        },
        "2013-11": {
            "month": "2013-11",
            "price": "6.24",
            "revenue": 53165
        },
        "2013-12": {
            "month": "2013-12",
            "price": "6.23",
            "revenue": 82957
        },
        "2014-01": {
            "month": "2014-01",
            "price": "6.32",
            "revenue": 74399
        },
        "2014-02": {
            "month": "2014-02",
            "price": "6.92",
            "revenue": 49294
        },
        "2014-03": {
            "month": "2014-03",
            "price": "7.28",
            "revenue": 52796
        },
        "2014-04": {
            "month": "2014-04",
            "price": "7.06",
            "revenue": 61791
        },
        "2014-05": {
            "month": "2014-05",
            "price": "6.68",
            "revenue": 58587
        },
        "2014-06": {
            "month": "2014-06",
            "price": "6.85",
            "revenue": 53687
        },
        "2014-07": {
            "month": "2014-07",
            "price": "8.01",
            "revenue": 54118
        },
        "2014-08": {
            "month": "2014-08",
            "price": "7.71",
            "revenue": 74273
        },
        "2014-09": {
            "month": "2014-09",
            "price": "7.24",
            "revenue": 57248
        },
        "2014-10": {
            "month": "2014-10",
            "price": "6.89",
            "revenue": 52735
        },
        "2014-11": {
            "month": "2014-11",
            "price": "6.68",
            "revenue": 51186
        },
        "2014-12": {
            "month": "2014-12",
            "price": "6.76",
            "revenue": 62882
        },
        "2015-01": {
            "month": "2015-01",
            "price": "7.06",
            "revenue": 41396
        },
        "2015-02": {
            "month": "2015-02",
            "price": "7.14",
            "revenue": 37868
        },
        "2015-03": {
            "month": "2015-03",
            "price": "7.14",
            "revenue": 38474
        },
        "2015-04": {
            "month": "2015-04",
            "price": "6.93",
            "revenue": 42761
        },
        "2015-05": {
            "month": "2015-05",
            "price": "6.72",
            "revenue": 34484
        },
        "2015-06": {
            "month": "2015-06",
            "price": "6.71",
            "revenue": 42181
        },
        "2015-07": {
            "month": "2015-07",
            "price": "5.99",
            "revenue": 39455
        },
        "2015-08": {
            "month": "2015-08",
            "price": "5.82",
            "revenue": 46836
        },
        "2015-09": {
            "month": "2015-09",
            "price": "5.71",
            "revenue": 50679
        },
        "2015-10": {
            "month": "2015-10",
            "price": "5.71",
            "revenue": 43904
        },
        "2015-11": {
            "month": "2015-11",
            "price": "5.26",
            "revenue": 40198
        },
        "2015-12": {
            "month": "2015-12",
            "price": "4.82",
            "revenue": 38881
        },
        "2016-01": {
            "month": "2016-01",
            "price": "4.73",
            "revenue": 38737
        },
        "2016-02": {
            "month": "2016-02",
            "price": "4.58",
            "revenue": 35890
        },
        "2016-03": {
            "month": "2016-03",
            "price": "4.72",
            "revenue": 36586
        },
        "2016-04": {
            "month": "2016-04",
            "price": "4.70",
            "revenue": 37656
        },
        "2016-05": {
            "month": "2016-05",
            "price": "4.68",
            "revenue": 25915
        },
        "2016-06": {
            "month": "2016-06",
            "price": "4.62",
            "revenue": 29449
        },
        "2016-07": {
            "month": "2016-07",
            "price": "4.60",
            "revenue": 30442
        },
        "2016-08": {
            "month": "2016-08",
            "price": "4.54",
            "revenue": 32876
        },
        "2016-09": {
            "month": "2016-09",
            "price": "4.81",
            "revenue": 26737
        },
        "2016-10": {
            "month": "2016-10",
            "price": "4.70",
            "revenue": 25399
        },
        "2016-11": {
            "month": "2016-11",
            "price": "4.53",
            "revenue": 30192
        },
        "2016-12": {
            "month": "2016-12",
            "price": "4.52",
            "revenue": 31407
        },
        "2017-01": {
            "month": "2017-01",
            "price": "4.43",
            "revenue": 24182
        },
        "2017-02": {
            "month": "2017-02",
            "price": "4.66",
            "revenue": 18963
        },
        "2017-03": {
            "month": "2017-03",
            "price": "4.74",
            "revenue": 31269
        },
        "2017-04": {
            "month": "2017-04",
            "price": "4.60",
            "revenue": 21027
        },
        "2017-05": {
            "month": "2017-05",
            "price": "4.74",
            "revenue": 16200
        },
        "2017-06": {
            "month": "2017-06",
            "price": "4.74",
            "revenue": 14763
        },
        "2017-07": {
            "month": "2017-07",
            "price": "4.63",
            "revenue": 21636
        },
        "2017-08": {
            "month": "2017-08",
            "price": "5.23",
            "revenue": 29307
        },
        "2017-09": {
            "month": "2017-09",
            "price": "6.14",
            "revenue": 21891
        },
        "2017-10": {
            "month": "2017-10",
            "price": "5.90",
            "revenue": 17602
        },
        "2017-11": {
            "month": "2017-11",
            "price": "5.64",
            "revenue": 20524
        },
        "2017-12": {
            "month": "2017-12",
            "price": "9.46",
            "revenue": 16212
        },
        "2018-01": {
            "month": "2018-01",
            "price": "9.96",
            "revenue": 13282
        },
        "2018-02": {
            "month": "2018-02",
            "price": "8.66",
            "revenue": 17327
        },
        "2018-03": {
            "month": "2018-03",
            "price": "9.22",
            "revenue": 12181
        },
        "2018-04": {
            "month": "2018-04",
            "price": "9.31",
            "revenue": 11233
        },
        "2018-05": {
            "month": "2018-05",
            "price": "8.67",
            "revenue": 8512
        },
        "2018-06": {
            "month": "2018-06",
            "price": "8.67",
            "revenue": 7452
        },
        "2018-07": {
            "month": "2018-07",
            "price": "8.30",
            "revenue": 13558
        },
        "2018-08": {
            "month": "2018-08",
            "price": "7.88",
            "revenue": 14833
        },
        "2018-09": {
            "month": "2018-09",
            "price": "7.79",
            "revenue": 13457
        },
        "2018-10": {
            "month": "2018-10",
            "price": "7.57",
            "revenue": 14003
        },
        "2018-11": {
            "month": "2018-11",
            "price": "6.62",
            "revenue": 14224
        },
        "2018-12": {
            "month": "2018-12",
            "price": "6.58",
            "revenue": 25847
        },
        "2019-01": {
            "month": "2019-01",
            "price": "6.70",
            "revenue": 21605
        },
        "2019-02": {
            "month": "2019-02",
            "price": "6.70",
            "revenue": 15078
        },
        "2019-03": {
            "month": "2019-03",
            "price": "6.68",
            "revenue": 13728
        },
        "2019-04": {
            "month": "2019-04",
            "price": "6.80",
            "revenue": 12017
        },
        "2019-05": {
            "month": "2019-05",
            "price": "6.85",
            "revenue": 11524
        },
        "2019-06": {
            "month": "2019-06",
            "price": "6.67",
            "revenue": 14904
        },
        "2019-07": {
            "month": "2019-07",
            "price": "6.39",
            "revenue": 13711
        },
        "2019-08": {
            "month": "2019-08",
            "price": "6.54",
            "revenue": 23509
        },
        "2019-09": {
            "month": "2019-09",
            "price": "6.38",
            "revenue": 22963
        },
        "2019-10": {
            "month": "2019-10",
            "price": "6.41",
            "revenue": 29196
        },
        "2019-11": {
            "month": "2019-11",
            "price": "7.04",
            "revenue": 32337
        },
        "2019-12": {
            "month": "2019-12",
            "price": "9.86",
            "revenue": 30790
        },
        "2020-01": {
            "month": "2020-01",
            "price": "9.66",
            "revenue": 15593
        },
        "2020-02": {
            "month": "2020-02",
            "price": "9.50",
            "revenue": 16175
        },
        "2020-03": {
            "month": "2020-03",
            "price": "8.00",
            "revenue": 16609
        },
        "2020-04": {
            "month": "2020-04",
            "price": "7.13",
            "revenue": 17243
        },
        "2020-05": {
            "month": "2020-05",
            "price": "7.43",
            "revenue": 26295
        },
        "2020-06": {
            "month": "2020-06",
            "price": "9.09",
            "revenue": 20271
        },
        "2020-07": {
            "month": "2020-07",
            "price": "9.34",
            "revenue": 22674
        },
        "2020-08": {
            "month": "2020-08",
            "price": "9.09",
            "revenue": 18057
        },
        "2020-09": {
            "month": "2020-09",
            "price": "8.94",
            "revenue": 22075
        },
        "2020-10": {
            "month": "2020-10",
            "price": "9.24",
            "revenue": 25692
        },
        "2020-11": {
            "month": "2020-11",
            "price": "9.69",
            "revenue": 21373
        },
        "2020-12": {
            "month": "2020-12",
            "price": "9.39",
            "revenue": 33162
        },
        "2021-01": {
            "month": "2021-01",
            "price": "9.14",
            "revenue": 23042
        },
        "2021-02": {
            "month": "2021-02",
            "price": "8.98",
            "revenue": 20208
        },
        "2021-03": {
            "month": "2021-03",
            "price": "10.73",
            "revenue": 19476
        },
        "2021-04": {
            "month": "2021-04",
            "price": "11.17",
            "revenue": 16032
        },
        "2021-05": {
            "month": "2021-05",
            "price": "10.63",
            "revenue": 17468
        },
        "2021-06": {
            "month": "2021-06",
            "price": "10.64",
            "revenue": 10179
        },
        "2021-07": {
            "month": "2021-07",
            "price": "10.58",
            "revenue": 18459
        },
        "2021-08": {
            "month": "2021-08",
            "price": "9.85",
            "revenue": 14591
        },
        "2021-09": {
            "month": "2021-09",
            "price": "9.31",
            "revenue": 26474
        },
        "2021-10": {
            "month": "2021-10",
            "price": "9.16",
            "revenue": 21758
        },
        "2021-11": {
            "month": "2021-11",
            "price": "9.35",
            "revenue": 18167
        },
        "2021-12": {
            "month": "2021-12",
            "price": "9.71",
            "revenue": 17038
        },
        "2022-01": {
            "month": "2022-01",
            "price": "9.82",
            "revenue": 11747
        },
        "2022-02": {
            "month": "2022-02",
            "price": "9.80",
            "revenue": 13790
        },
        "2022-03": {
            "month": "2022-03",
            "price": "9.57",
            "revenue": 27080
        },
        "2022-04": {
            "month": "2022-04",
            "price": "9.30",
            "revenue": 10554
        },
        "2022-05": {
            "month": "2022-05",
            "price": "8.87",
            "revenue": 10246
        },
        "2022-06": {
            "month": "2022-06",
            "price": "8.56",
            "revenue": 9163
        },
        "2022-07": {
            "month": "2022-07",
            "price": "8.53",
            "revenue": 15333
        },
        "2022-08": {
            "month": "2022-08",
            "price": "8.85",
            "revenue": 10143
        },
        "2022-09": {
            "month": "2022-09",
            "price": "9.47",
            "revenue": 10145
        },
        "2022-10": {
            "month": "2022-10",
            "price": "8.70",
            "revenue": 9359
        },
        "2022-11": {
            "month": "2022-11",
            "price": "8.52",
            "revenue": 8171
        },
        "2022-12": {
            "month": "2022-12",
            "price": "8.97",
            "revenue": 9061
        },
        "2023-01": {
            "month": "2023-01",
            "price": "8.96",
            "revenue": 7562
        },
        "2023-02": {
            "month": "2023-02",
            "price": "8.79",
            "revenue": 7255
        },
        "2023-03": {
            "month": "2023-03",
            "price": "15.90",
            "revenue": 11882
        },
        "2023-04": {
            "month": "2023-04",
            "price": "15.90",
            "revenue": 10658
        },
        "2023-05": {
            "month": "2023-05",
            "price": "14.81",
            "revenue": 9069
        },
        "2023-06": {
            "month": "2023-06",
            "price": "14.74",
            "revenue": 10642
        },
        "2023-07": {
            "month": "2023-07",
            "price": "14.20",
            "revenue": 10718
        },
        "2023-08": {
            "month": "2023-08",
            "price": "13.80",
            "revenue": 7543
        },
        "2023-09": {
            "month": "2023-09",
            "price": "14.21",
            "revenue": 6290
        },
        "2023-10": {
            "month": "2023-10",
            "price": "13.25",
            "revenue": 6827
        },
        "2023-11": {
            "month": "2023-11",
            "price": "13.75",
            "revenue": 7621
        },
        "2023-12": {
            "month": "2023-12",
            "price": "13.69",
            "revenue": 10184
        }
    }
}
