{
    "summary": {
        "stock_name": "全達",
        "stock_id": "8068",
        "category": "電子通路",
        "main_business": "電子元件、組件、積體電路、設計及測試儀器之經銷代理及維護<br>電腦及其零配件之經銷代理、維護及進出口貿易業務<br>電腦整體系統及軟體系統之分析、規劃、設計研發、維護及經銷代理",
        "website_url": "http://www.chander.com.tw/",
        "ceo": "羅子亮",
        "pe_ratio": -82,
        "report_year_from": 2001,
        "report_year_to": 2023,
        "age": 23,
        "eps_negative_percentage": 59,
        "eps_growth_avg": {
            "last_all": -25.29,
            "last_2y": null,
            "last_4y": -100,
            "last_8y": -12.46,
            "last_12y": -12.46,
            "last_16y": -21.71,
            "last_20y": -25.29,
            "at_2006_last_3y": -37.82,
            "at_2007_last_3y": -44.85,
            "at_2008_last_3y": -44.85,
            "at_2009_last_3y": -44.85,
            "at_2010_last_3y": -44.85,
            "at_2011_last_3y": -100,
            "at_2012_last_3y": null,
            "at_2013_last_3y": null,
            "at_2014_last_3y": null,
            "at_2015_last_3y": -49.23,
            "at_2016_last_3y": 25.38,
            "at_2017_last_3y": -15.21,
            "at_2018_last_3y": 9.43,
            "at_2019_last_3y": -3.26,
            "at_2020_last_3y": -37.68,
            "at_2021_last_3y": -8.33,
            "at_2022_last_3y": -100,
            "at_2023_last_3y": null,
            "at_2024_last_3y": null,
            "at_2006_last_all": -37.82,
            "at_2007_last_all": -21.78,
            "at_2008_last_all": -41.33,
            "at_2009_last_all": -41.33,
            "at_2010_last_all": -41.33,
            "at_2011_last_all": -41.33,
            "at_2012_last_all": -41.33,
            "at_2013_last_all": -41.33,
            "at_2014_last_all": -41.33,
            "at_2015_last_all": -42.91,
            "at_2016_last_all": -19.09,
            "at_2017_last_all": -30.14,
            "at_2018_last_all": -15.95,
            "at_2019_last_all": -25.29,
            "at_2020_last_all": -25.29,
            "at_2021_last_all": -25.29,
            "at_2022_last_all": -25.29,
            "at_2023_last_all": -25.29,
            "at_2024_last_all": -25.29
        },
        "latest_eps": -0.47,
        "latest_price": 38.75,
        "latest_roe": -4.1,
        "latest_gross_margin": 9.4,
        "latest_equity": 907999,
        "latest_revenue": 227215,
        "latest_gross_profit": 21355,
        "latest_net_income": 1707,
        "latest_debt_ratio": 35,
        "latest_current_ratio": 144.12,
        "latest_account_receivable_turnover_ratio": 0.86,
        "latest_inventory_turnover_ratio": 1.92,
        "latest_reinvestment_rate": null,
        "latest_research_to_sale_ratio": 0.57
    },
    "eps_dividends": {
        "2001": {
            "cash": 0,
            "stock": 0,
            "eps": 0
        },
        "2002": {
            "cash": 0,
            "stock": 0,
            "eps": 1.19
        },
        "2003": {
            "cash": 0.7,
            "stock": 0.3,
            "eps": 1.48
        },
        "2004": {
            "cash": 0.61,
            "stock": 0.26,
            "eps": -4.53
        },
        "2005": {
            "cash": 0,
            "stock": 0,
            "eps": -2
        },
        "2006": {
            "cash": 0,
            "stock": 0,
            "eps": 2.72
        },
        "2007": {
            "cash": 0,
            "stock": 0,
            "eps": 3
        },
        "2008": {
            "cash": 0,
            "stock": 0,
            "eps": -2.11
        },
        "2009": {
            "cash": 0,
            "stock": 0,
            "eps": -1.61
        },
        "2010": {
            "cash": 0,
            "stock": 0,
            "eps": -0.26
        },
        "2011": {
            "cash": 0,
            "stock": 0,
            "eps": -1.8
        },
        "2012": {
            "cash": 0,
            "stock": 0,
            "eps": -1.64
        },
        "2013": {
            "cash": 0,
            "stock": 0,
            "eps": -0.93
        },
        "2014": {
            "cash": 0,
            "stock": 0,
            "eps": 0.65
        },
        "2015": {
            "cash": 0,
            "stock": 0,
            "eps": 0.33
        },
        "2016": {
            "cash": 0,
            "stock": 0,
            "eps": 1.66
        },
        "2017": {
            "cash": 0,
            "stock": 0,
            "eps": 0.06
        },
        "2018": {
            "cash": 0,
            "stock": 0,
            "eps": 0.11
        },
        "2019": {
            "cash": 0,
            "stock": 0,
            "eps": -0.08
        },
        "2020": {
            "cash": 0,
            "stock": 0,
            "eps": -0.36
        },
        "2021": {
            "cash": 0,
            "stock": 0,
            "eps": -0.52
        },
        "2022": {
            "cash": 0,
            "stock": 0,
            "eps": -0.25
        },
        "2023": {
            "cash": 0,
            "stock": 0,
            "eps": -0.13
        }
    },
    "dividends": {
        "2003-06-24": {
            "cash": 0.7,
            "stock": 0.3
        },
        "2004-04-27": {
            "cash": 0.61,
            "stock": 0.26
        }
    },
    "prices": {
        "200101": "無",
        "200102": "無",
        "200103": "無",
        "200104": "無",
        "200105": "無",
        "200106": "無",
        "200107": "無",
        "200108": "無",
        "200109": "無",
        "200110": "無",
        "200111": "無",
        "200112": "無",
        "200201": "無",
        "200202": "無",
        "200203": "無",
        "200204": "無",
        "200205": "無",
        "200206": "無",
        "200207": "無",
        "200208": "無",
        "200209": "無",
        "200210": "無",
        "200211": "無",
        "200212": "無",
        "200301": "無",
        "200302": "無",
        "200303": "無",
        "200304": "無",
        "200305": "無",
        "200306": "無",
        "200307": "無",
        "200308": "無",
        "200309": "無",
        "200310": "17.25",
        "200311": "無",
        "200312": "無",
        "200401": "20.05",
        "200402": "21.98",
        "200403": "24.20",
        "200404": "24.92",
        "200405": "21.94",
        "200406": "20.06",
        "200407": "20.33",
        "200408": "18.62",
        "200409": "15.64",
        "200410": "11.82",
        "200411": "10.02",
        "200412": "7.65",
        "200501": "6.93",
        "200502": "7.82",
        "200503": "9.81",
        "200504": "8.04",
        "200505": "6.28",
        "200506": "6.76",
        "200507": "7.69",
        "200508": "7.49",
        "200509": "6.20",
        "200510": "5.03",
        "200511": "4.32",
        "200512": "4.84",
        "200601": "6.66",
        "200602": "6.96",
        "200603": "6.26",
        "200604": "11.35",
        "200605": "22.46",
        "200606": "21.00",
        "200607": "24.40",
        "200608": "23.50",
        "200609": "28.25",
        "200610": "30.21",
        "200611": "61.57",
        "200612": "134.98",
        "200701": "139.36",
        "200702": "107.12",
        "200703": "84.66",
        "200704": "79.48",
        "200705": "70.34",
        "200706": "105.88",
        "200707": "133.27",
        "200708": "94.49",
        "200709": "86.18",
        "200710": "87.80",
        "200711": "76.98",
        "200712": "71.84",
        "200801": "55.31",
        "200802": "49.88",
        "200803": "69.48",
        "200804": "74.14",
        "200805": "68.62",
        "200806": "59.47",
        "200807": "47.08",
        "200808": "45.18",
        "200809": "34.47",
        "200810": "30.36",
        "200811": "23.00",
        "200812": "22.86",
        "200901": "25.59",
        "200902": "26.31",
        "200903": "31.01",
        "200904": "51.67",
        "200905": "64.70",
        "200906": "50.47",
        "200907": "56.26",
        "200908": "56.76",
        "200909": "55.88",
        "200910": "58.65",
        "200911": "56.75",
        "200912": "58.93",
        "201001": "58.89",
        "201002": "49.18",
        "201003": "51.98",
        "201004": "58.79",
        "201005": "54.00",
        "201006": "52.58",
        "201007": "52.76",
        "201008": "60.60",
        "201009": "55.54",
        "201010": "55.44",
        "201011": "53.60",
        "201012": "56.81",
        "201101": "54.28",
        "201102": "54.54",
        "201103": "55.92",
        "201104": "55.12",
        "201105": "54.74",
        "201106": "50.75",
        "201107": "43.67",
        "201108": "35.26",
        "201109": "31.76",
        "201110": "29.94",
        "201111": "25.14",
        "201112": "19.27",
        "201201": "19.40",
        "201202": "30.18",
        "201203": "41.12",
        "201204": "18.04",
        "201205": "10.28",
        "201206": "11.28",
        "201207": "13.88",
        "201208": "13.74",
        "201209": "11.19",
        "201210": "8.94",
        "201211": "7.83",
        "201212": "8.29",
        "201301": "7.88",
        "201302": "8.11",
        "201303": "7.29",
        "201304": "6.81",
        "201305": "7.42",
        "201306": "7.89",
        "201307": "7.05",
        "201308": "6.26",
        "201309": "5.88",
        "201310": "6.20",
        "201311": "6.01",
        "201312": "5.59",
        "201401": "6.44",
        "201402": "7.12",
        "201403": "7.42",
        "201404": "7.98",
        "201405": "9.30",
        "201406": "9.25",
        "201407": "10.33",
        "201408": "8.72",
        "201409": "8.33",
        "201410": "7.34",
        "201411": "7.11",
        "201412": "6.53",
        "201501": "7.38",
        "201502": "10.63",
        "201503": "14.72",
        "201504": "12.71",
        "201505": "9.64",
        "201506": "13.12",
        "201507": "15.99",
        "201508": "13.89",
        "201509": "14.24",
        "201510": "15.58",
        "201511": "15.54",
        "201512": "14.07",
        "201601": "13.75",
        "201602": "12.88",
        "201603": "12.60",
        "201604": "11.77",
        "201605": "10.97",
        "201606": "12.54",
        "201607": "14.70",
        "201608": "18.26",
        "201609": "20.19",
        "201610": "24.28",
        "201611": "33.12",
        "201612": "36.54",
        "201701": "36.29",
        "201702": "39.34",
        "201703": "35.16",
        "201704": "33.49",
        "201705": "32.23",
        "201706": "32.72",
        "201707": "35.81",
        "201708": "32.98",
        "201709": "31.36",
        "201710": "31.01",
        "201711": "30.11",
        "201712": "24.24",
        "201801": "23.28",
        "201802": "25.47",
        "201803": "27.30",
        "201804": "25.50",
        "201805": "23.25",
        "201806": "22.87",
        "201807": "22.25",
        "201808": "20.13",
        "201809": "19.11",
        "201810": "18.75",
        "201811": "16.79",
        "201812": "16.61",
        "201901": "15.66",
        "201902": "15.43",
        "201903": "17.10",
        "201904": "19.66",
        "201905": "16.66",
        "201906": "16.18",
        "201907": "16.12",
        "201908": "18.34",
        "201909": "26.06",
        "201910": "32.79",
        "201911": "33.66",
        "201912": "34.20",
        "202001": "32.61",
        "202002": "38.22",
        "202003": "34.61",
        "202004": "25.77",
        "202005": "24.69",
        "202006": "25.85",
        "202007": "26.02",
        "202008": "27.89",
        "202009": "29.64",
        "202010": "29.17",
        "202011": "29.24",
        "202012": "29.23",
        "202101": "25.44",
        "202102": "23.86",
        "202103": "24.70",
        "202104": "23.30",
        "202105": "21.18",
        "202106": "21.09",
        "202107": "20.85",
        "202108": "19.92",
        "202109": "19.37",
        "202110": "24.14",
        "202111": "27.00",
        "202112": "37.65",
        "202201": "33.00",
        "202202": "34.29",
        "202203": "32.46",
        "202204": "30.11",
        "202205": "29.22",
        "202206": "35.12",
        "202207": "28.85",
        "202208": "29.38",
        "202209": "26.81",
        "202210": "23.38",
        "202211": "24.66",
        "202212": "25.13",
        "202301": "24.99",
        "202302": "24.84",
        "202303": "24.57",
        "202304": "28.39",
        "202305": "29.59",
        "202306": "29.27",
        "202307": "28.37",
        "202308": "28.25",
        "202309": "39.94",
        "202310": "35.06",
        "202311": "35.29",
        "202312": "41.07"
    },
    "quarters": {
        "20011": {
            "year_quarter": 20011,
            "year": 2001,
            "quarter": 1,
            "eps": null,
            "eps_growth_year": null,
            "eps_4q": null,
            "eps_4q_growth_year": null,
            "roe": null,
            "roe_4q": 0,
            "gross_profit": null,
            "gross_margin": null,
            "gross_margin_4q_avg": 0,
            "net_income": null,
            "net_income_4q": null,
            "revenue": null,
            "revenue_4q": null,
            "common_shares": null,
            "book_valuer_per_share": null,
            "book_valuer_per_share_4q_avg": 0,
            "equity": null,
            "current_ratio": null,
            "debt_ratio": null,
            "inventory_turnover_ratio": null,
            "account_receivable_turnover_ratio": null,
            "reinvestment_rate": null,
            "research_to_sale_ratio": null,
            "price_fair": 0,
            "eps_avg_yearly": 0,
            "eps_latest_yearly": 0,
            "eps_growth_yearly": 0
        },
        "20012": {
            "year_quarter": 20012,
            "year": 2001,
            "quarter": 2,
            "eps": null,
            "eps_growth_year": null,
            "eps_4q": null,
            "eps_4q_growth_year": null,
            "roe": null,
            "roe_4q": 0,
            "gross_profit": null,
            "gross_margin": null,
            "gross_margin_4q_avg": 0,
            "net_income": null,
            "net_income_4q": null,
            "revenue": null,
            "revenue_4q": null,
            "common_shares": null,
            "book_valuer_per_share": null,
            "book_valuer_per_share_4q_avg": 0,
            "equity": null,
            "current_ratio": null,
            "debt_ratio": null,
            "inventory_turnover_ratio": null,
            "account_receivable_turnover_ratio": null,
            "reinvestment_rate": null,
            "research_to_sale_ratio": null,
            "price_fair": 0,
            "eps_avg_yearly": 0,
            "eps_latest_yearly": 0,
            "eps_growth_yearly": 0
        },
        "20013": {
            "year_quarter": 20013,
            "year": 2001,
            "quarter": 3,
            "eps": null,
            "eps_growth_year": null,
            "eps_4q": null,
            "eps_4q_growth_year": null,
            "roe": null,
            "roe_4q": 0,
            "gross_profit": null,
            "gross_margin": null,
            "gross_margin_4q_avg": 0,
            "net_income": null,
            "net_income_4q": null,
            "revenue": null,
            "revenue_4q": null,
            "common_shares": null,
            "book_valuer_per_share": null,
            "book_valuer_per_share_4q_avg": 0,
            "equity": null,
            "current_ratio": null,
            "debt_ratio": null,
            "inventory_turnover_ratio": null,
            "account_receivable_turnover_ratio": null,
            "reinvestment_rate": null,
            "research_to_sale_ratio": null,
            "price_fair": 0,
            "eps_avg_yearly": 0,
            "eps_latest_yearly": 0,
            "eps_growth_yearly": 0
        },
        "20014": {
            "year_quarter": 20014,
            "year": 2001,
            "quarter": 4,
            "eps": null,
            "eps_growth_year": null,
            "eps_4q": null,
            "eps_4q_growth_year": null,
            "roe": null,
            "roe_4q": 0,
            "gross_profit": null,
            "gross_margin": null,
            "gross_margin_4q_avg": 0,
            "net_income": null,
            "net_income_4q": null,
            "revenue": null,
            "revenue_4q": null,
            "common_shares": 199000,
            "book_valuer_per_share": 5.37,
            "book_valuer_per_share_4q_avg": 1.34,
            "equity": 106878,
            "current_ratio": 94.32,
            "debt_ratio": 83.53,
            "inventory_turnover_ratio": null,
            "account_receivable_turnover_ratio": null,
            "reinvestment_rate": null,
            "research_to_sale_ratio": null,
            "price_fair": 0,
            "eps_avg_yearly": 0,
            "eps_latest_yearly": 0,
            "eps_growth_yearly": 0
        },
        "20021": {
            "year_quarter": 20021,
            "year": 2002,
            "quarter": 1,
            "eps": null,
            "eps_growth_year": null,
            "eps_4q": null,
            "eps_4q_growth_year": null,
            "roe": null,
            "roe_4q": 0,
            "gross_profit": null,
            "gross_margin": null,
            "gross_margin_4q_avg": 0,
            "net_income": null,
            "net_income_4q": null,
            "revenue": null,
            "revenue_4q": null,
            "common_shares": null,
            "book_valuer_per_share": null,
            "book_valuer_per_share_4q_avg": 1.34,
            "equity": null,
            "current_ratio": null,
            "debt_ratio": null,
            "inventory_turnover_ratio": null,
            "account_receivable_turnover_ratio": null,
            "reinvestment_rate": null,
            "research_to_sale_ratio": null,
            "price_fair": 0,
            "eps_avg_yearly": 0,
            "eps_latest_yearly": 0,
            "eps_growth_yearly": 0
        },
        "20022": {
            "year_quarter": 20022,
            "year": 2002,
            "quarter": 2,
            "eps": null,
            "eps_growth_year": null,
            "eps_4q": null,
            "eps_4q_growth_year": null,
            "roe": null,
            "roe_4q": 0,
            "gross_profit": null,
            "gross_margin": null,
            "gross_margin_4q_avg": 0,
            "net_income": null,
            "net_income_4q": null,
            "revenue": null,
            "revenue_4q": null,
            "common_shares": null,
            "book_valuer_per_share": null,
            "book_valuer_per_share_4q_avg": 1.34,
            "equity": null,
            "current_ratio": null,
            "debt_ratio": null,
            "inventory_turnover_ratio": null,
            "account_receivable_turnover_ratio": null,
            "reinvestment_rate": null,
            "research_to_sale_ratio": null,
            "price_fair": 0,
            "eps_avg_yearly": 0,
            "eps_latest_yearly": 0,
            "eps_growth_yearly": 0
        },
        "20023": {
            "year_quarter": 20023,
            "year": 2002,
            "quarter": 3,
            "eps": 0.87,
            "eps_growth_year": null,
            "eps_4q": null,
            "eps_4q_growth_year": null,
            "roe": 13.19,
            "roe_4q": 13.19,
            "gross_profit": 33537,
            "gross_margin": 10.08,
            "gross_margin_4q_avg": 2.52,
            "net_income": 17292,
            "net_income_4q": null,
            "revenue": 332707,
            "revenue_4q": null,
            "common_shares": 199000,
            "book_valuer_per_share": 6.59,
            "book_valuer_per_share_4q_avg": 2.99,
            "equity": 131051,
            "current_ratio": 138.77,
            "debt_ratio": 68.95,
            "inventory_turnover_ratio": 3.59,
            "account_receivable_turnover_ratio": null,
            "reinvestment_rate": null,
            "research_to_sale_ratio": null,
            "price_fair": 0,
            "eps_avg_yearly": 0,
            "eps_latest_yearly": 0,
            "eps_growth_yearly": 0
        },
        "20024": {
            "year_quarter": 20024,
            "year": 2002,
            "quarter": 4,
            "eps": 0.32,
            "eps_growth_year": null,
            "eps_4q": null,
            "eps_4q_growth_year": null,
            "roe": 2.23,
            "roe_4q": 15.42,
            "gross_profit": 29254,
            "gross_margin": 7.01,
            "gross_margin_4q_avg": 4.27,
            "net_income": 4030,
            "net_income_4q": null,
            "revenue": 417553,
            "revenue_4q": null,
            "common_shares": 200000,
            "book_valuer_per_share": 11.55,
            "book_valuer_per_share_4q_avg": 4.54,
            "equity": 231059,
            "current_ratio": 191.69,
            "debt_ratio": 50.57,
            "inventory_turnover_ratio": 4.34,
            "account_receivable_turnover_ratio": null,
            "reinvestment_rate": null,
            "research_to_sale_ratio": null,
            "price_fair": 3.84,
            "eps_avg_yearly": 1.28,
            "eps_latest_yearly": 1.28,
            "eps_growth_yearly": -252.87
        },
        "20031": {
            "year_quarter": 20031,
            "year": 2003,
            "quarter": 1,
            "eps": 0.62,
            "eps_growth_year": null,
            "eps_4q": null,
            "eps_4q_growth_year": null,
            "roe": 5.24,
            "roe_4q": 20.66,
            "gross_profit": 38800,
            "gross_margin": 7.62,
            "gross_margin_4q_avg": 6.18,
            "net_income": 12441,
            "net_income_4q": null,
            "revenue": 509180,
            "revenue_4q": null,
            "common_shares": 200000,
            "book_valuer_per_share": 12.18,
            "book_valuer_per_share_4q_avg": 7.58,
            "equity": 243500,
            "current_ratio": 162.96,
            "debt_ratio": 59.72,
            "inventory_turnover_ratio": 4.37,
            "account_receivable_turnover_ratio": null,
            "reinvestment_rate": null,
            "research_to_sale_ratio": null,
            "price_fair": 65.8,
            "eps_avg_yearly": 1.88,
            "eps_latest_yearly": 2.48,
            "eps_growth_yearly": 61.06
        },
        "20032": {
            "year_quarter": 20032,
            "year": 2003,
            "quarter": 2,
            "eps": 0.11,
            "eps_growth_year": null,
            "eps_4q": 1.74,
            "eps_4q_growth_year": null,
            "roe": 0.96,
            "roe_4q": 21.619999999999997,
            "gross_profit": 38562,
            "gross_margin": 6.3,
            "gross_margin_4q_avg": 7.75,
            "net_income": 2279,
            "net_income_4q": null,
            "revenue": 612469,
            "revenue_4q": null,
            "common_shares": 200000,
            "book_valuer_per_share": 11.59,
            "book_valuer_per_share_4q_avg": 10.48,
            "equity": 231747,
            "current_ratio": 145.53,
            "debt_ratio": 67.39,
            "inventory_turnover_ratio": 4,
            "account_receivable_turnover_ratio": null,
            "reinvestment_rate": null,
            "research_to_sale_ratio": null,
            "price_fair": 4.2,
            "eps_avg_yearly": 1.4,
            "eps_latest_yearly": 0.44,
            "eps_growth_yearly": -68.97
        },
        "20033": {
            "year_quarter": 20033,
            "year": 2003,
            "quarter": 3,
            "eps": 0.3,
            "eps_growth_year": -65.52,
            "eps_4q": 1.24,
            "eps_4q_growth_year": null,
            "roe": 2.55,
            "roe_4q": 10.98,
            "gross_profit": 42633,
            "gross_margin": 5.97,
            "gross_margin_4q_avg": 6.73,
            "net_income": 5978,
            "net_income_4q": null,
            "revenue": 714435,
            "revenue_4q": null,
            "common_shares": 200000,
            "book_valuer_per_share": 11.88,
            "book_valuer_per_share_4q_avg": 11.8,
            "equity": 237630,
            "current_ratio": 139.24,
            "debt_ratio": 70.77,
            "inventory_turnover_ratio": 4.43,
            "account_receivable_turnover_ratio": null,
            "reinvestment_rate": null,
            "research_to_sale_ratio": null,
            "price_fair": 47.25,
            "eps_avg_yearly": 1.35,
            "eps_latest_yearly": 1.2,
            "eps_growth_yearly": 121
        },
        "20034": {
            "year_quarter": 20034,
            "year": 2003,
            "quarter": 4,
            "eps": 0.45,
            "eps_growth_year": 40.62,
            "eps_4q": 1.43,
            "eps_4q_growth_year": null,
            "roe": 3.92,
            "roe_4q": 12.67,
            "gross_profit": 45618,
            "gross_margin": 7.64,
            "gross_margin_4q_avg": 6.88,
            "net_income": 9504,
            "net_income_4q": null,
            "revenue": 596786,
            "revenue_4q": null,
            "common_shares": 210000,
            "book_valuer_per_share": 11.77,
            "book_valuer_per_share_4q_avg": 11.86,
            "equity": 247167,
            "current_ratio": 147.2,
            "debt_ratio": 67.29,
            "inventory_turnover_ratio": 3.58,
            "account_receivable_turnover_ratio": null,
            "reinvestment_rate": null,
            "research_to_sale_ratio": null,
            "price_fair": 50.4,
            "eps_avg_yearly": 1.44,
            "eps_latest_yearly": 1.8,
            "eps_growth_yearly": 136.8
        },
        "20041": {
            "year_quarter": 20041,
            "year": 2004,
            "quarter": 1,
            "eps": 0.62,
            "eps_growth_year": 0,
            "eps_4q": 1.46,
            "eps_4q_growth_year": null,
            "roe": 5.16,
            "roe_4q": 12.59,
            "gross_profit": 31368,
            "gross_margin": 5.17,
            "gross_margin_4q_avg": 6.27,
            "net_income": 13097,
            "net_income_4q": null,
            "revenue": 606883,
            "revenue_4q": null,
            "common_shares": 210000,
            "book_valuer_per_share": 12.39,
            "book_valuer_per_share_4q_avg": 11.91,
            "equity": 260152,
            "current_ratio": 148.71,
            "debt_ratio": 66.38,
            "inventory_turnover_ratio": 3.15,
            "account_receivable_turnover_ratio": null,
            "reinvestment_rate": null,
            "research_to_sale_ratio": null,
            "price_fair": 56.47,
            "eps_avg_yearly": 1.61,
            "eps_latest_yearly": 2.48,
            "eps_growth_yearly": 139.19
        },
        "20042": {
            "year_quarter": 20042,
            "year": 2004,
            "quarter": 2,
            "eps": 0.32,
            "eps_growth_year": 190.91,
            "eps_4q": 1.6,
            "eps_4q_growth_year": -8.31,
            "roe": 2.8,
            "roe_4q": 14.43,
            "gross_profit": 35757,
            "gross_margin": 5.58,
            "gross_margin_4q_avg": 6.09,
            "net_income": 7172,
            "net_income_4q": null,
            "revenue": 641141,
            "revenue_4q": null,
            "common_shares": 210000,
            "book_valuer_per_share": 11.97,
            "book_valuer_per_share_4q_avg": 12,
            "equity": 251442,
            "current_ratio": 119.07,
            "debt_ratio": 73.64,
            "inventory_turnover_ratio": 2.8,
            "account_receivable_turnover_ratio": null,
            "reinvestment_rate": null,
            "research_to_sale_ratio": null,
            "price_fair": 54.8,
            "eps_avg_yearly": 1.57,
            "eps_latest_yearly": 1.28,
            "eps_growth_yearly": 91.65
        },
        "20043": {
            "year_quarter": 20043,
            "year": 2004,
            "quarter": 3,
            "eps": -0.13,
            "eps_growth_year": -143.33,
            "eps_4q": 1.11,
            "eps_4q_growth_year": -10.47,
            "roe": -1.09,
            "roe_4q": 10.79,
            "gross_profit": 32530,
            "gross_margin": 5.17,
            "gross_margin_4q_avg": 5.89,
            "net_income": -2932,
            "net_income_4q": null,
            "revenue": 628807,
            "revenue_4q": null,
            "common_shares": 241600,
            "book_valuer_per_share": 11.81,
            "book_valuer_per_share_4q_avg": 11.99,
            "equity": 285331,
            "current_ratio": 117.69,
            "debt_ratio": 75.16,
            "inventory_turnover_ratio": 2.1,
            "account_receivable_turnover_ratio": null,
            "reinvestment_rate": null,
            "research_to_sale_ratio": null,
            "price_fair": 54.8,
            "eps_avg_yearly": 1.57,
            "eps_latest_yearly": 1.28,
            "eps_growth_yearly": 91.65
        },
        "20044": {
            "year_quarter": 20044,
            "year": 2004,
            "quarter": 4,
            "eps": -5.34,
            "eps_growth_year": -1286.67,
            "eps_4q": -6.24,
            "eps_4q_growth_year": -536.57,
            "roe": -50.31,
            "roe_4q": -43.44000000000001,
            "gross_profit": 32330,
            "gross_margin": 4.84,
            "gross_margin_4q_avg": 5.19,
            "net_income": -123505,
            "net_income_4q": null,
            "revenue": 667974,
            "revenue_4q": null,
            "common_shares": 253600,
            "book_valuer_per_share": 5.8,
            "book_valuer_per_share_4q_avg": 10.49,
            "equity": 205598,
            "current_ratio": 99.2,
            "debt_ratio": 90.99,
            "inventory_turnover_ratio": 1.04,
            "account_receivable_turnover_ratio": null,
            "reinvestment_rate": null,
            "research_to_sale_ratio": null,
            "price_fair": 54.8,
            "eps_avg_yearly": 1.57,
            "eps_latest_yearly": 1.28,
            "eps_growth_yearly": 91.65
        },
        "20051": {
            "year_quarter": 20051,
            "year": 2005,
            "quarter": 1,
            "eps": -0.42,
            "eps_growth_year": -167.74,
            "eps_4q": -5.18,
            "eps_4q_growth_year": -454.49,
            "roe": -6.25,
            "roe_4q": -54.85000000000001,
            "gross_profit": 58948,
            "gross_margin": 8.5,
            "gross_margin_4q_avg": 6.02,
            "net_income": -10527,
            "net_income_4q": null,
            "revenue": 693550,
            "revenue_4q": null,
            "common_shares": 253600,
            "book_valuer_per_share": 5.17,
            "book_valuer_per_share_4q_avg": 8.69,
            "equity": 131036,
            "current_ratio": 79.18,
            "debt_ratio": 91.04,
            "inventory_turnover_ratio": 1.03,
            "account_receivable_turnover_ratio": null,
            "reinvestment_rate": null,
            "research_to_sale_ratio": null,
            "price_fair": 54.8,
            "eps_avg_yearly": 1.57,
            "eps_latest_yearly": 1.28,
            "eps_growth_yearly": 91.65
        },
        "20052": {
            "year_quarter": 20052,
            "year": 2005,
            "quarter": 2,
            "eps": -0.94,
            "eps_growth_year": -393.75,
            "eps_4q": -5.3,
            "eps_4q_growth_year": -432.29,
            "roe": -16.42,
            "roe_4q": -74.07000000000001,
            "gross_profit": 76106,
            "gross_margin": 10.26,
            "gross_margin_4q_avg": 7.19,
            "net_income": -23960,
            "net_income_4q": null,
            "revenue": 741629,
            "revenue_4q": null,
            "common_shares": 303600,
            "book_valuer_per_share": 5.3,
            "book_valuer_per_share_4q_avg": 7.02,
            "equity": 160790,
            "current_ratio": 82.68,
            "debt_ratio": 89.39,
            "inventory_turnover_ratio": 1.85,
            "account_receivable_turnover_ratio": null,
            "reinvestment_rate": null,
            "research_to_sale_ratio": null,
            "price_fair": 54.8,
            "eps_avg_yearly": 1.57,
            "eps_latest_yearly": 1.28,
            "eps_growth_yearly": 91.65
        },
        "20053": {
            "year_quarter": 20053,
            "year": 2005,
            "quarter": 3,
            "eps": 0.03,
            "eps_growth_year": null,
            "eps_4q": -6.09,
            "eps_4q_growth_year": -647.79,
            "roe": 0.46,
            "roe_4q": -72.52000000000001,
            "gross_profit": 16131,
            "gross_margin": 2.37,
            "gross_margin_4q_avg": 6.49,
            "net_income": 775,
            "net_income_4q": null,
            "revenue": 680661,
            "revenue_4q": null,
            "common_shares": 303600,
            "book_valuer_per_share": 5.86,
            "book_valuer_per_share_4q_avg": 5.53,
            "equity": 177941,
            "current_ratio": 77.09,
            "debt_ratio": 88,
            "inventory_turnover_ratio": 1.66,
            "account_receivable_turnover_ratio": null,
            "reinvestment_rate": null,
            "research_to_sale_ratio": null,
            "price_fair": 54.8,
            "eps_avg_yearly": 1.57,
            "eps_latest_yearly": 1.28,
            "eps_growth_yearly": 91.65
        },
        "20054": {
            "year_quarter": 20054,
            "year": 2005,
            "quarter": 4,
            "eps": -0.67,
            "eps_growth_year": null,
            "eps_4q": -2.71,
            "eps_4q_growth_year": null,
            "roe": -11.17,
            "roe_4q": -33.38,
            "gross_profit": 55108,
            "gross_margin": 7.59,
            "gross_margin_4q_avg": 7.18,
            "net_income": -18831,
            "net_income_4q": null,
            "revenue": 726075,
            "revenue_4q": null,
            "common_shares": 303600,
            "book_valuer_per_share": 5.24,
            "book_valuer_per_share_4q_avg": 5.39,
            "equity": 159219,
            "current_ratio": 108.68,
            "debt_ratio": 84.36,
            "inventory_turnover_ratio": 1.86,
            "account_receivable_turnover_ratio": null,
            "reinvestment_rate": null,
            "research_to_sale_ratio": null,
            "price_fair": 54.8,
            "eps_avg_yearly": 1.57,
            "eps_latest_yearly": 1.28,
            "eps_growth_yearly": 91.65
        },
        "20061": {
            "year_quarter": 20061,
            "year": 2006,
            "quarter": 1,
            "eps": 0.43,
            "eps_growth_year": null,
            "eps_4q": -0.96,
            "eps_4q_growth_year": null,
            "roe": 7.83,
            "roe_4q": -19.3,
            "gross_profit": 34598,
            "gross_margin": 4.49,
            "gross_margin_4q_avg": 6.18,
            "net_income": 12986,
            "net_income_4q": null,
            "revenue": 770891,
            "revenue_4q": null,
            "common_shares": 303600,
            "book_valuer_per_share": 5.68,
            "book_valuer_per_share_4q_avg": 5.52,
            "equity": 172348,
            "current_ratio": 108.48,
            "debt_ratio": 85.03,
            "inventory_turnover_ratio": 2.07,
            "account_receivable_turnover_ratio": null,
            "reinvestment_rate": null,
            "research_to_sale_ratio": null,
            "price_fair": 54.8,
            "eps_avg_yearly": 1.57,
            "eps_latest_yearly": 1.28,
            "eps_growth_yearly": 91.65
        },
        "20062": {
            "year_quarter": 20062,
            "year": 2006,
            "quarter": 2,
            "eps": 1.43,
            "eps_growth_year": null,
            "eps_4q": 1.26,
            "eps_4q_growth_year": null,
            "roe": 22.34,
            "roe_4q": 19.46,
            "gross_profit": 95313,
            "gross_margin": 9.5,
            "gross_margin_4q_avg": 5.99,
            "net_income": 43304,
            "net_income_4q": null,
            "revenue": 1003525,
            "revenue_4q": null,
            "common_shares": 303600,
            "book_valuer_per_share": 7.09,
            "book_valuer_per_share_4q_avg": 5.97,
            "equity": 215381,
            "current_ratio": 107.35,
            "debt_ratio": 89.2,
            "inventory_turnover_ratio": 1.63,
            "account_receivable_turnover_ratio": null,
            "reinvestment_rate": null,
            "research_to_sale_ratio": null,
            "price_fair": 72.98,
            "eps_avg_yearly": 2.09,
            "eps_latest_yearly": 5.72,
            "eps_growth_yearly": 196.47
        },
        "20063": {
            "year_quarter": 20063,
            "year": 2006,
            "quarter": 3,
            "eps": 0.93,
            "eps_growth_year": 3000,
            "eps_4q": 2.17,
            "eps_4q_growth_year": null,
            "roe": 12.26,
            "roe_4q": 31.259999999999998,
            "gross_profit": 100613,
            "gross_margin": 12.2,
            "gross_margin_4q_avg": 8.45,
            "net_income": 28140,
            "net_income_4q": null,
            "revenue": 824570,
            "revenue_4q": null,
            "common_shares": 303600,
            "book_valuer_per_share": 8.03,
            "book_valuer_per_share_4q_avg": 6.51,
            "equity": 243660,
            "current_ratio": 108.51,
            "debt_ratio": 88.66,
            "inventory_turnover_ratio": 0.73,
            "account_receivable_turnover_ratio": null,
            "reinvestment_rate": null,
            "research_to_sale_ratio": null,
            "price_fair": 79.33,
            "eps_avg_yearly": 2.27,
            "eps_latest_yearly": 3.72,
            "eps_growth_yearly": 159.1
        },
        "20064": {
            "year_quarter": 20064,
            "year": 2006,
            "quarter": 4,
            "eps": -0.07,
            "eps_growth_year": null,
            "eps_4q": 2.71,
            "eps_4q_growth_year": null,
            "roe": -0.9,
            "roe_4q": 41.53,
            "gross_profit": 69714,
            "gross_margin": 10.9,
            "gross_margin_4q_avg": 9.27,
            "net_income": -2181,
            "net_income_4q": null,
            "revenue": 639431,
            "revenue_4q": null,
            "common_shares": 303600,
            "book_valuer_per_share": 7.95,
            "book_valuer_per_share_4q_avg": 7.19,
            "equity": 241381,
            "current_ratio": 110.62,
            "debt_ratio": 86.88,
            "inventory_turnover_ratio": 0.47,
            "account_receivable_turnover_ratio": null,
            "reinvestment_rate": null,
            "research_to_sale_ratio": null,
            "price_fair": 83.65,
            "eps_avg_yearly": 2.39,
            "eps_latest_yearly": 3.72,
            "eps_growth_yearly": 210.6
        },
        "20071": {
            "year_quarter": 20071,
            "year": 2007,
            "quarter": 1,
            "eps": 0.58,
            "eps_growth_year": 34.88,
            "eps_4q": 2.87,
            "eps_4q_growth_year": null,
            "roe": 7.02,
            "roe_4q": 40.72,
            "gross_profit": 73197,
            "gross_margin": 9.12,
            "gross_margin_4q_avg": 10.43,
            "net_income": 17568,
            "net_income_4q": null,
            "revenue": 802753,
            "revenue_4q": null,
            "common_shares": 303600,
            "book_valuer_per_share": 8.53,
            "book_valuer_per_share_4q_avg": 7.9,
            "equity": 258982,
            "current_ratio": 111.7,
            "debt_ratio": 86.39,
            "inventory_turnover_ratio": 0.67,
            "account_receivable_turnover_ratio": null,
            "reinvestment_rate": null,
            "research_to_sale_ratio": null,
            "price_fair": 83.2,
            "eps_avg_yearly": 2.38,
            "eps_latest_yearly": 3.72,
            "eps_growth_yearly": 187.12
        },
        "20072": {
            "year_quarter": 20072,
            "year": 2007,
            "quarter": 2,
            "eps": 0.9,
            "eps_growth_year": -37.06,
            "eps_4q": 2.34,
            "eps_4q_growth_year": 85.04,
            "roe": 10.01,
            "roe_4q": 28.39,
            "gross_profit": 98243,
            "gross_margin": 11.49,
            "gross_margin_4q_avg": 10.93,
            "net_income": 27274,
            "net_income_4q": null,
            "revenue": 855296,
            "revenue_4q": null,
            "common_shares": 303600,
            "book_valuer_per_share": 9.43,
            "book_valuer_per_share_4q_avg": 8.49,
            "equity": 286184,
            "current_ratio": 114.34,
            "debt_ratio": 83.82,
            "inventory_turnover_ratio": 0.8,
            "account_receivable_turnover_ratio": null,
            "reinvestment_rate": null,
            "research_to_sale_ratio": null,
            "price_fair": 99,
            "eps_avg_yearly": 2.83,
            "eps_latest_yearly": 3.6,
            "eps_growth_yearly": 265.65
        },
        "20073": {
            "year_quarter": 20073,
            "year": 2007,
            "quarter": 3,
            "eps": 0.77,
            "eps_growth_year": -17.2,
            "eps_4q": 2.18,
            "eps_4q_growth_year": 0.42,
            "roe": 7.79,
            "roe_4q": 23.92,
            "gross_profit": 89441,
            "gross_margin": 10.55,
            "gross_margin_4q_avg": 10.52,
            "net_income": 23345,
            "net_income_4q": null,
            "revenue": 847916,
            "revenue_4q": null,
            "common_shares": 306600,
            "book_valuer_per_share": 10.22,
            "book_valuer_per_share_4q_avg": 9.03,
            "equity": 313428,
            "current_ratio": 119.86,
            "debt_ratio": 79.68,
            "inventory_turnover_ratio": 1.04,
            "account_receivable_turnover_ratio": null,
            "reinvestment_rate": 3553.13,
            "research_to_sale_ratio": null,
            "price_fair": 108.4,
            "eps_avg_yearly": 3.1,
            "eps_latest_yearly": 3.08,
            "eps_growth_yearly": 158.69
        },
        "20074": {
            "year_quarter": 20074,
            "year": 2007,
            "quarter": 4,
            "eps": 0.75,
            "eps_growth_year": null,
            "eps_4q": 2.99,
            "eps_4q_growth_year": 10.22,
            "roe": 7.04,
            "roe_4q": 31.86,
            "gross_profit": 89501,
            "gross_margin": 10.02,
            "gross_margin_4q_avg": 10.3,
            "net_income": 22861,
            "net_income_4q": null,
            "revenue": 893105,
            "revenue_4q": null,
            "common_shares": 306600,
            "book_valuer_per_share": 10.97,
            "book_valuer_per_share_4q_avg": 9.79,
            "equity": 336246,
            "current_ratio": 130.84,
            "debt_ratio": 72.46,
            "inventory_turnover_ratio": 1.95,
            "account_receivable_turnover_ratio": null,
            "reinvestment_rate": 299.64,
            "research_to_sale_ratio": null,
            "price_fair": 114.4,
            "eps_avg_yearly": 3.27,
            "eps_latest_yearly": 3,
            "eps_growth_yearly": 128.64
        },
        "20081": {
            "year_quarter": 20081,
            "year": 2008,
            "quarter": 1,
            "eps": -0.25,
            "eps_growth_year": -143.1,
            "eps_4q": 2.17,
            "eps_4q_growth_year": -24.47,
            "roe": -2.29,
            "roe_4q": 22.549999999999997,
            "gross_profit": 54457,
            "gross_margin": 11.03,
            "gross_margin_4q_avg": 10.77,
            "net_income": -7606,
            "net_income_4q": null,
            "revenue": 493658,
            "revenue_4q": null,
            "common_shares": 306600,
            "book_valuer_per_share": 10.72,
            "book_valuer_per_share_4q_avg": 10.34,
            "equity": 328613,
            "current_ratio": 156.38,
            "debt_ratio": 58.63,
            "inventory_turnover_ratio": 2.02,
            "account_receivable_turnover_ratio": null,
            "reinvestment_rate": null,
            "research_to_sale_ratio": null,
            "price_fair": 119,
            "eps_avg_yearly": 3.4,
            "eps_latest_yearly": 3,
            "eps_growth_yearly": 124.89
        },
        "20082": {
            "year_quarter": 20082,
            "year": 2008,
            "quarter": 2,
            "eps": -0.87,
            "eps_growth_year": -196.67,
            "eps_4q": 0.39,
            "eps_4q_growth_year": -83.14,
            "roe": -8.41,
            "roe_4q": 4.130000000000001,
            "gross_profit": 20157,
            "gross_margin": 4.74,
            "gross_margin_4q_avg": 9.09,
            "net_income": -26521,
            "net_income_4q": null,
            "revenue": 425388,
            "revenue_4q": null,
            "common_shares": 306600,
            "book_valuer_per_share": 9.85,
            "book_valuer_per_share_4q_avg": 10.44,
            "equity": 301986,
            "current_ratio": 154.63,
            "debt_ratio": 59.32,
            "inventory_turnover_ratio": 2.05,
            "account_receivable_turnover_ratio": null,
            "reinvestment_rate": null,
            "research_to_sale_ratio": null,
            "price_fair": 133.84,
            "eps_avg_yearly": 3.82,
            "eps_latest_yearly": 3,
            "eps_growth_yearly": 188.58
        },
        "20083": {
            "year_quarter": 20083,
            "year": 2008,
            "quarter": 3,
            "eps": -0.55,
            "eps_growth_year": -171.43,
            "eps_4q": -0.92,
            "eps_4q_growth_year": -142.21,
            "roe": -5.76,
            "roe_4q": -9.420000000000002,
            "gross_profit": 31815,
            "gross_margin": 7.32,
            "gross_margin_4q_avg": 8.28,
            "net_income": -16912,
            "net_income_4q": null,
            "revenue": 434606,
            "revenue_4q": null,
            "common_shares": 306600,
            "book_valuer_per_share": 9.3,
            "book_valuer_per_share_4q_avg": 10.21,
            "equity": 285139,
            "current_ratio": 148.4,
            "debt_ratio": 61.8,
            "inventory_turnover_ratio": 1.95,
            "account_receivable_turnover_ratio": null,
            "reinvestment_rate": null,
            "research_to_sale_ratio": null,
            "price_fair": 133.84,
            "eps_avg_yearly": 3.82,
            "eps_latest_yearly": 3,
            "eps_growth_yearly": 188.58
        },
        "20084": {
            "year_quarter": 20084,
            "year": 2008,
            "quarter": 4,
            "eps": -0.44,
            "eps_growth_year": -158.67,
            "eps_4q": -2.11,
            "eps_4q_growth_year": -170.64,
            "roe": -4.9,
            "roe_4q": -21.36,
            "gross_profit": -6569,
            "gross_margin": -1.94,
            "gross_margin_4q_avg": 5.29,
            "net_income": -13630,
            "net_income_4q": null,
            "revenue": 339035,
            "revenue_4q": null,
            "common_shares": 306600,
            "book_valuer_per_share": 8.84,
            "book_valuer_per_share_4q_avg": 9.68,
            "equity": 271060,
            "current_ratio": 153.52,
            "debt_ratio": 59.56,
            "inventory_turnover_ratio": 1.65,
            "account_receivable_turnover_ratio": 2.5,
            "reinvestment_rate": -110.77,
            "research_to_sale_ratio": null,
            "price_fair": 133.84,
            "eps_avg_yearly": 3.82,
            "eps_latest_yearly": 3,
            "eps_growth_yearly": 188.58
        },
        "20091": {
            "year_quarter": 20091,
            "year": 2009,
            "quarter": 1,
            "eps": -0.27,
            "eps_growth_year": null,
            "eps_4q": -2.13,
            "eps_4q_growth_year": -198.45,
            "roe": -3.11,
            "roe_4q": -22.18,
            "gross_profit": 22741,
            "gross_margin": 7.78,
            "gross_margin_4q_avg": 4.48,
            "net_income": -8296,
            "net_income_4q": null,
            "revenue": 292298,
            "revenue_4q": null,
            "common_shares": 306600,
            "book_valuer_per_share": 8.58,
            "book_valuer_per_share_4q_avg": 9.14,
            "equity": 263030,
            "current_ratio": 168.04,
            "debt_ratio": 53.74,
            "inventory_turnover_ratio": 1.65,
            "account_receivable_turnover_ratio": 1.2,
            "reinvestment_rate": -6.41,
            "research_to_sale_ratio": null,
            "price_fair": 133.84,
            "eps_avg_yearly": 3.82,
            "eps_latest_yearly": 3,
            "eps_growth_yearly": 188.58
        },
        "20092": {
            "year_quarter": 20092,
            "year": 2009,
            "quarter": 2,
            "eps": -0.6,
            "eps_growth_year": null,
            "eps_4q": -1.87,
            "eps_4q_growth_year": -574.56,
            "roe": -7.29,
            "roe_4q": -21.060000000000002,
            "gross_profit": 25447,
            "gross_margin": 8.58,
            "gross_margin_4q_avg": 5.44,
            "net_income": -18484,
            "net_income_4q": null,
            "revenue": 296464,
            "revenue_4q": null,
            "common_shares": 306600,
            "book_valuer_per_share": 7.97,
            "book_valuer_per_share_4q_avg": 8.67,
            "equity": 244395,
            "current_ratio": 167.16,
            "debt_ratio": 54.05,
            "inventory_turnover_ratio": 2.27,
            "account_receivable_turnover_ratio": 1.28,
            "reinvestment_rate": -7.56,
            "research_to_sale_ratio": null,
            "price_fair": 133.84,
            "eps_avg_yearly": 3.82,
            "eps_latest_yearly": 3,
            "eps_growth_yearly": 188.58
        },
        "20093": {
            "year_quarter": 20093,
            "year": 2009,
            "quarter": 3,
            "eps": -0.44,
            "eps_growth_year": null,
            "eps_4q": -1.76,
            "eps_4q_growth_year": null,
            "roe": -5.7,
            "roe_4q": -21,
            "gross_profit": 26916,
            "gross_margin": 7.24,
            "gross_margin_4q_avg": 5.42,
            "net_income": -13532,
            "net_income_4q": null,
            "revenue": 371834,
            "revenue_4q": null,
            "common_shares": 306600,
            "book_valuer_per_share": 7.52,
            "book_valuer_per_share_4q_avg": 8.23,
            "equity": 230499,
            "current_ratio": 157.4,
            "debt_ratio": 57.67,
            "inventory_turnover_ratio": 4.07,
            "account_receivable_turnover_ratio": 1.36,
            "reinvestment_rate": -10.87,
            "research_to_sale_ratio": null,
            "price_fair": 133.84,
            "eps_avg_yearly": 3.82,
            "eps_latest_yearly": 3,
            "eps_growth_yearly": 188.58
        },
        "20094": {
            "year_quarter": 20094,
            "year": 2009,
            "quarter": 4,
            "eps": -0.3,
            "eps_growth_year": null,
            "eps_4q": -1.61,
            "eps_4q_growth_year": null,
            "roe": -4.03,
            "roe_4q": -20.13,
            "gross_profit": 11719,
            "gross_margin": 4.44,
            "gross_margin_4q_avg": 7.01,
            "net_income": -9112,
            "net_income_4q": null,
            "revenue": 263754,
            "revenue_4q": null,
            "common_shares": 306600,
            "book_valuer_per_share": 7.22,
            "book_valuer_per_share_4q_avg": 7.82,
            "equity": 221272,
            "current_ratio": 164.92,
            "debt_ratio": 54.62,
            "inventory_turnover_ratio": 4.68,
            "account_receivable_turnover_ratio": 2.6,
            "reinvestment_rate": 9.89,
            "research_to_sale_ratio": null,
            "price_fair": 133.84,
            "eps_avg_yearly": 3.82,
            "eps_latest_yearly": 3,
            "eps_growth_yearly": 188.58
        },
        "20101": {
            "year_quarter": 20101,
            "year": 2010,
            "quarter": 1,
            "eps": -0.19,
            "eps_growth_year": null,
            "eps_4q": -1.53,
            "eps_4q_growth_year": null,
            "roe": -2.71,
            "roe_4q": -19.73,
            "gross_profit": 24188,
            "gross_margin": 7.41,
            "gross_margin_4q_avg": 6.92,
            "net_income": -5916,
            "net_income_4q": null,
            "revenue": 326255,
            "revenue_4q": null,
            "common_shares": 306600,
            "book_valuer_per_share": 7.02,
            "book_valuer_per_share_4q_avg": 7.43,
            "equity": 215295,
            "current_ratio": 150.87,
            "debt_ratio": 60.63,
            "inventory_turnover_ratio": 4.78,
            "account_receivable_turnover_ratio": 1.46,
            "reinvestment_rate": 8.54,
            "research_to_sale_ratio": null,
            "price_fair": 133.84,
            "eps_avg_yearly": 3.82,
            "eps_latest_yearly": 3,
            "eps_growth_yearly": 188.58
        },
        "20102": {
            "year_quarter": 20102,
            "year": 2010,
            "quarter": 2,
            "eps": -0.16,
            "eps_growth_year": null,
            "eps_4q": -1.09,
            "eps_4q_growth_year": null,
            "roe": -2.3,
            "roe_4q": -14.739999999999998,
            "gross_profit": 27623,
            "gross_margin": 7.14,
            "gross_margin_4q_avg": 6.56,
            "net_income": -4894,
            "net_income_4q": null,
            "revenue": 386713,
            "revenue_4q": null,
            "common_shares": 306600,
            "book_valuer_per_share": 6.86,
            "book_valuer_per_share_4q_avg": 7.16,
            "equity": 210468,
            "current_ratio": 138.38,
            "debt_ratio": 66.82,
            "inventory_turnover_ratio": 4.32,
            "account_receivable_turnover_ratio": 1.4,
            "reinvestment_rate": null,
            "research_to_sale_ratio": null,
            "price_fair": 44.1,
            "eps_avg_yearly": 3.35,
            "eps_latest_yearly": 3,
            "eps_growth_yearly": 3.17
        },
        "20103": {
            "year_quarter": 20103,
            "year": 2010,
            "quarter": 3,
            "eps": 0.17,
            "eps_growth_year": null,
            "eps_4q": -0.48,
            "eps_4q_growth_year": null,
            "roe": 2.46,
            "roe_4q": -6.58,
            "gross_profit": 32338,
            "gross_margin": 7.93,
            "gross_margin_4q_avg": 6.73,
            "net_income": 5250,
            "net_income_4q": null,
            "revenue": 407569,
            "revenue_4q": null,
            "common_shares": 306600,
            "book_valuer_per_share": 7.03,
            "book_valuer_per_share_4q_avg": 7.03,
            "equity": 215590,
            "current_ratio": 136.33,
            "debt_ratio": 68.27,
            "inventory_turnover_ratio": 3.62,
            "account_receivable_turnover_ratio": 1.21,
            "reinvestment_rate": null,
            "research_to_sale_ratio": null,
            "price_fair": 112.93,
            "eps_avg_yearly": 3.23,
            "eps_latest_yearly": 3,
            "eps_growth_yearly": 50.84
        },
        "20104": {
            "year_quarter": 20104,
            "year": 2010,
            "quarter": 4,
            "eps": -0.08,
            "eps_growth_year": null,
            "eps_4q": -0.26,
            "eps_4q_growth_year": null,
            "roe": -1.16,
            "roe_4q": -3.71,
            "gross_profit": 24397,
            "gross_margin": 6.68,
            "gross_margin_4q_avg": 7.29,
            "net_income": -2482,
            "net_income_4q": null,
            "revenue": 364965,
            "revenue_4q": null,
            "common_shares": 306600,
            "book_valuer_per_share": 6.93,
            "book_valuer_per_share_4q_avg": 6.96,
            "equity": 212618,
            "current_ratio": 146.51,
            "debt_ratio": 62.71,
            "inventory_turnover_ratio": 3.35,
            "account_receivable_turnover_ratio": 1.03,
            "reinvestment_rate": null,
            "research_to_sale_ratio": null,
            "price_fair": 112.93,
            "eps_avg_yearly": 3.23,
            "eps_latest_yearly": 3,
            "eps_growth_yearly": 50.84
        },
        "20111": {
            "year_quarter": 20111,
            "year": 2011,
            "quarter": 1,
            "eps": -0.38,
            "eps_growth_year": null,
            "eps_4q": -0.45,
            "eps_4q_growth_year": null,
            "roe": -5.69,
            "roe_4q": -6.69,
            "gross_profit": 18306,
            "gross_margin": 3.86,
            "gross_margin_4q_avg": 6.4,
            "net_income": -11767,
            "net_income_4q": null,
            "revenue": 473681,
            "revenue_4q": null,
            "common_shares": 306600,
            "book_valuer_per_share": 6.55,
            "book_valuer_per_share_4q_avg": 6.84,
            "equity": 200878,
            "current_ratio": 132.36,
            "debt_ratio": 70.39,
            "inventory_turnover_ratio": 5.69,
            "account_receivable_turnover_ratio": 1.23,
            "reinvestment_rate": null,
            "research_to_sale_ratio": null,
            "price_fair": 112.93,
            "eps_avg_yearly": 3.23,
            "eps_latest_yearly": 3,
            "eps_growth_yearly": 50.84
        },
        "20112": {
            "year_quarter": 20112,
            "year": 2011,
            "quarter": 2,
            "eps": -0.32,
            "eps_growth_year": null,
            "eps_4q": -0.62,
            "eps_4q_growth_year": null,
            "roe": -5.07,
            "roe_4q": -9.46,
            "gross_profit": 24273,
            "gross_margin": 5.81,
            "gross_margin_4q_avg": 6.07,
            "net_income": -9925,
            "net_income_4q": null,
            "revenue": 417895,
            "revenue_4q": null,
            "common_shares": 306600,
            "book_valuer_per_share": 6.22,
            "book_valuer_per_share_4q_avg": 6.68,
            "equity": 190721,
            "current_ratio": 129.44,
            "debt_ratio": 72.57,
            "inventory_turnover_ratio": 4.92,
            "account_receivable_turnover_ratio": 0.93,
            "reinvestment_rate": null,
            "research_to_sale_ratio": null,
            "price_fair": 9.12,
            "eps_avg_yearly": 3.04,
            "eps_latest_yearly": 3,
            "eps_growth_yearly": -34.08
        },
        "20113": {
            "year_quarter": 20113,
            "year": 2011,
            "quarter": 3,
            "eps": -0.47,
            "eps_growth_year": -376.88,
            "eps_4q": -1.26,
            "eps_4q_growth_year": null,
            "roe": -7.91,
            "roe_4q": -19.830000000000002,
            "gross_profit": 24454,
            "gross_margin": 7.81,
            "gross_margin_4q_avg": 6.04,
            "net_income": -14536,
            "net_income_4q": null,
            "revenue": 312921,
            "revenue_4q": null,
            "common_shares": 306600,
            "book_valuer_per_share": 5.77,
            "book_valuer_per_share_4q_avg": 6.37,
            "equity": 176791,
            "current_ratio": 128.6,
            "debt_ratio": 72.7,
            "inventory_turnover_ratio": 4.24,
            "account_receivable_turnover_ratio": 0.79,
            "reinvestment_rate": null,
            "research_to_sale_ratio": null,
            "price_fair": 9,
            "eps_avg_yearly": 3,
            "eps_latest_yearly": 3,
            "eps_growth_yearly": -10.39
        },
        "20114": {
            "year_quarter": 20114,
            "year": 2011,
            "quarter": 4,
            "eps": -0.63,
            "eps_growth_year": null,
            "eps_4q": -1.82,
            "eps_4q_growth_year": null,
            "roe": -11.65,
            "roe_4q": -30.320000000000004,
            "gross_profit": 15526,
            "gross_margin": 6.15,
            "gross_margin_4q_avg": 5.91,
            "net_income": -19467,
            "net_income_4q": null,
            "revenue": 252267,
            "revenue_4q": null,
            "common_shares": 306600,
            "book_valuer_per_share": 5.13,
            "book_valuer_per_share_4q_avg": 5.92,
            "equity": 157301,
            "current_ratio": 131.71,
            "debt_ratio": 69.91,
            "inventory_turnover_ratio": 4.07,
            "account_receivable_turnover_ratio": 0.9,
            "reinvestment_rate": null,
            "research_to_sale_ratio": null,
            "price_fair": 0,
            "eps_avg_yearly": 0,
            "eps_latest_yearly": 0,
            "eps_growth_yearly": 0
        },
        "20121": {
            "year_quarter": 20121,
            "year": 2012,
            "quarter": 1,
            "eps": -0.47,
            "eps_growth_year": null,
            "eps_4q": -1.9,
            "eps_4q_growth_year": null,
            "roe": -9.56,
            "roe_4q": -34.19,
            "gross_profit": 20363,
            "gross_margin": 6.82,
            "gross_margin_4q_avg": 6.65,
            "net_income": -14348,
            "net_income_4q": null,
            "revenue": 298576,
            "revenue_4q": null,
            "common_shares": 306600,
            "book_valuer_per_share": 4.66,
            "book_valuer_per_share_4q_avg": 5.45,
            "equity": 142836,
            "current_ratio": 124.56,
            "debt_ratio": 74.39,
            "inventory_turnover_ratio": 4.66,
            "account_receivable_turnover_ratio": 1.15,
            "reinvestment_rate": null,
            "research_to_sale_ratio": null,
            "price_fair": 0,
            "eps_avg_yearly": 0,
            "eps_latest_yearly": 0,
            "eps_growth_yearly": 0
        },
        "20122": {
            "year_quarter": 20122,
            "year": 2012,
            "quarter": 2,
            "eps": -0.36,
            "eps_growth_year": null,
            "eps_4q": -1.93,
            "eps_4q_growth_year": null,
            "roe": -7.95,
            "roe_4q": -37.07000000000001,
            "gross_profit": 19455,
            "gross_margin": 7.17,
            "gross_margin_4q_avg": 6.99,
            "net_income": -10926,
            "net_income_4q": null,
            "revenue": 271526,
            "revenue_4q": null,
            "common_shares": 306600,
            "book_valuer_per_share": 4.3,
            "book_valuer_per_share_4q_avg": 4.97,
            "equity": 131928,
            "current_ratio": 126.39,
            "debt_ratio": 72.39,
            "inventory_turnover_ratio": 5.9,
            "account_receivable_turnover_ratio": 0.98,
            "reinvestment_rate": null,
            "research_to_sale_ratio": null,
            "price_fair": 0,
            "eps_avg_yearly": 0,
            "eps_latest_yearly": 0,
            "eps_growth_yearly": 0
        },
        "20123": {
            "year_quarter": 20123,
            "year": 2012,
            "quarter": 3,
            "eps": -0.62,
            "eps_growth_year": null,
            "eps_4q": -2.08,
            "eps_4q_growth_year": null,
            "roe": -15.46,
            "roe_4q": -44.62,
            "gross_profit": 23489,
            "gross_margin": 7.93,
            "gross_margin_4q_avg": 7.02,
            "net_income": -18902,
            "net_income_4q": null,
            "revenue": 296387,
            "revenue_4q": null,
            "common_shares": 306600,
            "book_valuer_per_share": 3.67,
            "book_valuer_per_share_4q_avg": 4.44,
            "equity": 112662,
            "current_ratio": 121.94,
            "debt_ratio": 74.93,
            "inventory_turnover_ratio": 8.29,
            "account_receivable_turnover_ratio": 1.06,
            "reinvestment_rate": null,
            "research_to_sale_ratio": null,
            "price_fair": 0,
            "eps_avg_yearly": 0,
            "eps_latest_yearly": 0,
            "eps_growth_yearly": 0
        },
        "20124": {
            "year_quarter": 20124,
            "year": 2012,
            "quarter": 4,
            "eps": -0.19,
            "eps_growth_year": null,
            "eps_4q": -1.63,
            "eps_4q_growth_year": null,
            "roe": -5.29,
            "roe_4q": -38.26,
            "gross_profit": 22587,
            "gross_margin": 8.44,
            "gross_margin_4q_avg": 7.59,
            "net_income": -5809,
            "net_income_4q": null,
            "revenue": 267605,
            "revenue_4q": null,
            "common_shares": 306600,
            "book_valuer_per_share": 3.48,
            "book_valuer_per_share_4q_avg": 4.03,
            "equity": 106802,
            "current_ratio": 128.55,
            "debt_ratio": 69.92,
            "inventory_turnover_ratio": 9.28,
            "account_receivable_turnover_ratio": 1,
            "reinvestment_rate": null,
            "research_to_sale_ratio": null,
            "price_fair": 0,
            "eps_avg_yearly": 0,
            "eps_latest_yearly": 0,
            "eps_growth_yearly": 0
        },
        "20131": {
            "year_quarter": 20131,
            "year": 2013,
            "quarter": 1,
            "eps": -0.38,
            "eps_growth_year": null,
            "eps_4q": -1.54,
            "eps_4q_growth_year": null,
            "roe": -11.49,
            "roe_4q": -40.190000000000005,
            "gross_profit": 18074,
            "gross_margin": 7.03,
            "gross_margin_4q_avg": 7.64,
            "net_income": -11510,
            "net_income_4q": null,
            "revenue": 256991,
            "revenue_4q": null,
            "common_shares": 306600,
            "book_valuer_per_share": 3.05,
            "book_valuer_per_share_4q_avg": 3.63,
            "equity": 93585,
            "current_ratio": 124.91,
            "debt_ratio": 72.21,
            "inventory_turnover_ratio": 10.96,
            "account_receivable_turnover_ratio": 1.02,
            "reinvestment_rate": null,
            "research_to_sale_ratio": null,
            "price_fair": 0,
            "eps_avg_yearly": 0,
            "eps_latest_yearly": 0,
            "eps_growth_yearly": 0
        },
        "20132": {
            "year_quarter": 20132,
            "year": 2013,
            "quarter": 2,
            "eps": -0.21,
            "eps_growth_year": null,
            "eps_4q": -1.4,
            "eps_4q_growth_year": null,
            "roe": -7.26,
            "roe_4q": -39.5,
            "gross_profit": 20580,
            "gross_margin": 7.28,
            "gross_margin_4q_avg": 7.67,
            "net_income": -6560,
            "net_income_4q": null,
            "revenue": 282595,
            "revenue_4q": null,
            "common_shares": 306600,
            "book_valuer_per_share": 2.84,
            "book_valuer_per_share_4q_avg": 3.26,
            "equity": 87057,
            "current_ratio": 118.24,
            "debt_ratio": 77.29,
            "inventory_turnover_ratio": 8.63,
            "account_receivable_turnover_ratio": 1.1,
            "reinvestment_rate": null,
            "research_to_sale_ratio": null,
            "price_fair": 0,
            "eps_avg_yearly": 0,
            "eps_latest_yearly": 0,
            "eps_growth_yearly": 0
        },
        "20133": {
            "year_quarter": 20133,
            "year": 2013,
            "quarter": 3,
            "eps": -0.3,
            "eps_growth_year": null,
            "eps_4q": -1.08,
            "eps_4q_growth_year": null,
            "roe": -11.23,
            "roe_4q": -35.27,
            "gross_profit": 17322,
            "gross_margin": 5.22,
            "gross_margin_4q_avg": 6.99,
            "net_income": -9249,
            "net_income_4q": null,
            "revenue": 332079,
            "revenue_4q": null,
            "common_shares": 306600,
            "book_valuer_per_share": 2.53,
            "book_valuer_per_share_4q_avg": 2.98,
            "equity": 77647,
            "current_ratio": 112.23,
            "debt_ratio": 82.43,
            "inventory_turnover_ratio": 7.65,
            "account_receivable_turnover_ratio": 1.16,
            "reinvestment_rate": null,
            "research_to_sale_ratio": null,
            "price_fair": 0,
            "eps_avg_yearly": 0,
            "eps_latest_yearly": 0,
            "eps_growth_yearly": 0
        },
        "20134": {
            "year_quarter": 20134,
            "year": 2013,
            "quarter": 4,
            "eps": -0.04,
            "eps_growth_year": null,
            "eps_4q": -0.93,
            "eps_4q_growth_year": null,
            "roe": -1.48,
            "roe_4q": -31.46,
            "gross_profit": 18467,
            "gross_margin": 5,
            "gross_margin_4q_avg": 6.13,
            "net_income": -1148,
            "net_income_4q": null,
            "revenue": 369491,
            "revenue_4q": null,
            "common_shares": 306600,
            "book_valuer_per_share": 2.52,
            "book_valuer_per_share_4q_avg": 2.74,
            "equity": 77221,
            "current_ratio": 110.71,
            "debt_ratio": 84.14,
            "inventory_turnover_ratio": 9.54,
            "account_receivable_turnover_ratio": 1.13,
            "reinvestment_rate": null,
            "research_to_sale_ratio": null,
            "price_fair": 0,
            "eps_avg_yearly": 0,
            "eps_latest_yearly": 0,
            "eps_growth_yearly": 0
        },
        "20141": {
            "year_quarter": 20141,
            "year": 2014,
            "quarter": 1,
            "eps": 0,
            "eps_growth_year": null,
            "eps_4q": -0.56,
            "eps_4q_growth_year": null,
            "roe": -0.12,
            "roe_4q": -20.09,
            "gross_profit": 23247,
            "gross_margin": 6.38,
            "gross_margin_4q_avg": 5.97,
            "net_income": -90,
            "net_income_4q": null,
            "revenue": 364240,
            "revenue_4q": null,
            "common_shares": 306600,
            "book_valuer_per_share": 2.52,
            "book_valuer_per_share_4q_avg": 2.6,
            "equity": 77177,
            "current_ratio": 110.87,
            "debt_ratio": 83.96,
            "inventory_turnover_ratio": 13.67,
            "account_receivable_turnover_ratio": 1.09,
            "reinvestment_rate": null,
            "research_to_sale_ratio": null,
            "price_fair": 0,
            "eps_avg_yearly": 0,
            "eps_latest_yearly": 0,
            "eps_growth_yearly": 0
        },
        "20142": {
            "year_quarter": 20142,
            "year": 2014,
            "quarter": 2,
            "eps": 0.03,
            "eps_growth_year": null,
            "eps_4q": -0.32,
            "eps_4q_growth_year": null,
            "roe": 1.02,
            "roe_4q": -11.81,
            "gross_profit": 29216,
            "gross_margin": 6.15,
            "gross_margin_4q_avg": 5.69,
            "net_income": 792,
            "net_income_4q": null,
            "revenue": 475275,
            "revenue_4q": null,
            "common_shares": 306600,
            "book_valuer_per_share": 2.54,
            "book_valuer_per_share_4q_avg": 2.53,
            "equity": 77865,
            "current_ratio": 107.81,
            "debt_ratio": 87.4,
            "inventory_turnover_ratio": 10.85,
            "account_receivable_turnover_ratio": 1.26,
            "reinvestment_rate": null,
            "research_to_sale_ratio": null,
            "price_fair": 0,
            "eps_avg_yearly": 0,
            "eps_latest_yearly": 0,
            "eps_growth_yearly": 0
        },
        "20143": {
            "year_quarter": 20143,
            "year": 2014,
            "quarter": 3,
            "eps": 0.25,
            "eps_growth_year": null,
            "eps_4q": 0.24,
            "eps_4q_growth_year": null,
            "roe": 9.43,
            "roe_4q": 8.85,
            "gross_profit": 28575,
            "gross_margin": 6.65,
            "gross_margin_4q_avg": 6.05,
            "net_income": 7716,
            "net_income_4q": null,
            "revenue": 429391,
            "revenue_4q": null,
            "common_shares": 306600,
            "book_valuer_per_share": 2.8,
            "book_valuer_per_share_4q_avg": 2.6,
            "equity": 85785,
            "current_ratio": 108.73,
            "debt_ratio": 87.08,
            "inventory_turnover_ratio": 6.11,
            "account_receivable_turnover_ratio": 0.96,
            "reinvestment_rate": null,
            "research_to_sale_ratio": null,
            "price_fair": 35,
            "eps_avg_yearly": 1,
            "eps_latest_yearly": 1,
            "eps_growth_yearly": 2933.33
        },
        "20144": {
            "year_quarter": 20144,
            "year": 2014,
            "quarter": 4,
            "eps": 0.37,
            "eps_growth_year": null,
            "eps_4q": 0.64,
            "eps_4q_growth_year": null,
            "roe": 12.37,
            "roe_4q": 22.699999999999996,
            "gross_profit": 23244,
            "gross_margin": 7.29,
            "gross_margin_4q_avg": 6.62,
            "net_income": 11292,
            "net_income_4q": null,
            "revenue": 318886,
            "revenue_4q": null,
            "common_shares": 306600,
            "book_valuer_per_share": 3.16,
            "book_valuer_per_share_4q_avg": 2.76,
            "equity": 96795,
            "current_ratio": 114.29,
            "debt_ratio": 81.99,
            "inventory_turnover_ratio": 4.77,
            "account_receivable_turnover_ratio": 0.77,
            "reinvestment_rate": null,
            "research_to_sale_ratio": null,
            "price_fair": 43.4,
            "eps_avg_yearly": 1.24,
            "eps_latest_yearly": 1.48,
            "eps_growth_yearly": 1562.67
        },
        "20151": {
            "year_quarter": 20151,
            "year": 2015,
            "quarter": 1,
            "eps": 0.07,
            "eps_growth_year": null,
            "eps_4q": 0.71,
            "eps_4q_growth_year": null,
            "roe": 2.15,
            "roe_4q": 24.97,
            "gross_profit": 26189,
            "gross_margin": 6.51,
            "gross_margin_4q_avg": 6.65,
            "net_income": 2107,
            "net_income_4q": null,
            "revenue": 402259,
            "revenue_4q": null,
            "common_shares": 306600,
            "book_valuer_per_share": 3.22,
            "book_valuer_per_share_4q_avg": 2.93,
            "equity": 98763,
            "current_ratio": 113.34,
            "debt_ratio": 83.17,
            "inventory_turnover_ratio": 6.23,
            "account_receivable_turnover_ratio": 1.02,
            "reinvestment_rate": null,
            "research_to_sale_ratio": null,
            "price_fair": 32.2,
            "eps_avg_yearly": 0.92,
            "eps_latest_yearly": 0.28,
            "eps_growth_yearly": 933.67
        },
        "20152": {
            "year_quarter": 20152,
            "year": 2015,
            "quarter": 2,
            "eps": 0.15,
            "eps_growth_year": 400,
            "eps_4q": 0.84,
            "eps_4q_growth_year": null,
            "roe": 4.58,
            "roe_4q": 28.53,
            "gross_profit": 26325,
            "gross_margin": 7.13,
            "gross_margin_4q_avg": 6.9,
            "net_income": 4621,
            "net_income_4q": null,
            "revenue": 369441,
            "revenue_4q": null,
            "common_shares": 306600,
            "book_valuer_per_share": 3.37,
            "book_valuer_per_share_4q_avg": 3.14,
            "equity": 103222,
            "current_ratio": 113.81,
            "debt_ratio": 83.08,
            "inventory_turnover_ratio": 5.04,
            "account_receivable_turnover_ratio": 0.87,
            "reinvestment_rate": null,
            "research_to_sale_ratio": null,
            "price_fair": 29.4,
            "eps_avg_yearly": 0.84,
            "eps_latest_yearly": 0.6,
            "eps_growth_yearly": 814.54
        },
        "20153": {
            "year_quarter": 20153,
            "year": 2015,
            "quarter": 3,
            "eps": 0,
            "eps_growth_year": -100,
            "eps_4q": 0.58,
            "eps_4q_growth_year": 146.16,
            "roe": -0.12,
            "roe_4q": 18.979999999999997,
            "gross_profit": 16345,
            "gross_margin": 4.12,
            "gross_margin_4q_avg": 6.26,
            "net_income": -124,
            "net_income_4q": null,
            "revenue": 396473,
            "revenue_4q": null,
            "common_shares": 306600,
            "book_valuer_per_share": 3.37,
            "book_valuer_per_share_4q_avg": 3.28,
            "equity": 103454,
            "current_ratio": 91.88,
            "debt_ratio": 86.86,
            "inventory_turnover_ratio": 6.32,
            "account_receivable_turnover_ratio": 0.85,
            "reinvestment_rate": null,
            "research_to_sale_ratio": null,
            "price_fair": 29.4,
            "eps_avg_yearly": 0.84,
            "eps_latest_yearly": 0.6,
            "eps_growth_yearly": 814.54
        },
        "20154": {
            "year_quarter": 20154,
            "year": 2015,
            "quarter": 4,
            "eps": 0.11,
            "eps_growth_year": -69.76,
            "eps_4q": 0.33,
            "eps_4q_growth_year": -49.17,
            "roe": 3.26,
            "roe_4q": 9.87,
            "gross_profit": 20871,
            "gross_margin": 6.13,
            "gross_margin_4q_avg": 5.97,
            "net_income": 3415,
            "net_income_4q": null,
            "revenue": 340566,
            "revenue_4q": null,
            "common_shares": 306600,
            "book_valuer_per_share": 3.46,
            "book_valuer_per_share_4q_avg": 3.36,
            "equity": 106132,
            "current_ratio": 90.9,
            "debt_ratio": 82.97,
            "inventory_turnover_ratio": 7.54,
            "account_receivable_turnover_ratio": 0.75,
            "reinvestment_rate": null,
            "research_to_sale_ratio": null,
            "price_fair": 29.4,
            "eps_avg_yearly": 0.84,
            "eps_latest_yearly": 0.6,
            "eps_growth_yearly": 814.54
        },
        "20161": {
            "year_quarter": 20161,
            "year": 2016,
            "quarter": 1,
            "eps": -0.05,
            "eps_growth_year": -171.43,
            "eps_4q": 0.21,
            "eps_4q_growth_year": -70.37,
            "roe": -1.35,
            "roe_4q": 6.369999999999999,
            "gross_profit": 18790,
            "gross_margin": 5.97,
            "gross_margin_4q_avg": 5.84,
            "net_income": -1422,
            "net_income_4q": null,
            "revenue": 314579,
            "revenue_4q": null,
            "common_shares": 306600,
            "book_valuer_per_share": 3.42,
            "book_valuer_per_share_4q_avg": 3.41,
            "equity": 104705,
            "current_ratio": 92.06,
            "debt_ratio": 83.89,
            "inventory_turnover_ratio": 8.08,
            "account_receivable_turnover_ratio": 0.85,
            "reinvestment_rate": null,
            "research_to_sale_ratio": null,
            "price_fair": 29.4,
            "eps_avg_yearly": 0.84,
            "eps_latest_yearly": 0.6,
            "eps_growth_yearly": 814.54
        },
        "20162": {
            "year_quarter": 20162,
            "year": 2016,
            "quarter": 2,
            "eps": 0.54,
            "eps_growth_year": 260,
            "eps_4q": 0.6,
            "eps_4q_growth_year": -28.19,
            "roe": 14.7,
            "roe_4q": 16.49,
            "gross_profit": 35201,
            "gross_margin": 6.22,
            "gross_margin_4q_avg": 5.61,
            "net_income": 16613,
            "net_income_4q": null,
            "revenue": 566044,
            "revenue_4q": null,
            "common_shares": 306600,
            "book_valuer_per_share": 3.96,
            "book_valuer_per_share_4q_avg": 3.55,
            "equity": 121322,
            "current_ratio": 97.09,
            "debt_ratio": 86.3,
            "inventory_turnover_ratio": 11.1,
            "account_receivable_turnover_ratio": 1.19,
            "reinvestment_rate": null,
            "research_to_sale_ratio": null,
            "price_fair": 29.4,
            "eps_avg_yearly": 0.84,
            "eps_latest_yearly": 0.6,
            "eps_growth_yearly": 814.54
        },
        "20163": {
            "year_quarter": 20163,
            "year": 2016,
            "quarter": 3,
            "eps": 0.99,
            "eps_growth_year": null,
            "eps_4q": 0.88,
            "eps_4q_growth_year": 50.15,
            "roe": 9.64,
            "roe_4q": 26.25,
            "gross_profit": 36329,
            "gross_margin": 5.08,
            "gross_margin_4q_avg": 5.85,
            "net_income": 36771,
            "net_income_4q": null,
            "revenue": 715431,
            "revenue_4q": null,
            "common_shares": 669560,
            "book_valuer_per_share": 8.22,
            "book_valuer_per_share_4q_avg": 4.77,
            "equity": 641783,
            "current_ratio": 115.67,
            "debt_ratio": 66.64,
            "inventory_turnover_ratio": 9.88,
            "account_receivable_turnover_ratio": 1.07,
            "reinvestment_rate": 181.8,
            "research_to_sale_ratio": 0.23,
            "price_fair": 51.24,
            "eps_avg_yearly": 1.46,
            "eps_latest_yearly": 3.96,
            "eps_growth_yearly": 718.3
        },
        "20164": {
            "year_quarter": 20164,
            "year": 2016,
            "quarter": 4,
            "eps": 0.18,
            "eps_growth_year": 60.29,
            "eps_4q": 1,
            "eps_4q_growth_year": 207.22,
            "roe": 1.12,
            "roe_4q": 24.11,
            "gross_profit": 62215,
            "gross_margin": 11.39,
            "gross_margin_4q_avg": 7.17,
            "net_income": 7262,
            "net_income_4q": null,
            "revenue": 546060,
            "revenue_4q": null,
            "common_shares": 669560,
            "book_valuer_per_share": 8.37,
            "book_valuer_per_share_4q_avg": 5.99,
            "equity": 652021,
            "current_ratio": 123.93,
            "debt_ratio": 62.46,
            "inventory_turnover_ratio": 6.53,
            "account_receivable_turnover_ratio": 0.81,
            "reinvestment_rate": 76.49,
            "research_to_sale_ratio": 0.89,
            "price_fair": 46.9,
            "eps_avg_yearly": 1.34,
            "eps_latest_yearly": 0.72,
            "eps_growth_yearly": 544.04
        },
        "20171": {
            "year_quarter": 20171,
            "year": 2017,
            "quarter": 1,
            "eps": 0.05,
            "eps_growth_year": null,
            "eps_4q": 1.07,
            "eps_4q_growth_year": 405.91,
            "roe": -0.82,
            "roe_4q": 24.64,
            "gross_profit": 51661,
            "gross_margin": 7.25,
            "gross_margin_4q_avg": 7.49,
            "net_income": -5326,
            "net_income_4q": null,
            "revenue": 713033,
            "revenue_4q": null,
            "common_shares": 669560,
            "book_valuer_per_share": 8.42,
            "book_valuer_per_share_4q_avg": 7.24,
            "equity": 647003,
            "current_ratio": 123.43,
            "debt_ratio": 63.93,
            "inventory_turnover_ratio": 9.28,
            "account_receivable_turnover_ratio": 1.03,
            "reinvestment_rate": 76.19,
            "research_to_sale_ratio": 1.07,
            "price_fair": 41.2,
            "eps_avg_yearly": 1.18,
            "eps_latest_yearly": 0.2,
            "eps_growth_yearly": 425.05
        },
        "20172": {
            "year_quarter": 20172,
            "year": 2017,
            "quarter": 2,
            "eps": -0.02,
            "eps_growth_year": -103.7,
            "eps_4q": 0.81,
            "eps_4q_growth_year": 33.6,
            "roe": -1.12,
            "roe_4q": 8.82,
            "gross_profit": 49677,
            "gross_margin": 7.17,
            "gross_margin_4q_avg": 7.72,
            "net_income": -7216,
            "net_income_4q": null,
            "revenue": 692506,
            "revenue_4q": null,
            "common_shares": 669560,
            "book_valuer_per_share": 8.4,
            "book_valuer_per_share_4q_avg": 8.35,
            "equity": 639790,
            "current_ratio": 118.31,
            "debt_ratio": 68.68,
            "inventory_turnover_ratio": 3.88,
            "account_receivable_turnover_ratio": 0.85,
            "reinvestment_rate": 69.93,
            "research_to_sale_ratio": 1.07,
            "price_fair": 41.2,
            "eps_avg_yearly": 1.18,
            "eps_latest_yearly": 0.2,
            "eps_growth_yearly": 425.05
        },
        "20173": {
            "year_quarter": 20173,
            "year": 2017,
            "quarter": 3,
            "eps": 0.02,
            "eps_growth_year": -97.98,
            "eps_4q": 0.23,
            "eps_4q_growth_year": -73.88,
            "roe": -0.7,
            "roe_4q": -1.52,
            "gross_profit": 57942,
            "gross_margin": 5.16,
            "gross_margin_4q_avg": 7.74,
            "net_income": -4432,
            "net_income_4q": null,
            "revenue": 1122047,
            "revenue_4q": null,
            "common_shares": 669560,
            "book_valuer_per_share": 8.42,
            "book_valuer_per_share_4q_avg": 8.4,
            "equity": 634763,
            "current_ratio": 118.67,
            "debt_ratio": 67.94,
            "inventory_turnover_ratio": 6.5,
            "account_receivable_turnover_ratio": 1.22,
            "reinvestment_rate": 59.31,
            "research_to_sale_ratio": 0.59,
            "price_fair": 41.2,
            "eps_avg_yearly": 1.18,
            "eps_latest_yearly": 0.2,
            "eps_growth_yearly": 425.05
        },
        "20174": {
            "year_quarter": 20174,
            "year": 2017,
            "quarter": 4,
            "eps": 0.01,
            "eps_growth_year": -92.91,
            "eps_4q": 0.06,
            "eps_4q_growth_year": -93.84,
            "roe": -0.1,
            "roe_4q": -2.7399999999999998,
            "gross_profit": 62969,
            "gross_margin": 7.09,
            "gross_margin_4q_avg": 6.67,
            "net_income": -677,
            "net_income_4q": null,
            "revenue": 888558,
            "revenue_4q": null,
            "common_shares": 686600,
            "book_valuer_per_share": 8.94,
            "book_valuer_per_share_4q_avg": 8.55,
            "equity": 686334,
            "current_ratio": 115.61,
            "debt_ratio": 67.94,
            "inventory_turnover_ratio": 5.44,
            "account_receivable_turnover_ratio": 1.05,
            "reinvestment_rate": 64.77,
            "research_to_sale_ratio": 0.65,
            "price_fair": 36.23,
            "eps_avg_yearly": 1.04,
            "eps_latest_yearly": 0.04,
            "eps_growth_yearly": 346.92
        },
        "20181": {
            "year_quarter": 20181,
            "year": 2018,
            "quarter": 1,
            "eps": -0.04,
            "eps_growth_year": -180,
            "eps_4q": -0.02,
            "eps_4q_growth_year": -101.68,
            "roe": -1.6,
            "roe_4q": -3.5200000000000005,
            "gross_profit": 55371,
            "gross_margin": 6.56,
            "gross_margin_4q_avg": 6.5,
            "net_income": -10882,
            "net_income_4q": null,
            "revenue": 843710,
            "revenue_4q": null,
            "common_shares": 686600,
            "book_valuer_per_share": 8.9,
            "book_valuer_per_share_4q_avg": 8.67,
            "equity": 675486,
            "current_ratio": 120.29,
            "debt_ratio": 61.19,
            "inventory_turnover_ratio": 4.12,
            "account_receivable_turnover_ratio": 1.27,
            "reinvestment_rate": 32.76,
            "research_to_sale_ratio": 0.84,
            "price_fair": 36.23,
            "eps_avg_yearly": 1.04,
            "eps_latest_yearly": 0.04,
            "eps_growth_yearly": 346.92
        },
        "20182": {
            "year_quarter": 20182,
            "year": 2018,
            "quarter": 2,
            "eps": 0.03,
            "eps_growth_year": null,
            "eps_4q": 0.03,
            "eps_4q_growth_year": -96.14,
            "roe": 0.55,
            "roe_4q": -1.85,
            "gross_profit": 23982,
            "gross_margin": 3.11,
            "gross_margin_4q_avg": 5.48,
            "net_income": 3545,
            "net_income_4q": null,
            "revenue": 771723,
            "revenue_4q": null,
            "common_shares": 686600,
            "book_valuer_per_share": 8.94,
            "book_valuer_per_share_4q_avg": 8.8,
            "equity": 616778,
            "current_ratio": 107.9,
            "debt_ratio": 62.5,
            "inventory_turnover_ratio": 3.51,
            "account_receivable_turnover_ratio": 1.2,
            "reinvestment_rate": 417.48,
            "research_to_sale_ratio": 0,
            "price_fair": 36.23,
            "eps_avg_yearly": 1.04,
            "eps_latest_yearly": 0.04,
            "eps_growth_yearly": 346.92
        },
        "20183": {
            "year_quarter": 20183,
            "year": 2018,
            "quarter": 3,
            "eps": 0.31,
            "eps_growth_year": 1450,
            "eps_4q": 0.32,
            "eps_4q_growth_year": 40.07,
            "roe": 3.41,
            "roe_4q": 2.26,
            "gross_profit": 43897,
            "gross_margin": 4,
            "gross_margin_4q_avg": 5.19,
            "net_income": 21375,
            "net_income_4q": null,
            "revenue": 1097408,
            "revenue_4q": null,
            "common_shares": 686600,
            "book_valuer_per_share": 9.21,
            "book_valuer_per_share_4q_avg": 9,
            "equity": 635489,
            "current_ratio": 107.94,
            "debt_ratio": 68.24,
            "inventory_turnover_ratio": 4.5,
            "account_receivable_turnover_ratio": 1.39,
            "reinvestment_rate": 360.61,
            "research_to_sale_ratio": 0,
            "price_fair": 37.28,
            "eps_avg_yearly": 1.07,
            "eps_latest_yearly": 1.24,
            "eps_growth_yearly": 446.92
        },
        "20184": {
            "year_quarter": 20184,
            "year": 2018,
            "quarter": 4,
            "eps": -0.19,
            "eps_growth_year": -1577.74,
            "eps_4q": 0.12,
            "eps_4q_growth_year": 95.71,
            "roe": -2.04,
            "roe_4q": 0.32000000000000006,
            "gross_profit": 24105,
            "gross_margin": 2.76,
            "gross_margin_4q_avg": 4.11,
            "net_income": -12836,
            "net_income_4q": null,
            "revenue": 873462,
            "revenue_4q": null,
            "common_shares": 686600,
            "book_valuer_per_share": 9.03,
            "book_valuer_per_share_4q_avg": 9.02,
            "equity": 622825,
            "current_ratio": 111.49,
            "debt_ratio": 61.8,
            "inventory_turnover_ratio": 5.53,
            "account_receivable_turnover_ratio": 1.12,
            "reinvestment_rate": 451.39,
            "research_to_sale_ratio": -0,
            "price_fair": 35.2,
            "eps_avg_yearly": 1.01,
            "eps_latest_yearly": 1.24,
            "eps_growth_yearly": 483.33
        },
        "20191": {
            "year_quarter": 20191,
            "year": 2019,
            "quarter": 1,
            "eps": 0.09,
            "eps_growth_year": null,
            "eps_4q": 0.25,
            "eps_4q_growth_year": null,
            "roe": 0.75,
            "roe_4q": 2.67,
            "gross_profit": 25894,
            "gross_margin": 3.48,
            "gross_margin_4q_avg": 3.34,
            "net_income": 4657,
            "net_income_4q": null,
            "revenue": 743611,
            "revenue_4q": null,
            "common_shares": 686600,
            "book_valuer_per_share": 9.12,
            "book_valuer_per_share_4q_avg": 9.08,
            "equity": 627277,
            "current_ratio": 109.35,
            "debt_ratio": 55.04,
            "inventory_turnover_ratio": 6.14,
            "account_receivable_turnover_ratio": 1.17,
            "reinvestment_rate": 430,
            "research_to_sale_ratio": 0,
            "price_fair": 39.43,
            "eps_avg_yearly": 1.13,
            "eps_latest_yearly": 1.24,
            "eps_growth_yearly": 617.94
        },
        "20192": {
            "year_quarter": 20192,
            "year": 2019,
            "quarter": 2,
            "eps": -0.02,
            "eps_growth_year": -166.67,
            "eps_4q": 0.19,
            "eps_4q_growth_year": 512.04,
            "roe": -0.92,
            "roe_4q": 1.2000000000000002,
            "gross_profit": 19852,
            "gross_margin": 3.43,
            "gross_margin_4q_avg": 3.42,
            "net_income": -5736,
            "net_income_4q": null,
            "revenue": 578379,
            "revenue_4q": null,
            "common_shares": 686600,
            "book_valuer_per_share": 9.09,
            "book_valuer_per_share_4q_avg": 9.11,
            "equity": 621564,
            "current_ratio": 108.15,
            "debt_ratio": 55.47,
            "inventory_turnover_ratio": 3.61,
            "account_receivable_turnover_ratio": 1.04,
            "reinvestment_rate": 459.4,
            "research_to_sale_ratio": 0,
            "price_fair": 43.12,
            "eps_avg_yearly": 1.23,
            "eps_latest_yearly": 1.24,
            "eps_growth_yearly": 650.1
        },
        "20193": {
            "year_quarter": 20193,
            "year": 2019,
            "quarter": 3,
            "eps": 0.02,
            "eps_growth_year": -93.55,
            "eps_4q": -0.1,
            "eps_4q_growth_year": -132.13,
            "roe": 0.13,
            "roe_4q": -2.08,
            "gross_profit": 21340,
            "gross_margin": 3.16,
            "gross_margin_4q_avg": 3.21,
            "net_income": 792,
            "net_income_4q": null,
            "revenue": 674240,
            "revenue_4q": null,
            "common_shares": 686600,
            "book_valuer_per_share": 9.11,
            "book_valuer_per_share_4q_avg": 9.09,
            "equity": 625435,
            "current_ratio": 121.38,
            "debt_ratio": 57.61,
            "inventory_turnover_ratio": 4.36,
            "account_receivable_turnover_ratio": 1.38,
            "reinvestment_rate": 311.82,
            "research_to_sale_ratio": 0,
            "price_fair": 43.12,
            "eps_avg_yearly": 1.23,
            "eps_latest_yearly": 1.24,
            "eps_growth_yearly": 650.1
        },
        "20194": {
            "year_quarter": 20194,
            "year": 2019,
            "quarter": 4,
            "eps": -0.17,
            "eps_growth_year": null,
            "eps_4q": -0.09,
            "eps_4q_growth_year": -171.71,
            "roe": -1.89,
            "roe_4q": -1.9299999999999997,
            "gross_profit": 6501,
            "gross_margin": 2.1,
            "gross_margin_4q_avg": 3.04,
            "net_income": -11725,
            "net_income_4q": null,
            "revenue": 310066,
            "revenue_4q": null,
            "common_shares": 686600,
            "book_valuer_per_share": 8.95,
            "book_valuer_per_share_4q_avg": 9.07,
            "equity": 614507,
            "current_ratio": 132.65,
            "debt_ratio": 45.93,
            "inventory_turnover_ratio": 3.3,
            "account_receivable_turnover_ratio": 0.81,
            "reinvestment_rate": 382.16,
            "research_to_sale_ratio": 0,
            "price_fair": 43.12,
            "eps_avg_yearly": 1.23,
            "eps_latest_yearly": 1.24,
            "eps_growth_yearly": 650.1
        },
        "20201": {
            "year_quarter": 20201,
            "year": 2020,
            "quarter": 1,
            "eps": 0.01,
            "eps_growth_year": -88.89,
            "eps_4q": -0.17,
            "eps_4q_growth_year": -167.41,
            "roe": 0.12,
            "roe_4q": -2.56,
            "gross_profit": 11744,
            "gross_margin": 2.73,
            "gross_margin_4q_avg": 2.86,
            "net_income": 720,
            "net_income_4q": null,
            "revenue": 430163,
            "revenue_4q": null,
            "common_shares": 686600,
            "book_valuer_per_share": 8.96,
            "book_valuer_per_share_4q_avg": 9.03,
            "equity": 615121,
            "current_ratio": 139.92,
            "debt_ratio": 40.92,
            "inventory_turnover_ratio": 6.83,
            "account_receivable_turnover_ratio": 1.52,
            "reinvestment_rate": 379.98,
            "research_to_sale_ratio": null,
            "price_fair": 43.12,
            "eps_avg_yearly": 1.23,
            "eps_latest_yearly": 1.24,
            "eps_growth_yearly": 650.1
        },
        "20202": {
            "year_quarter": 20202,
            "year": 2020,
            "quarter": 2,
            "eps": -0.04,
            "eps_growth_year": null,
            "eps_4q": -0.19,
            "eps_4q_growth_year": -198.02,
            "roe": -0.49,
            "roe_4q": -2.13,
            "gross_profit": 16519,
            "gross_margin": 3.94,
            "gross_margin_4q_avg": 2.98,
            "net_income": -3027,
            "net_income_4q": null,
            "revenue": 418747,
            "revenue_4q": null,
            "common_shares": 686600,
            "book_valuer_per_share": 8.91,
            "book_valuer_per_share_4q_avg": 8.98,
            "equity": 611706,
            "current_ratio": 136.7,
            "debt_ratio": 42.4,
            "inventory_turnover_ratio": 8.75,
            "account_receivable_turnover_ratio": 1.28,
            "reinvestment_rate": 522.08,
            "research_to_sale_ratio": null,
            "price_fair": 43.12,
            "eps_avg_yearly": 1.23,
            "eps_latest_yearly": 1.24,
            "eps_growth_yearly": 650.1
        },
        "20203": {
            "year_quarter": 20203,
            "year": 2020,
            "quarter": 3,
            "eps": -0.12,
            "eps_growth_year": -700,
            "eps_4q": -0.32,
            "eps_4q_growth_year": null,
            "roe": -1.33,
            "roe_4q": -3.59,
            "gross_profit": 12862,
            "gross_margin": 2.34,
            "gross_margin_4q_avg": 2.78,
            "net_income": -8085,
            "net_income_4q": null,
            "revenue": 549574,
            "revenue_4q": null,
            "common_shares": 686600,
            "book_valuer_per_share": 8.79,
            "book_valuer_per_share_4q_avg": 8.9,
            "equity": 603284,
            "current_ratio": 126.72,
            "debt_ratio": 48.81,
            "inventory_turnover_ratio": 22.76,
            "account_receivable_turnover_ratio": 1.46,
            "reinvestment_rate": 3688.86,
            "research_to_sale_ratio": null,
            "price_fair": 19.25,
            "eps_avg_yearly": 0.55,
            "eps_latest_yearly": 1.24,
            "eps_growth_yearly": 729.29
        },
        "20204": {
            "year_quarter": 20204,
            "year": 2020,
            "quarter": 4,
            "eps": -0.21,
            "eps_growth_year": null,
            "eps_4q": -0.36,
            "eps_4q_growth_year": null,
            "roe": -2.41,
            "roe_4q": -4.11,
            "gross_profit": 11548,
            "gross_margin": 2.07,
            "gross_margin_4q_avg": 2.77,
            "net_income": -14325,
            "net_income_4q": null,
            "revenue": 556847,
            "revenue_4q": null,
            "common_shares": 686600,
            "book_valuer_per_share": 8.53,
            "book_valuer_per_share_4q_avg": 8.8,
            "equity": 585827,
            "current_ratio": 120.18,
            "debt_ratio": 49.95,
            "inventory_turnover_ratio": 10.55,
            "account_receivable_turnover_ratio": 1.37,
            "reinvestment_rate": null,
            "research_to_sale_ratio": null,
            "price_fair": 17.27,
            "eps_avg_yearly": 0.49,
            "eps_latest_yearly": 1.24,
            "eps_growth_yearly": 1081.48
        },
        "20211": {
            "year_quarter": 20211,
            "year": 2021,
            "quarter": 1,
            "eps": -0.17,
            "eps_growth_year": -1800,
            "eps_4q": -0.54,
            "eps_4q_growth_year": null,
            "roe": -2.04,
            "roe_4q": -6.2700000000000005,
            "gross_profit": 7165,
            "gross_margin": 5.14,
            "gross_margin_4q_avg": 3.37,
            "net_income": -11784,
            "net_income_4q": null,
            "revenue": 139403,
            "revenue_4q": null,
            "common_shares": 686600,
            "book_valuer_per_share": 8.32,
            "book_valuer_per_share_4q_avg": 8.64,
            "equity": 571068,
            "current_ratio": 124.63,
            "debt_ratio": 39.99,
            "inventory_turnover_ratio": 1.35,
            "account_receivable_turnover_ratio": 0.49,
            "reinvestment_rate": null,
            "research_to_sale_ratio": null,
            "price_fair": 22.4,
            "eps_avg_yearly": 0.64,
            "eps_latest_yearly": 1.24,
            "eps_growth_yearly": 1766.67
        },
        "20212": {
            "year_quarter": 20212,
            "year": 2021,
            "quarter": 2,
            "eps": -0.21,
            "eps_growth_year": null,
            "eps_4q": -0.7,
            "eps_4q_growth_year": null,
            "roe": -2.51,
            "roe_4q": -8.29,
            "gross_profit": -1486,
            "gross_margin": -2.42,
            "gross_margin_4q_avg": 1.78,
            "net_income": -14130,
            "net_income_4q": null,
            "revenue": 61315,
            "revenue_4q": null,
            "common_shares": 686600,
            "book_valuer_per_share": 8.09,
            "book_valuer_per_share_4q_avg": 8.43,
            "equity": 555282,
            "current_ratio": 124.79,
            "debt_ratio": 35.33,
            "inventory_turnover_ratio": 0.46,
            "account_receivable_turnover_ratio": 0.61,
            "reinvestment_rate": null,
            "research_to_sale_ratio": null,
            "price_fair": 22.4,
            "eps_avg_yearly": 0.64,
            "eps_latest_yearly": 1.24,
            "eps_growth_yearly": 1766.67
        },
        "20213": {
            "year_quarter": 20213,
            "year": 2021,
            "quarter": 3,
            "eps": 0.02,
            "eps_growth_year": null,
            "eps_4q": -0.57,
            "eps_4q_growth_year": null,
            "roe": 0.25,
            "roe_4q": -6.71,
            "gross_profit": 6974,
            "gross_margin": 10.58,
            "gross_margin_4q_avg": 3.84,
            "net_income": 1405,
            "net_income_4q": null,
            "revenue": 65914,
            "revenue_4q": null,
            "common_shares": 686600,
            "book_valuer_per_share": 8.22,
            "book_valuer_per_share_4q_avg": 8.29,
            "equity": 564185,
            "current_ratio": 123.62,
            "debt_ratio": 42.98,
            "inventory_turnover_ratio": 0.44,
            "account_receivable_turnover_ratio": 0.47,
            "reinvestment_rate": null,
            "research_to_sale_ratio": null,
            "price_fair": 22.4,
            "eps_avg_yearly": 0.64,
            "eps_latest_yearly": 1.24,
            "eps_growth_yearly": 1766.67
        },
        "20214": {
            "year_quarter": 20214,
            "year": 2021,
            "quarter": 4,
            "eps": -0.16,
            "eps_growth_year": null,
            "eps_4q": -0.52,
            "eps_4q_growth_year": null,
            "roe": -2.02,
            "roe_4q": -6.319999999999999,
            "gross_profit": -463,
            "gross_margin": -0.48,
            "gross_margin_4q_avg": 3.21,
            "net_income": -11263,
            "net_income_4q": null,
            "revenue": 96718,
            "revenue_4q": null,
            "common_shares": 686600,
            "book_valuer_per_share": 8.05,
            "book_valuer_per_share_4q_avg": 8.17,
            "equity": 552926,
            "current_ratio": 94.64,
            "debt_ratio": 45.34,
            "inventory_turnover_ratio": 1.19,
            "account_receivable_turnover_ratio": 0.46,
            "reinvestment_rate": null,
            "research_to_sale_ratio": null,
            "price_fair": 43.4,
            "eps_avg_yearly": 1.24,
            "eps_latest_yearly": 1.24,
            "eps_growth_yearly": 3733.33
        },
        "20221": {
            "year_quarter": 20221,
            "year": 2022,
            "quarter": 1,
            "eps": 0,
            "eps_growth_year": null,
            "eps_4q": -0.35,
            "eps_4q_growth_year": null,
            "roe": 0.58,
            "roe_4q": -3.6999999999999997,
            "gross_profit": 17958,
            "gross_margin": 5.31,
            "gross_margin_4q_avg": 3.25,
            "net_income": 3962,
            "net_income_4q": null,
            "revenue": 338320,
            "revenue_4q": null,
            "common_shares": 686600,
            "book_valuer_per_share": 8.06,
            "book_valuer_per_share_4q_avg": 8.11,
            "equity": 810266,
            "current_ratio": 136.51,
            "debt_ratio": 45.73,
            "inventory_turnover_ratio": 3.49,
            "account_receivable_turnover_ratio": 1.24,
            "reinvestment_rate": null,
            "research_to_sale_ratio": null,
            "price_fair": 43.4,
            "eps_avg_yearly": 1.24,
            "eps_latest_yearly": 1.24,
            "eps_growth_yearly": 3733.33
        },
        "20222": {
            "year_quarter": 20222,
            "year": 2022,
            "quarter": 2,
            "eps": -0.02,
            "eps_growth_year": null,
            "eps_4q": -0.17,
            "eps_4q_growth_year": null,
            "roe": 0.39,
            "roe_4q": -0.8,
            "gross_profit": 20486,
            "gross_margin": 7.72,
            "gross_margin_4q_avg": 5.78,
            "net_income": 2969,
            "net_income_4q": null,
            "revenue": 265362,
            "revenue_4q": null,
            "common_shares": 686600,
            "book_valuer_per_share": 7.94,
            "book_valuer_per_share_4q_avg": 8.07,
            "equity": 711041,
            "current_ratio": 147.76,
            "debt_ratio": 48.85,
            "inventory_turnover_ratio": 2.16,
            "account_receivable_turnover_ratio": 0.69,
            "reinvestment_rate": null,
            "research_to_sale_ratio": null,
            "price_fair": 43.4,
            "eps_avg_yearly": 1.24,
            "eps_latest_yearly": 1.24,
            "eps_growth_yearly": 3733.33
        },
        "20223": {
            "year_quarter": 20223,
            "year": 2022,
            "quarter": 3,
            "eps": 0.1,
            "eps_growth_year": 400,
            "eps_4q": -0.07,
            "eps_4q_growth_year": null,
            "roe": 1.55,
            "roe_4q": 0.5,
            "gross_profit": 14584,
            "gross_margin": 6.11,
            "gross_margin_4q_avg": 4.67,
            "net_income": 12433,
            "net_income_4q": null,
            "revenue": 238586,
            "revenue_4q": null,
            "common_shares": 766600,
            "book_valuer_per_share": 9.48,
            "book_valuer_per_share_4q_avg": 8.38,
            "equity": 897776,
            "current_ratio": 194.64,
            "debt_ratio": 37.64,
            "inventory_turnover_ratio": 1.93,
            "account_receivable_turnover_ratio": 0.55,
            "reinvestment_rate": null,
            "research_to_sale_ratio": 0.47,
            "price_fair": 0,
            "eps_avg_yearly": 0,
            "eps_latest_yearly": 0,
            "eps_growth_yearly": 0
        },
        "20224": {
            "year_quarter": 20224,
            "year": 2022,
            "quarter": 4,
            "eps": -0.33,
            "eps_growth_year": null,
            "eps_4q": -0.26,
            "eps_4q_growth_year": null,
            "roe": -3.04,
            "roe_4q": -0.5200000000000001,
            "gross_profit": 1920,
            "gross_margin": 1.1,
            "gross_margin_4q_avg": 5.06,
            "net_income": -27219,
            "net_income_4q": null,
            "revenue": 175183,
            "revenue_4q": null,
            "common_shares": 807659,
            "book_valuer_per_share": 10.59,
            "book_valuer_per_share_4q_avg": 9.02,
            "equity": 895795,
            "current_ratio": 150.92,
            "debt_ratio": 39.15,
            "inventory_turnover_ratio": 1.66,
            "account_receivable_turnover_ratio": 0.47,
            "reinvestment_rate": null,
            "research_to_sale_ratio": 0.66,
            "price_fair": 0,
            "eps_avg_yearly": 0,
            "eps_latest_yearly": 0,
            "eps_growth_yearly": 0
        },
        "20231": {
            "year_quarter": 20231,
            "year": 2023,
            "quarter": 1,
            "eps": -0.14,
            "eps_growth_year": null,
            "eps_4q": -0.4,
            "eps_4q_growth_year": null,
            "roe": -1.31,
            "roe_4q": -2.4099999999999997,
            "gross_profit": 10021,
            "gross_margin": 7.19,
            "gross_margin_4q_avg": 5.53,
            "net_income": -11624,
            "net_income_4q": null,
            "revenue": 139382,
            "revenue_4q": null,
            "common_shares": 807659,
            "book_valuer_per_share": 10.43,
            "book_valuer_per_share_4q_avg": 9.61,
            "equity": 882875,
            "current_ratio": 148.59,
            "debt_ratio": 37.19,
            "inventory_turnover_ratio": 1.35,
            "account_receivable_turnover_ratio": 0.52,
            "reinvestment_rate": null,
            "research_to_sale_ratio": 1.08,
            "price_fair": 0,
            "eps_avg_yearly": 0,
            "eps_latest_yearly": 0,
            "eps_growth_yearly": 0
        },
        "20232": {
            "year_quarter": 20232,
            "year": 2023,
            "quarter": 2,
            "eps": 0,
            "eps_growth_year": null,
            "eps_4q": -0.39,
            "eps_4q_growth_year": null,
            "roe": 0.01,
            "roe_4q": -2.79,
            "gross_profit": 15750,
            "gross_margin": 9.17,
            "gross_margin_4q_avg": 5.89,
            "net_income": 135,
            "net_income_4q": null,
            "revenue": 171793,
            "revenue_4q": null,
            "common_shares": 807659,
            "book_valuer_per_share": 11.04,
            "book_valuer_per_share_4q_avg": 10.39,
            "equity": 935591,
            "current_ratio": 142.51,
            "debt_ratio": 35.89,
            "inventory_turnover_ratio": 1.33,
            "account_receivable_turnover_ratio": 0.72,
            "reinvestment_rate": null,
            "research_to_sale_ratio": 0.86,
            "price_fair": 0,
            "eps_avg_yearly": 0,
            "eps_latest_yearly": 0,
            "eps_growth_yearly": 0
        },
        "20233": {
            "year_quarter": 20233,
            "year": 2023,
            "quarter": 3,
            "eps": 0.01,
            "eps_growth_year": -90,
            "eps_4q": -0.47,
            "eps_4q_growth_year": null,
            "roe": 0.19,
            "roe_4q": -4.15,
            "gross_profit": 21355,
            "gross_margin": 9.4,
            "gross_margin_4q_avg": 6.72,
            "net_income": 1707,
            "net_income_4q": null,
            "revenue": 227215,
            "revenue_4q": null,
            "common_shares": 807659,
            "book_valuer_per_share": 10.96,
            "book_valuer_per_share_4q_avg": 10.76,
            "equity": 907999,
            "current_ratio": 144.12,
            "debt_ratio": 35,
            "inventory_turnover_ratio": 1.92,
            "account_receivable_turnover_ratio": 0.86,
            "reinvestment_rate": null,
            "research_to_sale_ratio": 0.57,
            "price_fair": 0,
            "eps_avg_yearly": 0,
            "eps_latest_yearly": 0,
            "eps_growth_yearly": 0
        }
    },
    "months": {
        "2003-10": {
            "month": "2003-10",
            "price": "17.25",
            "revenue": 216401
        },
        "2004-01": {
            "month": "2004-01",
            "price": "20.05",
            "revenue": 151960
        },
        "2004-02": {
            "month": "2004-02",
            "price": "21.98",
            "revenue": 202722
        },
        "2004-03": {
            "month": "2004-03",
            "price": "24.20",
            "revenue": 252570
        },
        "2004-04": {
            "month": "2004-04",
            "price": "24.92",
            "revenue": 230125
        },
        "2004-05": {
            "month": "2004-05",
            "price": "21.94",
            "revenue": 215636
        },
        "2004-06": {
            "month": "2004-06",
            "price": "20.06",
            "revenue": 195013
        },
        "2004-07": {
            "month": "2004-07",
            "price": "20.33",
            "revenue": 197722
        },
        "2004-08": {
            "month": "2004-08",
            "price": "18.62",
            "revenue": 160446
        },
        "2004-09": {
            "month": "2004-09",
            "price": "15.64",
            "revenue": 270813
        },
        "2004-10": {
            "month": "2004-10",
            "price": "11.82",
            "revenue": 247071
        },
        "2004-11": {
            "month": "2004-11",
            "price": "10.02",
            "revenue": 254726
        },
        "2004-12": {
            "month": "2004-12",
            "price": "7.65",
            "revenue": 166017
        },
        "2005-01": {
            "month": "2005-01",
            "price": "6.93",
            "revenue": 294929
        },
        "2005-02": {
            "month": "2005-02",
            "price": "7.82",
            "revenue": 153689
        },
        "2005-03": {
            "month": "2005-03",
            "price": "9.81",
            "revenue": 244932
        },
        "2005-04": {
            "month": "2005-04",
            "price": "8.04",
            "revenue": 249229
        },
        "2005-05": {
            "month": "2005-05",
            "price": "6.28",
            "revenue": 230080
        },
        "2005-06": {
            "month": "2005-06",
            "price": "6.76",
            "revenue": 262319
        },
        "2005-07": {
            "month": "2005-07",
            "price": "7.69",
            "revenue": 225059
        },
        "2005-08": {
            "month": "2005-08",
            "price": "7.49",
            "revenue": 220278
        },
        "2005-09": {
            "month": "2005-09",
            "price": "6.20",
            "revenue": 235324
        },
        "2005-10": {
            "month": "2005-10",
            "price": "5.03",
            "revenue": 229229
        },
        "2005-11": {
            "month": "2005-11",
            "price": "4.32",
            "revenue": 222733
        },
        "2005-12": {
            "month": "2005-12",
            "price": "4.84",
            "revenue": 283812
        },
        "2006-01": {
            "month": "2006-01",
            "price": "6.66",
            "revenue": 336798
        },
        "2006-02": {
            "month": "2006-02",
            "price": "6.96",
            "revenue": 150693
        },
        "2006-03": {
            "month": "2006-03",
            "price": "6.26",
            "revenue": 273701
        },
        "2006-04": {
            "month": "2006-04",
            "price": "11.35",
            "revenue": 332081
        },
        "2006-05": {
            "month": "2006-05",
            "price": "22.46",
            "revenue": 418661
        },
        "2006-06": {
            "month": "2006-06",
            "price": "21.00",
            "revenue": 252783
        },
        "2006-07": {
            "month": "2006-07",
            "price": "24.40",
            "revenue": 318326
        },
        "2006-08": {
            "month": "2006-08",
            "price": "23.50",
            "revenue": 241585
        },
        "2006-09": {
            "month": "2006-09",
            "price": "28.25",
            "revenue": 264661
        },
        "2006-10": {
            "month": "2006-10",
            "price": "30.21",
            "revenue": 215315
        },
        "2006-11": {
            "month": "2006-11",
            "price": "61.57",
            "revenue": 196932
        },
        "2006-12": {
            "month": "2006-12",
            "price": "134.98",
            "revenue": 227183
        },
        "2007-01": {
            "month": "2007-01",
            "price": "139.36",
            "revenue": 263383
        },
        "2007-02": {
            "month": "2007-02",
            "price": "107.12",
            "revenue": 194773
        },
        "2007-03": {
            "month": "2007-03",
            "price": "84.66",
            "revenue": 344597
        },
        "2007-04": {
            "month": "2007-04",
            "price": "79.48",
            "revenue": 214028
        },
        "2007-05": {
            "month": "2007-05",
            "price": "70.34",
            "revenue": 320776
        },
        "2007-06": {
            "month": "2007-06",
            "price": "105.88",
            "revenue": 290491
        },
        "2007-07": {
            "month": "2007-07",
            "price": "133.27",
            "revenue": 249000
        },
        "2007-08": {
            "month": "2007-08",
            "price": "94.49",
            "revenue": 317362
        },
        "2007-09": {
            "month": "2007-09",
            "price": "86.18",
            "revenue": 270576
        },
        "2007-10": {
            "month": "2007-10",
            "price": "87.80",
            "revenue": 327324
        },
        "2007-11": {
            "month": "2007-11",
            "price": "76.98",
            "revenue": 257536
        },
        "2007-12": {
            "month": "2007-12",
            "price": "71.84",
            "revenue": 355730
        },
        "2008-01": {
            "month": "2008-01",
            "price": "55.31",
            "revenue": 169629
        },
        "2008-02": {
            "month": "2008-02",
            "price": "49.88",
            "revenue": 138348
        },
        "2008-03": {
            "month": "2008-03",
            "price": "69.48",
            "revenue": 175041
        },
        "2008-04": {
            "month": "2008-04",
            "price": "74.14",
            "revenue": 170294
        },
        "2008-05": {
            "month": "2008-05",
            "price": "68.62",
            "revenue": 160987
        },
        "2008-06": {
            "month": "2008-06",
            "price": "59.47",
            "revenue": 116336
        },
        "2008-07": {
            "month": "2008-07",
            "price": "47.08",
            "revenue": 139882
        },
        "2008-08": {
            "month": "2008-08",
            "price": "45.18",
            "revenue": 137392
        },
        "2008-09": {
            "month": "2008-09",
            "price": "34.47",
            "revenue": 142607
        },
        "2008-10": {
            "month": "2008-10",
            "price": "30.36",
            "revenue": 117501
        },
        "2008-11": {
            "month": "2008-11",
            "price": "23.00",
            "revenue": 105440
        },
        "2008-12": {
            "month": "2008-12",
            "price": "22.86",
            "revenue": 111909
        },
        "2009-01": {
            "month": "2009-01",
            "price": "25.59",
            "revenue": 90882
        },
        "2009-02": {
            "month": "2009-02",
            "price": "26.31",
            "revenue": 93356
        },
        "2009-03": {
            "month": "2009-03",
            "price": "31.01",
            "revenue": 92166
        },
        "2009-04": {
            "month": "2009-04",
            "price": "51.67",
            "revenue": 106319
        },
        "2009-05": {
            "month": "2009-05",
            "price": "64.70",
            "revenue": 93200
        },
        "2009-06": {
            "month": "2009-06",
            "price": "50.47",
            "revenue": 99421
        },
        "2009-07": {
            "month": "2009-07",
            "price": "56.26",
            "revenue": 125670
        },
        "2009-08": {
            "month": "2009-08",
            "price": "56.76",
            "revenue": 142587
        },
        "2009-09": {
            "month": "2009-09",
            "price": "55.88",
            "revenue": 106324
        },
        "2009-10": {
            "month": "2009-10",
            "price": "58.65",
            "revenue": 85663
        },
        "2009-11": {
            "month": "2009-11",
            "price": "56.75",
            "revenue": 98360
        },
        "2009-12": {
            "month": "2009-12",
            "price": "58.93",
            "revenue": 80556
        },
        "2010-01": {
            "month": "2010-01",
            "price": "58.89",
            "revenue": 91944
        },
        "2010-02": {
            "month": "2010-02",
            "price": "49.18",
            "revenue": 101807
        },
        "2010-03": {
            "month": "2010-03",
            "price": "51.98",
            "revenue": 128016
        },
        "2010-04": {
            "month": "2010-04",
            "price": "58.79",
            "revenue": 148409
        },
        "2010-05": {
            "month": "2010-05",
            "price": "54.00",
            "revenue": 111315
        },
        "2010-06": {
            "month": "2010-06",
            "price": "52.58",
            "revenue": 133353
        },
        "2010-07": {
            "month": "2010-07",
            "price": "52.76",
            "revenue": 134878
        },
        "2010-08": {
            "month": "2010-08",
            "price": "60.60",
            "revenue": 134921
        },
        "2010-09": {
            "month": "2010-09",
            "price": "55.54",
            "revenue": 137053
        },
        "2010-10": {
            "month": "2010-10",
            "price": "55.44",
            "revenue": 120382
        },
        "2010-11": {
            "month": "2010-11",
            "price": "53.60",
            "revenue": 137761
        },
        "2010-12": {
            "month": "2010-12",
            "price": "56.81",
            "revenue": 105856
        },
        "2011-01": {
            "month": "2011-01",
            "price": "54.28",
            "revenue": 174703
        },
        "2011-02": {
            "month": "2011-02",
            "price": "54.54",
            "revenue": 104233
        },
        "2011-03": {
            "month": "2011-03",
            "price": "55.92",
            "revenue": 190368
        },
        "2011-04": {
            "month": "2011-04",
            "price": "55.12",
            "revenue": 137138
        },
        "2011-05": {
            "month": "2011-05",
            "price": "54.74",
            "revenue": 146263
        },
        "2011-06": {
            "month": "2011-06",
            "price": "50.75",
            "revenue": 135613
        },
        "2011-07": {
            "month": "2011-07",
            "price": "43.67",
            "revenue": 108378
        },
        "2011-08": {
            "month": "2011-08",
            "price": "35.26",
            "revenue": 117414
        },
        "2011-09": {
            "month": "2011-09",
            "price": "31.76",
            "revenue": 84207
        },
        "2011-10": {
            "month": "2011-10",
            "price": "29.94",
            "revenue": 82101
        },
        "2011-11": {
            "month": "2011-11",
            "price": "25.14",
            "revenue": 95149
        },
        "2011-12": {
            "month": "2011-12",
            "price": "19.27",
            "revenue": 76564
        },
        "2012-01": {
            "month": "2012-01",
            "price": "19.40",
            "revenue": 76413
        },
        "2012-02": {
            "month": "2012-02",
            "price": "30.18",
            "revenue": 95475
        },
        "2012-03": {
            "month": "2012-03",
            "price": "41.12",
            "revenue": 124643
        },
        "2012-04": {
            "month": "2012-04",
            "price": "18.04",
            "revenue": 66523
        },
        "2012-05": {
            "month": "2012-05",
            "price": "10.28",
            "revenue": 119192
        },
        "2012-06": {
            "month": "2012-06",
            "price": "11.28",
            "revenue": 86956
        },
        "2012-07": {
            "month": "2012-07",
            "price": "13.88",
            "revenue": 91626
        },
        "2012-08": {
            "month": "2012-08",
            "price": "13.74",
            "revenue": 97942
        },
        "2012-09": {
            "month": "2012-09",
            "price": "11.19",
            "revenue": 107586
        },
        "2012-10": {
            "month": "2012-10",
            "price": "8.94",
            "revenue": 111269
        },
        "2012-11": {
            "month": "2012-11",
            "price": "7.83",
            "revenue": 93724
        },
        "2012-12": {
            "month": "2012-12",
            "price": "8.29",
            "revenue": 62232
        },
        "2013-01": {
            "month": "2013-01",
            "price": "7.88",
            "revenue": 116918
        },
        "2013-02": {
            "month": "2013-02",
            "price": "8.11",
            "revenue": 63111
        },
        "2013-03": {
            "month": "2013-03",
            "price": "7.29",
            "revenue": 76899
        },
        "2013-04": {
            "month": "2013-04",
            "price": "6.81",
            "revenue": 88004
        },
        "2013-05": {
            "month": "2013-05",
            "price": "7.42",
            "revenue": 86480
        },
        "2013-06": {
            "month": "2013-06",
            "price": "7.89",
            "revenue": 106659
        },
        "2013-07": {
            "month": "2013-07",
            "price": "7.05",
            "revenue": 116107
        },
        "2013-08": {
            "month": "2013-08",
            "price": "6.26",
            "revenue": 119649
        },
        "2013-09": {
            "month": "2013-09",
            "price": "5.88",
            "revenue": 94849
        },
        "2013-10": {
            "month": "2013-10",
            "price": "6.20",
            "revenue": 123349
        },
        "2013-11": {
            "month": "2013-11",
            "price": "6.01",
            "revenue": 130618
        },
        "2013-12": {
            "month": "2013-12",
            "price": "5.59",
            "revenue": 117048
        },
        "2014-01": {
            "month": "2014-01",
            "price": "6.44",
            "revenue": 134591
        },
        "2014-02": {
            "month": "2014-02",
            "price": "7.12",
            "revenue": 101580
        },
        "2014-03": {
            "month": "2014-03",
            "price": "7.42",
            "revenue": 127090
        },
        "2014-04": {
            "month": "2014-04",
            "price": "7.98",
            "revenue": 187206
        },
        "2014-05": {
            "month": "2014-05",
            "price": "9.30",
            "revenue": 163002
        },
        "2014-06": {
            "month": "2014-06",
            "price": "9.25",
            "revenue": 124326
        },
        "2014-07": {
            "month": "2014-07",
            "price": "10.33",
            "revenue": 142053
        },
        "2014-08": {
            "month": "2014-08",
            "price": "8.72",
            "revenue": 138849
        },
        "2014-09": {
            "month": "2014-09",
            "price": "8.33",
            "revenue": 145011
        },
        "2014-10": {
            "month": "2014-10",
            "price": "7.34",
            "revenue": 105190
        },
        "2014-11": {
            "month": "2014-11",
            "price": "7.11",
            "revenue": 85406
        },
        "2014-12": {
            "month": "2014-12",
            "price": "6.53",
            "revenue": 132643
        },
        "2015-01": {
            "month": "2015-01",
            "price": "7.38",
            "revenue": 152843
        },
        "2015-02": {
            "month": "2015-02",
            "price": "10.63",
            "revenue": 77960
        },
        "2015-03": {
            "month": "2015-03",
            "price": "14.72",
            "revenue": 164267
        },
        "2015-04": {
            "month": "2015-04",
            "price": "12.71",
            "revenue": 90671
        },
        "2015-05": {
            "month": "2015-05",
            "price": "9.64",
            "revenue": 187680
        },
        "2015-06": {
            "month": "2015-06",
            "price": "13.12",
            "revenue": 98369
        },
        "2015-07": {
            "month": "2015-07",
            "price": "15.99",
            "revenue": 153033
        },
        "2015-08": {
            "month": "2015-08",
            "price": "13.89",
            "revenue": 115626
        },
        "2015-09": {
            "month": "2015-09",
            "price": "14.24",
            "revenue": 127458
        },
        "2015-10": {
            "month": "2015-10",
            "price": "15.58",
            "revenue": 115179
        },
        "2015-11": {
            "month": "2015-11",
            "price": "15.54",
            "revenue": 123966
        },
        "2015-12": {
            "month": "2015-12",
            "price": "14.07",
            "revenue": 100915
        },
        "2016-01": {
            "month": "2016-01",
            "price": "13.75",
            "revenue": 100668
        },
        "2016-02": {
            "month": "2016-02",
            "price": "12.88",
            "revenue": 76787
        },
        "2016-03": {
            "month": "2016-03",
            "price": "12.60",
            "revenue": 137066
        },
        "2016-04": {
            "month": "2016-04",
            "price": "11.77",
            "revenue": 152745
        },
        "2016-05": {
            "month": "2016-05",
            "price": "10.97",
            "revenue": 214574
        },
        "2016-06": {
            "month": "2016-06",
            "price": "12.54",
            "revenue": 198739
        },
        "2016-07": {
            "month": "2016-07",
            "price": "14.70",
            "revenue": 220182
        },
        "2016-08": {
            "month": "2016-08",
            "price": "18.26",
            "revenue": 275031
        },
        "2016-09": {
            "month": "2016-09",
            "price": "20.19",
            "revenue": 214143
        },
        "2016-10": {
            "month": "2016-10",
            "price": "24.28",
            "revenue": 154272
        },
        "2016-11": {
            "month": "2016-11",
            "price": "33.12",
            "revenue": 168032
        },
        "2016-12": {
            "month": "2016-12",
            "price": "36.54",
            "revenue": 234951
        },
        "2017-01": {
            "month": "2017-01",
            "price": "36.29",
            "revenue": 178890
        },
        "2017-02": {
            "month": "2017-02",
            "price": "39.34",
            "revenue": 221475
        },
        "2017-03": {
            "month": "2017-03",
            "price": "35.16",
            "revenue": 311446
        },
        "2017-04": {
            "month": "2017-04",
            "price": "33.49",
            "revenue": 228885
        },
        "2017-05": {
            "month": "2017-05",
            "price": "32.23",
            "revenue": 178941
        },
        "2017-06": {
            "month": "2017-06",
            "price": "32.72",
            "revenue": 285974
        },
        "2017-07": {
            "month": "2017-07",
            "price": "35.81",
            "revenue": 284768
        },
        "2017-08": {
            "month": "2017-08",
            "price": "32.98",
            "revenue": 360278
        },
        "2017-09": {
            "month": "2017-09",
            "price": "31.36",
            "revenue": 466817
        },
        "2017-10": {
            "month": "2017-10",
            "price": "31.01",
            "revenue": 449568
        },
        "2017-11": {
            "month": "2017-11",
            "price": "30.11",
            "revenue": 173814
        },
        "2017-12": {
            "month": "2017-12",
            "price": "24.24",
            "revenue": 275686
        },
        "2018-01": {
            "month": "2018-01",
            "price": "23.28",
            "revenue": 345739
        },
        "2018-02": {
            "month": "2018-02",
            "price": "25.47",
            "revenue": 229404
        },
        "2018-03": {
            "month": "2018-03",
            "price": "27.30",
            "revenue": 273029
        },
        "2018-04": {
            "month": "2018-04",
            "price": "25.50",
            "revenue": 264683
        },
        "2018-05": {
            "month": "2018-05",
            "price": "23.25",
            "revenue": 263007
        },
        "2018-06": {
            "month": "2018-06",
            "price": "22.87",
            "revenue": 254070
        },
        "2018-07": {
            "month": "2018-07",
            "price": "22.25",
            "revenue": 299504
        },
        "2018-08": {
            "month": "2018-08",
            "price": "20.13",
            "revenue": 508213
        },
        "2018-09": {
            "month": "2018-09",
            "price": "19.11",
            "revenue": 294518
        },
        "2018-10": {
            "month": "2018-10",
            "price": "18.75",
            "revenue": 344128
        },
        "2018-11": {
            "month": "2018-11",
            "price": "16.79",
            "revenue": 339290
        },
        "2018-12": {
            "month": "2018-12",
            "price": "16.61",
            "revenue": 168990
        },
        "2019-01": {
            "month": "2019-01",
            "price": "15.66",
            "revenue": 271800
        },
        "2019-02": {
            "month": "2019-02",
            "price": "15.43",
            "revenue": 214345
        },
        "2019-03": {
            "month": "2019-03",
            "price": "17.10",
            "revenue": 260104
        },
        "2019-04": {
            "month": "2019-04",
            "price": "19.66",
            "revenue": 169389
        },
        "2019-05": {
            "month": "2019-05",
            "price": "16.66",
            "revenue": 228516
        },
        "2019-06": {
            "month": "2019-06",
            "price": "16.18",
            "revenue": 178540
        },
        "2019-07": {
            "month": "2019-07",
            "price": "16.12",
            "revenue": 250941
        },
        "2019-08": {
            "month": "2019-08",
            "price": "18.34",
            "revenue": 258173
        },
        "2019-09": {
            "month": "2019-09",
            "price": "26.06",
            "revenue": 168199
        },
        "2019-10": {
            "month": "2019-10",
            "price": "32.79",
            "revenue": 141725
        },
        "2019-11": {
            "month": "2019-11",
            "price": "33.66",
            "revenue": 172099
        },
        "2019-12": {
            "month": "2019-12",
            "price": "34.20",
            "revenue": 187510
        },
        "2020-01": {
            "month": "2020-01",
            "price": "32.61",
            "revenue": 163302
        },
        "2020-02": {
            "month": "2020-02",
            "price": "38.22",
            "revenue": 138127
        },
        "2020-03": {
            "month": "2020-03",
            "price": "34.61",
            "revenue": 110287
        },
        "2020-04": {
            "month": "2020-04",
            "price": "25.77",
            "revenue": 136886
        },
        "2020-05": {
            "month": "2020-05",
            "price": "24.69",
            "revenue": 155124
        },
        "2020-06": {
            "month": "2020-06",
            "price": "25.85",
            "revenue": 135751
        },
        "2020-07": {
            "month": "2020-07",
            "price": "26.02",
            "revenue": 195185
        },
        "2020-08": {
            "month": "2020-08",
            "price": "27.89",
            "revenue": 185300
        },
        "2020-09": {
            "month": "2020-09",
            "price": "29.64",
            "revenue": 169953
        },
        "2020-10": {
            "month": "2020-10",
            "price": "29.17",
            "revenue": 169853
        },
        "2020-11": {
            "month": "2020-11",
            "price": "29.24",
            "revenue": 169892
        },
        "2020-12": {
            "month": "2020-12",
            "price": "29.23",
            "revenue": 222258
        },
        "2021-01": {
            "month": "2021-01",
            "price": "25.44",
            "revenue": 79574
        },
        "2021-02": {
            "month": "2021-02",
            "price": "23.86",
            "revenue": 32576
        },
        "2021-03": {
            "month": "2021-03",
            "price": "24.70",
            "revenue": 33736
        },
        "2021-04": {
            "month": "2021-04",
            "price": "23.30",
            "revenue": 17533
        },
        "2021-05": {
            "month": "2021-05",
            "price": "21.18",
            "revenue": 26535
        },
        "2021-06": {
            "month": "2021-06",
            "price": "21.09",
            "revenue": 11796
        },
        "2021-07": {
            "month": "2021-07",
            "price": "20.85",
            "revenue": 21376
        },
        "2021-08": {
            "month": "2021-08",
            "price": "19.92",
            "revenue": 29270
        },
        "2021-09": {
            "month": "2021-09",
            "price": "19.37",
            "revenue": 19291
        },
        "2021-10": {
            "month": "2021-10",
            "price": "24.14",
            "revenue": 33286
        },
        "2021-11": {
            "month": "2021-11",
            "price": "27.00",
            "revenue": 20675
        },
        "2021-12": {
            "month": "2021-12",
            "price": "37.65",
            "revenue": 40995
        },
        "2022-01": {
            "month": "2022-01",
            "price": "33.00",
            "revenue": 127234
        },
        "2022-02": {
            "month": "2022-02",
            "price": "34.29",
            "revenue": 62437
        },
        "2022-03": {
            "month": "2022-03",
            "price": "32.46",
            "revenue": 144234
        },
        "2022-04": {
            "month": "2022-04",
            "price": "30.11",
            "revenue": 78931
        },
        "2022-05": {
            "month": "2022-05",
            "price": "29.22",
            "revenue": 47050
        },
        "2022-06": {
            "month": "2022-06",
            "price": "35.12",
            "revenue": 137774
        },
        "2022-07": {
            "month": "2022-07",
            "price": "28.85",
            "revenue": 43654
        },
        "2022-08": {
            "month": "2022-08",
            "price": "29.38",
            "revenue": 65925
        },
        "2022-09": {
            "month": "2022-09",
            "price": "26.81",
            "revenue": 128912
        },
        "2022-10": {
            "month": "2022-10",
            "price": "23.38",
            "revenue": 43019
        },
        "2022-11": {
            "month": "2022-11",
            "price": "24.66",
            "revenue": 65655
        },
        "2022-12": {
            "month": "2022-12",
            "price": "25.13",
            "revenue": 106702
        },
        "2023-01": {
            "month": "2023-01",
            "price": "24.99",
            "revenue": 24395
        },
        "2023-02": {
            "month": "2023-02",
            "price": "24.84",
            "revenue": 27554
        },
        "2023-03": {
            "month": "2023-03",
            "price": "24.57",
            "revenue": 87710
        },
        "2023-04": {
            "month": "2023-04",
            "price": "28.39",
            "revenue": 44517
        },
        "2023-05": {
            "month": "2023-05",
            "price": "29.59",
            "revenue": 66526
        },
        "2023-06": {
            "month": "2023-06",
            "price": "29.27",
            "revenue": 89011
        },
        "2023-07": {
            "month": "2023-07",
            "price": "28.37",
            "revenue": 59980
        },
        "2023-08": {
            "month": "2023-08",
            "price": "28.25",
            "revenue": 62694
        },
        "2023-09": {
            "month": "2023-09",
            "price": "39.94",
            "revenue": 69542
        },
        "2023-10": {
            "month": "2023-10",
            "price": "35.06",
            "revenue": 47922
        },
        "2023-11": {
            "month": "2023-11",
            "price": "35.29",
            "revenue": 68005
        },
        "2023-12": {
            "month": "2023-12",
            "price": "41.07",
            "revenue": 55021
        }
    }
}
