{
    "summary": {
        "stock_name": "元太",
        "stock_id": "8069",
        "category": "光電",
        "main_business": "電子紙顯示器",
        "website_url": "http://www.eink.com",
        "ceo": "甘豐源",
        "pe_ratio": 35,
        "report_year_from": 2001,
        "report_year_to": 2023,
        "age": 23,
        "eps_negative_percentage": 24,
        "eps_growth_avg": {
            "last_all": 22.69,
            "last_2y": 37.78,
            "last_4y": 29.42,
            "last_8y": 42.3,
            "last_12y": 30.94,
            "last_16y": 26.18,
            "last_20y": null,
            "at_2006_last_3y": null,
            "at_2007_last_3y": 33.33,
            "at_2008_last_3y": -33.33,
            "at_2009_last_3y": 0,
            "at_2010_last_3y": 0,
            "at_2011_last_3y": -20.18,
            "at_2012_last_3y": -20.18,
            "at_2013_last_3y": -20.18,
            "at_2014_last_3y": -20.18,
            "at_2015_last_3y": 0,
            "at_2016_last_3y": 100,
            "at_2017_last_3y": 69.4,
            "at_2018_last_3y": 58.4,
            "at_2019_last_3y": 37.71,
            "at_2020_last_3y": 16.84,
            "at_2021_last_3y": 25.6,
            "at_2022_last_3y": 42.1,
            "at_2023_last_3y": 32.47,
            "at_2024_last_3y": 32.47,
            "at_2006_last_all": 0,
            "at_2007_last_all": 33.33,
            "at_2008_last_all": 0,
            "at_2009_last_all": 0,
            "at_2010_last_all": 0,
            "at_2011_last_all": 11.93,
            "at_2012_last_all": -6.73,
            "at_2013_last_all": -6.73,
            "at_2014_last_all": -6.73,
            "at_2015_last_all": 8.52,
            "at_2016_last_all": 19.95,
            "at_2017_last_all": 18.65,
            "at_2018_last_all": 19.32,
            "at_2019_last_all": 19.13,
            "at_2020_last_all": 18.92,
            "at_2021_last_all": 20.79,
            "at_2022_last_all": 25.83,
            "at_2023_last_all": 22.69,
            "at_2024_last_all": 22.69
        },
        "latest_eps": 6.8,
        "latest_price": 241,
        "latest_roe": 16.77,
        "latest_gross_margin": 56.27,
        "latest_equity": 49548472,
        "latest_revenue": 5832724,
        "latest_gross_profit": 3281871,
        "latest_net_income": 1251892,
        "latest_debt_ratio": 33.45,
        "latest_current_ratio": 155.66,
        "latest_account_receivable_turnover_ratio": 2,
        "latest_inventory_turnover_ratio": 0.91,
        "latest_reinvestment_rate": 33.82,
        "latest_research_to_sale_ratio": 16.15
    },
    "eps_dividends": {
        "2001": {
            "cash": 0,
            "stock": 0,
            "eps": 0
        },
        "2002": {
            "cash": 0,
            "stock": 0,
            "eps": 0
        },
        "2003": {
            "cash": 0,
            "stock": 0,
            "eps": 1.33
        },
        "2004": {
            "cash": 0,
            "stock": 0.06,
            "eps": 4.43
        },
        "2005": {
            "cash": 0.3,
            "stock": 2.7,
            "eps": -0.48
        },
        "2006": {
            "cash": 0,
            "stock": 0,
            "eps": 0.37
        },
        "2007": {
            "cash": 0.05,
            "stock": 0.39,
            "eps": 2.15
        },
        "2008": {
            "cash": 0.34,
            "stock": 1.36,
            "eps": -1.2
        },
        "2009": {
            "cash": 0,
            "stock": 0,
            "eps": -1.53
        },
        "2010": {
            "cash": 0,
            "stock": 0,
            "eps": 3.79
        },
        "2011": {
            "cash": 2.66,
            "stock": 0,
            "eps": 6.05
        },
        "2012": {
            "cash": 3,
            "stock": 0,
            "eps": -0.7
        },
        "2013": {
            "cash": 0,
            "stock": 0,
            "eps": -0.05
        },
        "2014": {
            "cash": 0,
            "stock": 0,
            "eps": 0.01
        },
        "2015": {
            "cash": 0,
            "stock": 0,
            "eps": 0.47
        },
        "2016": {
            "cash": 0.47,
            "stock": 0,
            "eps": 1.71
        },
        "2017": {
            "cash": 1.5,
            "stock": 0,
            "eps": 1.85
        },
        "2018": {
            "cash": 1.65,
            "stock": 0,
            "eps": 2.32
        },
        "2019": {
            "cash": 2.1,
            "stock": 0,
            "eps": 2.72
        },
        "2020": {
            "cash": 2,
            "stock": 0,
            "eps": 3.17
        },
        "2021": {
            "cash": 2.7,
            "stock": 0,
            "eps": 4.54
        },
        "2022": {
            "cash": 3.2,
            "stock": 0,
            "eps": 8.69
        },
        "2023": {
            "cash": 4.5,
            "stock": 0,
            "eps": 6.84
        },
        "2024": {
            "cash": 4.5,
            "stock": 0,
            "eps": 0
        }
    },
    "dividends": {
        "2004-04-12": {
            "cash": 0,
            "stock": 0.06
        },
        "2005-03-29": {
            "cash": 0.3,
            "stock": 2.7
        },
        "2007-03-26": {
            "cash": 0.05,
            "stock": 0.39
        },
        "2008-03-24": {
            "cash": 0.34,
            "stock": 1.36
        },
        "2011-05-03": {
            "cash": 2.66,
            "stock": 0
        },
        "2012-06-18": {
            "cash": 3,
            "stock": 0
        },
        "2016-09-28": {
            "cash": 0.47,
            "stock": 0
        },
        "2017-10-03": {
            "cash": 1.5,
            "stock": 0
        },
        "2018-10-04": {
            "cash": 1.65,
            "stock": 0
        },
        "2019-09-24": {
            "cash": 2.1,
            "stock": 0
        },
        "2020-08-20": {
            "cash": 2,
            "stock": 0
        },
        "2021-08-26": {
            "cash": 2.7,
            "stock": 0
        },
        "2022-08-25": {
            "cash": 3.2,
            "stock": 0
        },
        "2023-08-24": {
            "cash": 4.5,
            "stock": 0
        },
        "2024-02-23": {
            "cash": 4.5,
            "stock": 0
        }
    },
    "prices": {
        "200101": "無",
        "200102": "無",
        "200103": "無",
        "200104": "無",
        "200105": "無",
        "200106": "無",
        "200107": "無",
        "200108": "無",
        "200109": "無",
        "200110": "無",
        "200111": "無",
        "200112": "無",
        "200201": "無",
        "200202": "無",
        "200203": "無",
        "200204": "無",
        "200205": "無",
        "200206": "無",
        "200207": "無",
        "200208": "無",
        "200209": "無",
        "200210": "無",
        "200211": "無",
        "200212": "無",
        "200301": "無",
        "200302": "無",
        "200303": "無",
        "200304": "無",
        "200305": "無",
        "200306": "無",
        "200307": "無",
        "200308": "無",
        "200309": "無",
        "200310": "17.54",
        "200311": "16.09",
        "200312": "18.12",
        "200401": "22.28",
        "200402": "29.64",
        "200403": "33.20",
        "200404": "37.65",
        "200405": "32.26",
        "200406": "28.55",
        "200407": "27.00",
        "200408": "29.12",
        "200409": "30.58",
        "200410": "30.18",
        "200411": "28.05",
        "200412": "26.72",
        "200501": "23.64",
        "200502": "25.12",
        "200503": "24.60",
        "200504": "28.60",
        "200505": "26.55",
        "200506": "27.40",
        "200507": "27.47",
        "200508": "18.90",
        "200509": "15.14",
        "200510": "11.52",
        "200511": "10.87",
        "200512": "13.25",
        "200601": "14.33",
        "200602": "12.94",
        "200603": "12.40",
        "200604": "14.44",
        "200605": "17.22",
        "200606": "13.56",
        "200607": "12.17",
        "200608": "13.21",
        "200609": "13.45",
        "200610": "15.31",
        "200611": "15.35",
        "200612": "15.54",
        "200701": "17.08",
        "200702": "16.26",
        "200703": "16.09",
        "200704": "21.00",
        "200705": "27.25",
        "200706": "34.48",
        "200707": "54.17",
        "200708": "54.42",
        "200709": "52.42",
        "200710": "56.02",
        "200711": "45.75",
        "200712": "47.05",
        "200801": "38.00",
        "200802": "33.91",
        "200803": "35.23",
        "200804": "44.86",
        "200805": "45.35",
        "200806": "34.62",
        "200807": "29.62",
        "200808": "27.89",
        "200809": "23.67",
        "200810": "15.40",
        "200811": "13.02",
        "200812": "13.11",
        "200901": "15.20",
        "200902": "16.42",
        "200903": "19.21",
        "200904": "20.12",
        "200905": "31.76",
        "200906": "35.00",
        "200907": "39.90",
        "200908": "42.12",
        "200909": "50.04",
        "200910": "55.30",
        "200911": "60.72",
        "200912": "80.31",
        "201001": "72.23",
        "201002": "63.94",
        "201003": "62.61",
        "201004": "59.77",
        "201005": "50.88",
        "201006": "46.30",
        "201007": "42.85",
        "201008": "48.24",
        "201009": "57.01",
        "201010": "54.46",
        "201011": "52.96",
        "201012": "59.65",
        "201101": "55.73",
        "201102": "54.15",
        "201103": "46.80",
        "201104": "51.28",
        "201105": "59.52",
        "201106": "56.53",
        "201107": "54.85",
        "201108": "60.24",
        "201109": "68.66",
        "201110": "65.76",
        "201111": "59.71",
        "201112": "43.95",
        "201201": "37.59",
        "201202": "43.07",
        "201203": "42.12",
        "201204": "36.30",
        "201205": "30.44",
        "201206": "30.36",
        "201207": "30.55",
        "201208": "31.43",
        "201209": "32.19",
        "201210": "29.84",
        "201211": "21.31",
        "201212": "22.86",
        "201301": "21.86",
        "201302": "21.95",
        "201303": "23.12",
        "201304": "22.28",
        "201305": "21.05",
        "201306": "18.61",
        "201307": "17.29",
        "201308": "16.72",
        "201309": "17.77",
        "201310": "17.09",
        "201311": "15.37",
        "201312": "15.90",
        "201401": "16.83",
        "201402": "16.60",
        "201403": "17.15",
        "201404": "19.45",
        "201405": "19.67",
        "201406": "19.76",
        "201407": "19.78",
        "201408": "18.07",
        "201409": "17.69",
        "201410": "15.53",
        "201411": "14.38",
        "201412": "14.03",
        "201501": "14.52",
        "201502": "13.82",
        "201503": "14.81",
        "201504": "14.18",
        "201505": "12.78",
        "201506": "13.64",
        "201507": "13.03",
        "201508": "11.74",
        "201509": "13.13",
        "201510": "16.07",
        "201511": "15.75",
        "201512": "15.15",
        "201601": "14.30",
        "201602": "15.71",
        "201603": "17.17",
        "201604": "16.73",
        "201605": "15.02",
        "201606": "17.20",
        "201607": "18.18",
        "201608": "20.56",
        "201609": "23.22",
        "201610": "25.88",
        "201611": "23.66",
        "201612": "22.78",
        "201701": "23.67",
        "201702": "25.07",
        "201703": "25.05",
        "201704": "29.85",
        "201705": "29.21",
        "201706": "29.22",
        "201707": "31.31",
        "201708": "35.52",
        "201709": "43.18",
        "201710": "43.76",
        "201711": "48.60",
        "201712": "49.96",
        "201801": "49.11",
        "201802": "48.19",
        "201803": "46.87",
        "201804": "36.52",
        "201805": "32.76",
        "201806": "34.56",
        "201807": "36.44",
        "201808": "36.58",
        "201809": "32.51",
        "201810": "25.07",
        "201811": "29.57",
        "201812": "31.49",
        "201901": "30.24",
        "201902": "32.70",
        "201903": "33.70",
        "201904": "36.72",
        "201905": "33.68",
        "201906": "32.42",
        "201907": "34.58",
        "201908": "31.41",
        "201909": "28.82",
        "201910": "30.75",
        "201911": "32.16",
        "201912": "31.11",
        "202001": "30.97",
        "202002": "30.21",
        "202003": "25.86",
        "202004": "28.26",
        "202005": "36.74",
        "202006": "39.80",
        "202007": "42.07",
        "202008": "40.91",
        "202009": "40.11",
        "202010": "38.76",
        "202011": "40.27",
        "202012": "44.83",
        "202101": "46.98",
        "202102": "50.52",
        "202103": "52.31",
        "202104": "57.71",
        "202105": "58.59",
        "202106": "68.93",
        "202107": "83.43",
        "202108": "79.89",
        "202109": "77.10",
        "202110": "79.84",
        "202111": "103.67",
        "202112": "136.43",
        "202201": "151.97",
        "202202": "148.17",
        "202203": "150.57",
        "202204": "174.42",
        "202205": "185.50",
        "202206": "203.19",
        "202207": "176.40",
        "202208": "217.41",
        "202209": "231.00",
        "202210": "202.85",
        "202211": "187.25",
        "202212": "170.50",
        "202301": "172.38",
        "202302": "196.25",
        "202303": "185.41",
        "202304": "174.00",
        "202305": "198.57",
        "202306": "223.08",
        "202307": "217.64",
        "202308": "197.34",
        "202309": "180.40",
        "202310": "176.32",
        "202311": "175.41",
        "202312": "184.43"
    },
    "quarters": {
        "20011": {
            "year_quarter": 20011,
            "year": 2001,
            "quarter": 1,
            "eps": null,
            "eps_growth_year": null,
            "eps_4q": null,
            "eps_4q_growth_year": null,
            "roe": null,
            "roe_4q": 0,
            "gross_profit": null,
            "gross_margin": null,
            "gross_margin_4q_avg": 0,
            "net_income": null,
            "net_income_4q": null,
            "revenue": null,
            "revenue_4q": null,
            "common_shares": null,
            "book_valuer_per_share": null,
            "book_valuer_per_share_4q_avg": 0,
            "equity": null,
            "current_ratio": null,
            "debt_ratio": null,
            "inventory_turnover_ratio": null,
            "account_receivable_turnover_ratio": null,
            "reinvestment_rate": null,
            "research_to_sale_ratio": null,
            "price_fair": 0,
            "eps_avg_yearly": 0,
            "eps_latest_yearly": 0,
            "eps_growth_yearly": 0
        },
        "20012": {
            "year_quarter": 20012,
            "year": 2001,
            "quarter": 2,
            "eps": null,
            "eps_growth_year": null,
            "eps_4q": null,
            "eps_4q_growth_year": null,
            "roe": null,
            "roe_4q": 0,
            "gross_profit": null,
            "gross_margin": null,
            "gross_margin_4q_avg": 0,
            "net_income": null,
            "net_income_4q": null,
            "revenue": null,
            "revenue_4q": null,
            "common_shares": null,
            "book_valuer_per_share": null,
            "book_valuer_per_share_4q_avg": 0,
            "equity": null,
            "current_ratio": null,
            "debt_ratio": null,
            "inventory_turnover_ratio": null,
            "account_receivable_turnover_ratio": null,
            "reinvestment_rate": null,
            "research_to_sale_ratio": null,
            "price_fair": 0,
            "eps_avg_yearly": 0,
            "eps_latest_yearly": 0,
            "eps_growth_yearly": 0
        },
        "20013": {
            "year_quarter": 20013,
            "year": 2001,
            "quarter": 3,
            "eps": null,
            "eps_growth_year": null,
            "eps_4q": null,
            "eps_4q_growth_year": null,
            "roe": null,
            "roe_4q": 0,
            "gross_profit": null,
            "gross_margin": null,
            "gross_margin_4q_avg": 0,
            "net_income": null,
            "net_income_4q": null,
            "revenue": null,
            "revenue_4q": null,
            "common_shares": null,
            "book_valuer_per_share": null,
            "book_valuer_per_share_4q_avg": 0,
            "equity": null,
            "current_ratio": null,
            "debt_ratio": null,
            "inventory_turnover_ratio": null,
            "account_receivable_turnover_ratio": null,
            "reinvestment_rate": null,
            "research_to_sale_ratio": null,
            "price_fair": 0,
            "eps_avg_yearly": 0,
            "eps_latest_yearly": 0,
            "eps_growth_yearly": 0
        },
        "20014": {
            "year_quarter": 20014,
            "year": 2001,
            "quarter": 4,
            "eps": null,
            "eps_growth_year": null,
            "eps_4q": null,
            "eps_4q_growth_year": null,
            "roe": null,
            "roe_4q": 0,
            "gross_profit": null,
            "gross_margin": null,
            "gross_margin_4q_avg": 0,
            "net_income": null,
            "net_income_4q": null,
            "revenue": null,
            "revenue_4q": null,
            "common_shares": 6650000,
            "book_valuer_per_share": 6.6,
            "book_valuer_per_share_4q_avg": 1.65,
            "equity": 4387542,
            "current_ratio": 42.13,
            "debt_ratio": 60.34,
            "inventory_turnover_ratio": null,
            "account_receivable_turnover_ratio": null,
            "reinvestment_rate": null,
            "research_to_sale_ratio": null,
            "price_fair": 0,
            "eps_avg_yearly": 0,
            "eps_latest_yearly": 0,
            "eps_growth_yearly": 0
        },
        "20021": {
            "year_quarter": 20021,
            "year": 2002,
            "quarter": 1,
            "eps": null,
            "eps_growth_year": null,
            "eps_4q": null,
            "eps_4q_growth_year": null,
            "roe": null,
            "roe_4q": 0,
            "gross_profit": null,
            "gross_margin": null,
            "gross_margin_4q_avg": 0,
            "net_income": null,
            "net_income_4q": null,
            "revenue": null,
            "revenue_4q": null,
            "common_shares": null,
            "book_valuer_per_share": null,
            "book_valuer_per_share_4q_avg": 1.65,
            "equity": null,
            "current_ratio": null,
            "debt_ratio": null,
            "inventory_turnover_ratio": null,
            "account_receivable_turnover_ratio": null,
            "reinvestment_rate": null,
            "research_to_sale_ratio": null,
            "price_fair": 0,
            "eps_avg_yearly": 0,
            "eps_latest_yearly": 0,
            "eps_growth_yearly": 0
        },
        "20022": {
            "year_quarter": 20022,
            "year": 2002,
            "quarter": 2,
            "eps": null,
            "eps_growth_year": null,
            "eps_4q": null,
            "eps_4q_growth_year": null,
            "roe": null,
            "roe_4q": 0,
            "gross_profit": null,
            "gross_margin": null,
            "gross_margin_4q_avg": 0,
            "net_income": null,
            "net_income_4q": null,
            "revenue": null,
            "revenue_4q": null,
            "common_shares": null,
            "book_valuer_per_share": null,
            "book_valuer_per_share_4q_avg": 1.65,
            "equity": null,
            "current_ratio": null,
            "debt_ratio": null,
            "inventory_turnover_ratio": null,
            "account_receivable_turnover_ratio": null,
            "reinvestment_rate": null,
            "research_to_sale_ratio": null,
            "price_fair": 0,
            "eps_avg_yearly": 0,
            "eps_latest_yearly": 0,
            "eps_growth_yearly": 0
        },
        "20023": {
            "year_quarter": 20023,
            "year": 2002,
            "quarter": 3,
            "eps": null,
            "eps_growth_year": null,
            "eps_4q": null,
            "eps_4q_growth_year": null,
            "roe": null,
            "roe_4q": 0,
            "gross_profit": null,
            "gross_margin": null,
            "gross_margin_4q_avg": 0,
            "net_income": null,
            "net_income_4q": null,
            "revenue": null,
            "revenue_4q": null,
            "common_shares": null,
            "book_valuer_per_share": null,
            "book_valuer_per_share_4q_avg": 1.65,
            "equity": null,
            "current_ratio": null,
            "debt_ratio": null,
            "inventory_turnover_ratio": null,
            "account_receivable_turnover_ratio": null,
            "reinvestment_rate": null,
            "research_to_sale_ratio": null,
            "price_fair": 0,
            "eps_avg_yearly": 0,
            "eps_latest_yearly": 0,
            "eps_growth_yearly": 0
        },
        "20024": {
            "year_quarter": 20024,
            "year": 2002,
            "quarter": 4,
            "eps": null,
            "eps_growth_year": null,
            "eps_4q": null,
            "eps_4q_growth_year": null,
            "roe": null,
            "roe_4q": 0,
            "gross_profit": null,
            "gross_margin": null,
            "gross_margin_4q_avg": 0,
            "net_income": null,
            "net_income_4q": null,
            "revenue": null,
            "revenue_4q": null,
            "common_shares": 6650000,
            "book_valuer_per_share": 4.62,
            "book_valuer_per_share_4q_avg": 1.16,
            "equity": 3071808,
            "current_ratio": 44.86,
            "debt_ratio": 70.8,
            "inventory_turnover_ratio": null,
            "account_receivable_turnover_ratio": null,
            "reinvestment_rate": null,
            "research_to_sale_ratio": null,
            "price_fair": 0,
            "eps_avg_yearly": 0,
            "eps_latest_yearly": 0,
            "eps_growth_yearly": 0
        },
        "20031": {
            "year_quarter": 20031,
            "year": 2003,
            "quarter": 1,
            "eps": -0.23,
            "eps_growth_year": null,
            "eps_4q": null,
            "eps_4q_growth_year": null,
            "roe": -2.5,
            "roe_4q": -2.5,
            "gross_profit": 62229,
            "gross_margin": 5.79,
            "gross_margin_4q_avg": 1.45,
            "net_income": -76000,
            "net_income_4q": null,
            "revenue": 1074919,
            "revenue_4q": null,
            "common_shares": 6650000,
            "book_valuer_per_share": 4.51,
            "book_valuer_per_share_4q_avg": 2.28,
            "equity": 2999247,
            "current_ratio": 51.74,
            "debt_ratio": 72.27,
            "inventory_turnover_ratio": 0.55,
            "account_receivable_turnover_ratio": null,
            "reinvestment_rate": null,
            "research_to_sale_ratio": null,
            "price_fair": 0,
            "eps_avg_yearly": 0,
            "eps_latest_yearly": 0,
            "eps_growth_yearly": 0
        },
        "20032": {
            "year_quarter": 20032,
            "year": 2003,
            "quarter": 2,
            "eps": 0.19,
            "eps_growth_year": null,
            "eps_4q": null,
            "eps_4q_growth_year": null,
            "roe": 4.18,
            "roe_4q": 1.6799999999999997,
            "gross_profit": 173238,
            "gross_margin": 10.16,
            "gross_margin_4q_avg": 3.99,
            "net_income": 128076,
            "net_income_4q": null,
            "revenue": 1705815,
            "revenue_4q": null,
            "common_shares": 6650000,
            "book_valuer_per_share": 4.7,
            "book_valuer_per_share_4q_avg": 3.46,
            "equity": 3126941,
            "current_ratio": 55.38,
            "debt_ratio": 71,
            "inventory_turnover_ratio": 0.76,
            "account_receivable_turnover_ratio": null,
            "reinvestment_rate": null,
            "research_to_sale_ratio": null,
            "price_fair": 0,
            "eps_avg_yearly": 0,
            "eps_latest_yearly": 0,
            "eps_growth_yearly": 0
        },
        "20033": {
            "year_quarter": 20033,
            "year": 2003,
            "quarter": 3,
            "eps": 0.69,
            "eps_growth_year": null,
            "eps_4q": null,
            "eps_4q_growth_year": null,
            "roe": 7.21,
            "roe_4q": 8.89,
            "gross_profit": 484901,
            "gross_margin": 17.84,
            "gross_margin_4q_avg": 8.45,
            "net_income": 259126,
            "net_income_4q": null,
            "revenue": 2718237,
            "revenue_4q": null,
            "common_shares": 4000000,
            "book_valuer_per_share": 10.16,
            "book_valuer_per_share_4q_avg": 6,
            "equity": 4063097,
            "current_ratio": 68.72,
            "debt_ratio": 62.46,
            "inventory_turnover_ratio": 1.22,
            "account_receivable_turnover_ratio": null,
            "reinvestment_rate": null,
            "research_to_sale_ratio": null,
            "price_fair": 96.6,
            "eps_avg_yearly": 2.76,
            "eps_latest_yearly": 2.76,
            "eps_growth_yearly": 1052.63
        },
        "20034": {
            "year_quarter": 20034,
            "year": 2003,
            "quarter": 4,
            "eps": 0.68,
            "eps_growth_year": null,
            "eps_4q": 1.56,
            "eps_4q_growth_year": null,
            "roe": 5.75,
            "roe_4q": 14.64,
            "gross_profit": 454307,
            "gross_margin": 19.85,
            "gross_margin_4q_avg": 13.41,
            "net_income": 240779,
            "net_income_4q": null,
            "revenue": 2288884,
            "revenue_4q": null,
            "common_shares": 4000000,
            "book_valuer_per_share": 10.77,
            "book_valuer_per_share_4q_avg": 7.54,
            "equity": 4306684,
            "current_ratio": 143.76,
            "debt_ratio": 61.97,
            "inventory_turnover_ratio": 0.98,
            "account_receivable_turnover_ratio": null,
            "reinvestment_rate": null,
            "research_to_sale_ratio": null,
            "price_fair": 95.9,
            "eps_avg_yearly": 2.74,
            "eps_latest_yearly": 2.72,
            "eps_growth_yearly": 523.42
        },
        "20041": {
            "year_quarter": 20041,
            "year": 2004,
            "quarter": 1,
            "eps": 0.79,
            "eps_growth_year": null,
            "eps_4q": 2.35,
            "eps_4q_growth_year": null,
            "roe": 7.12,
            "roe_4q": 24.26,
            "gross_profit": 473130,
            "gross_margin": 19.16,
            "gross_margin_4q_avg": 16.75,
            "net_income": 317720,
            "net_income_4q": null,
            "revenue": 2469704,
            "revenue_4q": null,
            "common_shares": 4000000,
            "book_valuer_per_share": 11.55,
            "book_valuer_per_share_4q_avg": 9.3,
            "equity": 4620278,
            "current_ratio": 154.76,
            "debt_ratio": 57.65,
            "inventory_turnover_ratio": 0.97,
            "account_receivable_turnover_ratio": null,
            "reinvestment_rate": null,
            "research_to_sale_ratio": null,
            "price_fair": 100.8,
            "eps_avg_yearly": 2.88,
            "eps_latest_yearly": 3.16,
            "eps_growth_yearly": 370.51
        },
        "20042": {
            "year_quarter": 20042,
            "year": 2004,
            "quarter": 2,
            "eps": 2.04,
            "eps_growth_year": 973.68,
            "eps_4q": 4.08,
            "eps_4q_growth_year": null,
            "roe": 16.22,
            "roe_4q": 36.3,
            "gross_profit": 835474,
            "gross_margin": 24.34,
            "gross_margin_4q_avg": 20.3,
            "net_income": 817428,
            "net_income_4q": null,
            "revenue": 3433122,
            "revenue_4q": null,
            "common_shares": 4000000,
            "book_valuer_per_share": 13.64,
            "book_valuer_per_share_4q_avg": 11.53,
            "equity": 5457328,
            "current_ratio": 186.31,
            "debt_ratio": 51.63,
            "inventory_turnover_ratio": 1.35,
            "account_receivable_turnover_ratio": null,
            "reinvestment_rate": null,
            "research_to_sale_ratio": null,
            "price_fair": 147,
            "eps_avg_yearly": 4.2,
            "eps_latest_yearly": 8.16,
            "eps_growth_yearly": 436.11
        },
        "20043": {
            "year_quarter": 20043,
            "year": 2004,
            "quarter": 3,
            "eps": 1.95,
            "eps_growth_year": 182.61,
            "eps_4q": 5.18,
            "eps_4q_growth_year": null,
            "roe": 14.13,
            "roe_4q": 43.22,
            "gross_profit": 899106,
            "gross_margin": 23.67,
            "gross_margin_4q_avg": 21.76,
            "net_income": 830095,
            "net_income_4q": null,
            "revenue": 3798983,
            "revenue_4q": null,
            "common_shares": 4259597,
            "book_valuer_per_share": 14.77,
            "book_valuer_per_share_4q_avg": 12.68,
            "equity": 6289631,
            "current_ratio": 216.37,
            "debt_ratio": 45.63,
            "inventory_turnover_ratio": 1.44,
            "account_receivable_turnover_ratio": null,
            "reinvestment_rate": null,
            "research_to_sale_ratio": null,
            "price_fair": 172.2,
            "eps_avg_yearly": 4.92,
            "eps_latest_yearly": 7.8,
            "eps_growth_yearly": 345.36
        },
        "20044": {
            "year_quarter": 20044,
            "year": 2004,
            "quarter": 4,
            "eps": -0.35,
            "eps_growth_year": -151.47,
            "eps_4q": 4.26,
            "eps_4q_growth_year": 173.27,
            "roe": -2.42,
            "roe_4q": 35.05,
            "gross_profit": 272075,
            "gross_margin": 11.6,
            "gross_margin_4q_avg": 19.69,
            "net_income": -149425,
            "net_income_4q": null,
            "revenue": 2345405,
            "revenue_4q": null,
            "common_shares": 4259597,
            "book_valuer_per_share": 14.28,
            "book_valuer_per_share_4q_avg": 13.56,
            "equity": 6081965,
            "current_ratio": 160.54,
            "debt_ratio": 51.88,
            "inventory_turnover_ratio": 0.88,
            "account_receivable_turnover_ratio": null,
            "reinvestment_rate": null,
            "research_to_sale_ratio": null,
            "price_fair": 172.2,
            "eps_avg_yearly": 4.92,
            "eps_latest_yearly": 7.8,
            "eps_growth_yearly": 345.36
        },
        "20051": {
            "year_quarter": 20051,
            "year": 2005,
            "quarter": 1,
            "eps": -0.49,
            "eps_growth_year": -162.03,
            "eps_4q": 3.05,
            "eps_4q_growth_year": 29.8,
            "roe": -3.47,
            "roe_4q": 24.46,
            "gross_profit": -33555,
            "gross_margin": -1.84,
            "gross_margin_4q_avg": 14.44,
            "net_income": -207234,
            "net_income_4q": null,
            "revenue": 1826578,
            "revenue_4q": null,
            "common_shares": 4259597,
            "book_valuer_per_share": 13.78,
            "book_valuer_per_share_4q_avg": 14.12,
            "equity": 5868939,
            "current_ratio": 169.06,
            "debt_ratio": 47.56,
            "inventory_turnover_ratio": 0.76,
            "account_receivable_turnover_ratio": null,
            "reinvestment_rate": null,
            "research_to_sale_ratio": null,
            "price_fair": 172.2,
            "eps_avg_yearly": 4.92,
            "eps_latest_yearly": 7.8,
            "eps_growth_yearly": 345.36
        },
        "20052": {
            "year_quarter": 20052,
            "year": 2005,
            "quarter": 2,
            "eps": -0.12,
            "eps_growth_year": -105.88,
            "eps_4q": 1,
            "eps_4q_growth_year": -75.61,
            "roe": -0.86,
            "roe_4q": 7.380000000000001,
            "gross_profit": 127416,
            "gross_margin": 4.32,
            "gross_margin_4q_avg": 9.44,
            "net_income": -49533,
            "net_income_4q": null,
            "revenue": 2952756,
            "revenue_4q": null,
            "common_shares": 4259597,
            "book_valuer_per_share": 13.28,
            "book_valuer_per_share_4q_avg": 14.03,
            "equity": 5656761,
            "current_ratio": 209.13,
            "debt_ratio": 58.95,
            "inventory_turnover_ratio": 1.11,
            "account_receivable_turnover_ratio": null,
            "reinvestment_rate": null,
            "research_to_sale_ratio": null,
            "price_fair": 172.2,
            "eps_avg_yearly": 4.92,
            "eps_latest_yearly": 7.8,
            "eps_growth_yearly": 345.36
        },
        "20053": {
            "year_quarter": 20053,
            "year": 2005,
            "quarter": 3,
            "eps": 0.18,
            "eps_growth_year": -90.77,
            "eps_4q": -0.58,
            "eps_4q_growth_year": -111.13,
            "roe": 1.68,
            "roe_4q": -5.07,
            "gross_profit": 147363,
            "gross_margin": 3.87,
            "gross_margin_4q_avg": 4.49,
            "net_income": 96633,
            "net_income_4q": null,
            "revenue": 3808700,
            "revenue_4q": null,
            "common_shares": 5484353,
            "book_valuer_per_share": 10.65,
            "book_valuer_per_share_4q_avg": 13,
            "equity": 5842501,
            "current_ratio": 140.85,
            "debt_ratio": 49.25,
            "inventory_turnover_ratio": 1.68,
            "account_receivable_turnover_ratio": null,
            "reinvestment_rate": null,
            "research_to_sale_ratio": null,
            "price_fair": 172.2,
            "eps_avg_yearly": 4.92,
            "eps_latest_yearly": 7.8,
            "eps_growth_yearly": 345.36
        },
        "20054": {
            "year_quarter": 20054,
            "year": 2005,
            "quarter": 4,
            "eps": -0.05,
            "eps_growth_year": null,
            "eps_4q": -0.34,
            "eps_4q_growth_year": -107.88,
            "roe": -0.48,
            "roe_4q": -3.1300000000000003,
            "gross_profit": 282066,
            "gross_margin": 9.46,
            "gross_margin_4q_avg": 3.95,
            "net_income": -28272,
            "net_income_4q": null,
            "revenue": 2982432,
            "revenue_4q": null,
            "common_shares": 5484353,
            "book_valuer_per_share": 10.59,
            "book_valuer_per_share_4q_avg": 12.08,
            "equity": 5822203,
            "current_ratio": 93.09,
            "debt_ratio": 52.19,
            "inventory_turnover_ratio": 1.29,
            "account_receivable_turnover_ratio": null,
            "reinvestment_rate": null,
            "research_to_sale_ratio": null,
            "price_fair": 172.2,
            "eps_avg_yearly": 4.92,
            "eps_latest_yearly": 7.8,
            "eps_growth_yearly": 345.36
        },
        "20061": {
            "year_quarter": 20061,
            "year": 2006,
            "quarter": 1,
            "eps": 0.22,
            "eps_growth_year": null,
            "eps_4q": 0.25,
            "eps_4q_growth_year": -91.66,
            "roe": 2.05,
            "roe_4q": 2.39,
            "gross_profit": 232517,
            "gross_margin": 9.35,
            "gross_margin_4q_avg": 6.75,
            "net_income": 120273,
            "net_income_4q": null,
            "revenue": 2487205,
            "revenue_4q": null,
            "common_shares": 5484353,
            "book_valuer_per_share": 10.82,
            "book_valuer_per_share_4q_avg": 11.34,
            "equity": 5931453,
            "current_ratio": 74.49,
            "debt_ratio": 41.48,
            "inventory_turnover_ratio": 1.2,
            "account_receivable_turnover_ratio": null,
            "reinvestment_rate": null,
            "research_to_sale_ratio": null,
            "price_fair": 172.2,
            "eps_avg_yearly": 4.92,
            "eps_latest_yearly": 7.8,
            "eps_growth_yearly": 345.36
        },
        "20062": {
            "year_quarter": 20062,
            "year": 2006,
            "quarter": 2,
            "eps": 0.06,
            "eps_growth_year": null,
            "eps_4q": 0.39,
            "eps_4q_growth_year": -60.77,
            "roe": 0.58,
            "roe_4q": 3.83,
            "gross_profit": 136786,
            "gross_margin": 5.33,
            "gross_margin_4q_avg": 7,
            "net_income": 34255,
            "net_income_4q": null,
            "revenue": 2565971,
            "revenue_4q": null,
            "common_shares": 5481393,
            "book_valuer_per_share": 10.89,
            "book_valuer_per_share_4q_avg": 10.74,
            "equity": 5969027,
            "current_ratio": 72.02,
            "debt_ratio": 40.48,
            "inventory_turnover_ratio": 2.05,
            "account_receivable_turnover_ratio": null,
            "reinvestment_rate": null,
            "research_to_sale_ratio": null,
            "price_fair": 144.9,
            "eps_avg_yearly": 4.14,
            "eps_latest_yearly": 0.24,
            "eps_growth_yearly": 239.32
        },
        "20063": {
            "year_quarter": 20063,
            "year": 2006,
            "quarter": 3,
            "eps": 0.06,
            "eps_growth_year": -66.67,
            "eps_4q": 0.3,
            "eps_4q_growth_year": null,
            "roe": 0.53,
            "roe_4q": 2.6799999999999997,
            "gross_profit": 148098,
            "gross_margin": 5.14,
            "gross_margin_4q_avg": 7.32,
            "net_income": 31985,
            "net_income_4q": null,
            "revenue": 2879360,
            "revenue_4q": null,
            "common_shares": 5481394,
            "book_valuer_per_share": 11.07,
            "book_valuer_per_share_4q_avg": 10.84,
            "equity": 6069661,
            "current_ratio": 78.81,
            "debt_ratio": 42.93,
            "inventory_turnover_ratio": 2.53,
            "account_receivable_turnover_ratio": null,
            "reinvestment_rate": null,
            "research_to_sale_ratio": null,
            "price_fair": 125.4,
            "eps_avg_yearly": 3.58,
            "eps_latest_yearly": 0.24,
            "eps_growth_yearly": 205.13
        },
        "20064": {
            "year_quarter": 20064,
            "year": 2006,
            "quarter": 4,
            "eps": 0.03,
            "eps_growth_year": null,
            "eps_4q": 0.43,
            "eps_4q_growth_year": null,
            "roe": 0.23,
            "roe_4q": 3.3899999999999997,
            "gross_profit": 242722,
            "gross_margin": 13.21,
            "gross_margin_4q_avg": 8.26,
            "net_income": 13879,
            "net_income_4q": null,
            "revenue": 1838000,
            "revenue_4q": null,
            "common_shares": 5481393,
            "book_valuer_per_share": 11.11,
            "book_valuer_per_share_4q_avg": 10.97,
            "equity": 6089004,
            "current_ratio": 132.58,
            "debt_ratio": 48.63,
            "inventory_turnover_ratio": 1.06,
            "account_receivable_turnover_ratio": null,
            "reinvestment_rate": -45.86,
            "research_to_sale_ratio": null,
            "price_fair": 110.25,
            "eps_avg_yearly": 3.15,
            "eps_latest_yearly": 0.12,
            "eps_growth_yearly": 154.49
        },
        "20071": {
            "year_quarter": 20071,
            "year": 2007,
            "quarter": 1,
            "eps": 0.16,
            "eps_growth_year": -27.27,
            "eps_4q": 0.31,
            "eps_4q_growth_year": 21.72,
            "roe": 1.39,
            "roe_4q": 2.73,
            "gross_profit": 274743,
            "gross_margin": 15.17,
            "gross_margin_4q_avg": 9.71,
            "net_income": 85625,
            "net_income_4q": null,
            "revenue": 1810531,
            "revenue_4q": null,
            "common_shares": 5481393,
            "book_valuer_per_share": 11.32,
            "book_valuer_per_share_4q_avg": 11.1,
            "equity": 6205557,
            "current_ratio": 153.23,
            "debt_ratio": 34.34,
            "inventory_turnover_ratio": 1.09,
            "account_receivable_turnover_ratio": null,
            "reinvestment_rate": -149.22,
            "research_to_sale_ratio": null,
            "price_fair": 100.49,
            "eps_avg_yearly": 2.87,
            "eps_latest_yearly": 0.64,
            "eps_growth_yearly": 329.91
        },
        "20072": {
            "year_quarter": 20072,
            "year": 2007,
            "quarter": 2,
            "eps": 0.37,
            "eps_growth_year": 516.67,
            "eps_4q": 0.61,
            "eps_4q_growth_year": 55.73,
            "roe": 3.22,
            "roe_4q": 5.370000000000001,
            "gross_profit": 416053,
            "gross_margin": 16.72,
            "gross_margin_4q_avg": 12.56,
            "net_income": 204434,
            "net_income_4q": null,
            "revenue": 2487984,
            "revenue_4q": null,
            "common_shares": 5526248,
            "book_valuer_per_share": 11.78,
            "book_valuer_per_share_4q_avg": 11.32,
            "equity": 6509249,
            "current_ratio": 138.87,
            "debt_ratio": 41.56,
            "inventory_turnover_ratio": 1.85,
            "account_receivable_turnover_ratio": null,
            "reinvestment_rate": -140.83,
            "research_to_sale_ratio": null,
            "price_fair": 95.62,
            "eps_avg_yearly": 2.73,
            "eps_latest_yearly": 1.48,
            "eps_growth_yearly": 349.42
        },
        "20073": {
            "year_quarter": 20073,
            "year": 2007,
            "quarter": 3,
            "eps": 0.64,
            "eps_growth_year": 966.67,
            "eps_4q": 1.17,
            "eps_4q_growth_year": 293.73,
            "roe": 5.41,
            "roe_4q": 10.250000000000002,
            "gross_profit": 576333,
            "gross_margin": 17.83,
            "gross_margin_4q_avg": 15.73,
            "net_income": 367888,
            "net_income_4q": null,
            "revenue": 3231827,
            "revenue_4q": null,
            "common_shares": 5846632,
            "book_valuer_per_share": 12.13,
            "book_valuer_per_share_4q_avg": 11.59,
            "equity": 7094436,
            "current_ratio": 111.55,
            "debt_ratio": 43.41,
            "inventory_turnover_ratio": 1.95,
            "account_receivable_turnover_ratio": null,
            "reinvestment_rate": -131.51,
            "research_to_sale_ratio": null,
            "price_fair": 94.92,
            "eps_avg_yearly": 2.71,
            "eps_latest_yearly": 2.56,
            "eps_growth_yearly": 273.35
        },
        "20074": {
            "year_quarter": 20074,
            "year": 2007,
            "quarter": 4,
            "eps": 0.98,
            "eps_growth_year": 3166.67,
            "eps_4q": 2.12,
            "eps_4q_growth_year": 388.97,
            "roe": 7.55,
            "roe_4q": 17.57,
            "gross_profit": 686878,
            "gross_margin": 21.42,
            "gross_margin_4q_avg": 17.79,
            "net_income": 566606,
            "net_income_4q": null,
            "revenue": 3206819,
            "revenue_4q": null,
            "common_shares": 5878332,
            "book_valuer_per_share": 13,
            "book_valuer_per_share_4q_avg": 12.06,
            "equity": 7912786,
            "current_ratio": 159.3,
            "debt_ratio": 47.12,
            "inventory_turnover_ratio": 1.47,
            "account_receivable_turnover_ratio": null,
            "reinvestment_rate": 0.79,
            "research_to_sale_ratio": null,
            "price_fair": 99.12,
            "eps_avg_yearly": 2.83,
            "eps_latest_yearly": 3.92,
            "eps_growth_yearly": 295.18
        },
        "20081": {
            "year_quarter": 20081,
            "year": 2008,
            "quarter": 1,
            "eps": 0.55,
            "eps_growth_year": 243.75,
            "eps_4q": 2.54,
            "eps_4q_growth_year": 720.31,
            "roe": 3.93,
            "roe_4q": 20.11,
            "gross_profit": 643719,
            "gross_margin": 20.96,
            "gross_margin_4q_avg": 19.23,
            "net_income": 316856,
            "net_income_4q": null,
            "revenue": 3071570,
            "revenue_4q": null,
            "common_shares": 5904218,
            "book_valuer_per_share": 13.47,
            "book_valuer_per_share_4q_avg": 12.6,
            "equity": 8205373,
            "current_ratio": 154.14,
            "debt_ratio": 46.14,
            "inventory_turnover_ratio": 1.09,
            "account_receivable_turnover_ratio": null,
            "reinvestment_rate": 9.23,
            "research_to_sale_ratio": null,
            "price_fair": 95.76,
            "eps_avg_yearly": 2.74,
            "eps_latest_yearly": 2.2,
            "eps_growth_yearly": 271.16
        },
        "20082": {
            "year_quarter": 20082,
            "year": 2008,
            "quarter": 2,
            "eps": 0.21,
            "eps_growth_year": -43.24,
            "eps_4q": 2.8,
            "eps_4q_growth_year": 360.61,
            "roe": 1.26,
            "roe_4q": 18.15,
            "gross_profit": 381177,
            "gross_margin": 17.91,
            "gross_margin_4q_avg": 19.53,
            "net_income": 103512,
            "net_income_4q": null,
            "revenue": 2128209,
            "revenue_4q": null,
            "common_shares": 5906390,
            "book_valuer_per_share": 13.42,
            "book_valuer_per_share_4q_avg": 13.01,
            "equity": 8168572,
            "current_ratio": 68.2,
            "debt_ratio": 61.99,
            "inventory_turnover_ratio": 0.68,
            "account_receivable_turnover_ratio": null,
            "reinvestment_rate": 23.89,
            "research_to_sale_ratio": null,
            "price_fair": 70.14,
            "eps_avg_yearly": 2,
            "eps_latest_yearly": 0.84,
            "eps_growth_yearly": 183.14
        },
        "20083": {
            "year_quarter": 20083,
            "year": 2008,
            "quarter": 3,
            "eps": -0.62,
            "eps_growth_year": -196.88,
            "eps_4q": 0.87,
            "eps_4q_growth_year": -25.7,
            "roe": -7.41,
            "roe_4q": 5.33,
            "gross_profit": -36060,
            "gross_margin": -0.83,
            "gross_margin_4q_avg": 14.87,
            "net_income": -620579,
            "net_income_4q": null,
            "revenue": 4351084,
            "revenue_4q": null,
            "common_shares": 6782818,
            "book_valuer_per_share": 10.44,
            "book_valuer_per_share_4q_avg": 12.58,
            "equity": 8583662,
            "current_ratio": 72.1,
            "debt_ratio": 67.14,
            "inventory_turnover_ratio": 1.35,
            "account_receivable_turnover_ratio": null,
            "reinvestment_rate": 672.71,
            "research_to_sale_ratio": null,
            "price_fair": 47.6,
            "eps_avg_yearly": 1.36,
            "eps_latest_yearly": 0.84,
            "eps_growth_yearly": 205.45
        },
        "20084": {
            "year_quarter": 20084,
            "year": 2008,
            "quarter": 4,
            "eps": -1.34,
            "eps_growth_year": -236.73,
            "eps_4q": -0.95,
            "eps_4q_growth_year": -144.65,
            "roe": -12.73,
            "roe_4q": -14.95,
            "gross_profit": -227815,
            "gross_margin": -8.73,
            "gross_margin_4q_avg": 7.33,
            "net_income": -1031361,
            "net_income_4q": null,
            "revenue": 2610104,
            "revenue_4q": null,
            "common_shares": 6783128,
            "book_valuer_per_share": 9.24,
            "book_valuer_per_share_4q_avg": 11.64,
            "equity": 7618967,
            "current_ratio": 68.16,
            "debt_ratio": 67.26,
            "inventory_turnover_ratio": 0.81,
            "account_receivable_turnover_ratio": 4.19,
            "reinvestment_rate": 85002.48,
            "research_to_sale_ratio": null,
            "price_fair": 47.6,
            "eps_avg_yearly": 1.36,
            "eps_latest_yearly": 0.84,
            "eps_growth_yearly": 205.45
        },
        "20091": {
            "year_quarter": 20091,
            "year": 2009,
            "quarter": 1,
            "eps": -1.03,
            "eps_growth_year": -287.27,
            "eps_4q": -2.65,
            "eps_4q_growth_year": -204.33,
            "roe": -12.76,
            "roe_4q": -31.640000000000004,
            "gross_profit": -410109,
            "gross_margin": -15.95,
            "gross_margin_4q_avg": -1.9,
            "net_income": -950393,
            "net_income_4q": null,
            "revenue": 2571225,
            "revenue_4q": null,
            "common_shares": 7503237,
            "book_valuer_per_share": 8.26,
            "book_valuer_per_share_4q_avg": 10.34,
            "equity": 7274644,
            "current_ratio": 60.99,
            "debt_ratio": 66.32,
            "inventory_turnover_ratio": 0.96,
            "account_receivable_turnover_ratio": 1.94,
            "reinvestment_rate": null,
            "research_to_sale_ratio": null,
            "price_fair": 47.6,
            "eps_avg_yearly": 1.36,
            "eps_latest_yearly": 0.84,
            "eps_growth_yearly": 205.45
        },
        "20092": {
            "year_quarter": 20092,
            "year": 2009,
            "quarter": 2,
            "eps": -0.9,
            "eps_growth_year": -528.57,
            "eps_4q": -3.7,
            "eps_4q_growth_year": -232.21,
            "roe": -13.71,
            "roe_4q": -46.61,
            "gross_profit": -180440,
            "gross_margin": -4.3,
            "gross_margin_4q_avg": -7.45,
            "net_income": -954373,
            "net_income_4q": null,
            "revenue": 4199972,
            "revenue_4q": null,
            "common_shares": 7521481,
            "book_valuer_per_share": 7.72,
            "book_valuer_per_share_4q_avg": 8.92,
            "equity": 6647014,
            "current_ratio": 57.13,
            "debt_ratio": 69.19,
            "inventory_turnover_ratio": 1.57,
            "account_receivable_turnover_ratio": 2.72,
            "reinvestment_rate": null,
            "research_to_sale_ratio": null,
            "price_fair": 47.6,
            "eps_avg_yearly": 1.36,
            "eps_latest_yearly": 0.84,
            "eps_growth_yearly": 205.45
        },
        "20093": {
            "year_quarter": 20093,
            "year": 2009,
            "quarter": 3,
            "eps": 0.07,
            "eps_growth_year": null,
            "eps_4q": -1.94,
            "eps_4q_growth_year": -323.38,
            "roe": -0.98,
            "roe_4q": -40.18000000000001,
            "gross_profit": 442477,
            "gross_margin": 10.19,
            "gross_margin_4q_avg": -4.7,
            "net_income": -83157,
            "net_income_4q": null,
            "revenue": 4340775,
            "revenue_4q": null,
            "common_shares": 8583385,
            "book_valuer_per_share": 11.16,
            "book_valuer_per_share_4q_avg": 9.1,
            "equity": 10268330,
            "current_ratio": 98.89,
            "debt_ratio": 61.54,
            "inventory_turnover_ratio": 1.49,
            "account_receivable_turnover_ratio": 2.04,
            "reinvestment_rate": null,
            "research_to_sale_ratio": null,
            "price_fair": 47.6,
            "eps_avg_yearly": 1.36,
            "eps_latest_yearly": 0.84,
            "eps_growth_yearly": 205.45
        },
        "20094": {
            "year_quarter": 20094,
            "year": 2009,
            "quarter": 4,
            "eps": 0.33,
            "eps_growth_year": null,
            "eps_4q": -1.18,
            "eps_4q_growth_year": null,
            "roe": 1.67,
            "roe_4q": -25.78,
            "gross_profit": 668052,
            "gross_margin": 13.48,
            "gross_margin_4q_avg": 0.86,
            "net_income": 260844,
            "net_income_4q": null,
            "revenue": 4956911,
            "revenue_4q": null,
            "common_shares": 9575406,
            "book_valuer_per_share": 21.25,
            "book_valuer_per_share_4q_avg": 12.1,
            "equity": 20974245,
            "current_ratio": 89.87,
            "debt_ratio": 40.43,
            "inventory_turnover_ratio": 1.23,
            "account_receivable_turnover_ratio": 3.77,
            "reinvestment_rate": null,
            "research_to_sale_ratio": null,
            "price_fair": 47.46,
            "eps_avg_yearly": 1.36,
            "eps_latest_yearly": 1.32,
            "eps_growth_yearly": 333.47
        },
        "20101": {
            "year_quarter": 20101,
            "year": 2010,
            "quarter": 1,
            "eps": 0.7,
            "eps_growth_year": null,
            "eps_4q": 0.33,
            "eps_4q_growth_year": null,
            "roe": 3.28,
            "roe_4q": -9.740000000000002,
            "gross_profit": 1487597,
            "gross_margin": 29.68,
            "gross_margin_4q_avg": 12.26,
            "net_income": 702426,
            "net_income_4q": null,
            "revenue": 5012370,
            "revenue_4q": null,
            "common_shares": 10736248,
            "book_valuer_per_share": 19.81,
            "book_valuer_per_share_4q_avg": 14.99,
            "equity": 21914634,
            "current_ratio": 118.53,
            "debt_ratio": 37.45,
            "inventory_turnover_ratio": 0.8,
            "account_receivable_turnover_ratio": 1.99,
            "reinvestment_rate": null,
            "research_to_sale_ratio": 7.27,
            "price_fair": 52.05,
            "eps_avg_yearly": 1.49,
            "eps_latest_yearly": 2.8,
            "eps_growth_yearly": 343.93
        },
        "20102": {
            "year_quarter": 20102,
            "year": 2010,
            "quarter": 2,
            "eps": 0.65,
            "eps_growth_year": null,
            "eps_4q": 1.61,
            "eps_4q_growth_year": null,
            "roe": 3.11,
            "roe_4q": 7.079999999999998,
            "gross_profit": 2004704,
            "gross_margin": 38.79,
            "gross_margin_4q_avg": 23.04,
            "net_income": 686957,
            "net_income_4q": null,
            "revenue": 5168702,
            "revenue_4q": null,
            "common_shares": 10744959,
            "book_valuer_per_share": 20.26,
            "book_valuer_per_share_4q_avg": 18.12,
            "equity": 22237055,
            "current_ratio": 172.95,
            "debt_ratio": 38.95,
            "inventory_turnover_ratio": 0.66,
            "account_receivable_turnover_ratio": 1.82,
            "reinvestment_rate": 2955.74,
            "research_to_sale_ratio": 8.88,
            "price_fair": 59.56,
            "eps_avg_yearly": 1.7,
            "eps_latest_yearly": 2.6,
            "eps_growth_yearly": 367.78
        },
        "20103": {
            "year_quarter": 20103,
            "year": 2010,
            "quarter": 3,
            "eps": 0.66,
            "eps_growth_year": 842.11,
            "eps_4q": 2.21,
            "eps_4q_growth_year": null,
            "roe": 2.94,
            "roe_4q": 11,
            "gross_profit": 1648084,
            "gross_margin": 31.26,
            "gross_margin_4q_avg": 28.3,
            "net_income": 663623,
            "net_income_4q": null,
            "revenue": 5272980,
            "revenue_4q": null,
            "common_shares": 10750963,
            "book_valuer_per_share": 20.74,
            "book_valuer_per_share_4q_avg": 20.52,
            "equity": 22925194,
            "current_ratio": 169.33,
            "debt_ratio": 42.42,
            "inventory_turnover_ratio": 0.63,
            "account_receivable_turnover_ratio": 1.59,
            "reinvestment_rate": 934.92,
            "research_to_sale_ratio": 5.91,
            "price_fair": 67.2,
            "eps_avg_yearly": 1.92,
            "eps_latest_yearly": 2.64,
            "eps_growth_yearly": 368.34
        },
        "20104": {
            "year_quarter": 20104,
            "year": 2010,
            "quarter": 4,
            "eps": 1.78,
            "eps_growth_year": 438.63,
            "eps_4q": 3.74,
            "eps_4q_growth_year": null,
            "roe": 7.86,
            "roe_4q": 17.19,
            "gross_profit": 3038483,
            "gross_margin": 31.24,
            "gross_margin_4q_avg": 32.74,
            "net_income": 1860610,
            "net_income_4q": null,
            "revenue": 9724877,
            "revenue_4q": null,
            "common_shares": 10775602,
            "book_valuer_per_share": 22.15,
            "book_valuer_per_share_4q_avg": 20.74,
            "equity": 24395224,
            "current_ratio": 127.12,
            "debt_ratio": 40.15,
            "inventory_turnover_ratio": 1.03,
            "account_receivable_turnover_ratio": 2.84,
            "reinvestment_rate": 229.54,
            "research_to_sale_ratio": 4.48,
            "price_fair": 89.47,
            "eps_avg_yearly": 2.56,
            "eps_latest_yearly": 7.12,
            "eps_growth_yearly": 448.23
        },
        "20111": {
            "year_quarter": 20111,
            "year": 2011,
            "quarter": 1,
            "eps": 1.56,
            "eps_growth_year": 122.86,
            "eps_4q": 4.64,
            "eps_4q_growth_year": 1319.41,
            "roe": 6.57,
            "roe_4q": 20.48,
            "gross_profit": 2912672,
            "gross_margin": 28.88,
            "gross_margin_4q_avg": 32.54,
            "net_income": 1667745,
            "net_income_4q": null,
            "revenue": 10085720,
            "revenue_4q": null,
            "common_shares": 10785278,
            "book_valuer_per_share": 23.9,
            "book_valuer_per_share_4q_avg": 21.76,
            "equity": 26340267,
            "current_ratio": 141.16,
            "debt_ratio": 36.26,
            "inventory_turnover_ratio": 1.05,
            "account_receivable_turnover_ratio": 2.34,
            "reinvestment_rate": 215.59,
            "research_to_sale_ratio": 3.95,
            "price_fair": 107.29,
            "eps_avg_yearly": 3.07,
            "eps_latest_yearly": 6.24,
            "eps_growth_yearly": 286.16
        },
        "20112": {
            "year_quarter": 20112,
            "year": 2011,
            "quarter": 2,
            "eps": 1.23,
            "eps_growth_year": 88.4,
            "eps_4q": 5.21,
            "eps_4q_growth_year": 224.51,
            "roe": 4.95,
            "roe_4q": 22.32,
            "gross_profit": 2250826,
            "gross_margin": 32.5,
            "gross_margin_4q_avg": 30.97,
            "net_income": 1255483,
            "net_income_4q": null,
            "revenue": 6926366,
            "revenue_4q": null,
            "common_shares": 10788046,
            "book_valuer_per_share": 22.29,
            "book_valuer_per_share_4q_avg": 22.27,
            "equity": 24363457,
            "current_ratio": 131.74,
            "debt_ratio": 43.43,
            "inventory_turnover_ratio": 0.63,
            "account_receivable_turnover_ratio": 1.3,
            "reinvestment_rate": 171.59,
            "research_to_sale_ratio": 5.47,
            "price_fair": 118.24,
            "eps_avg_yearly": 3.38,
            "eps_latest_yearly": 4.92,
            "eps_growth_yearly": 230.74
        },
        "20113": {
            "year_quarter": 20113,
            "year": 2011,
            "quarter": 3,
            "eps": 2.08,
            "eps_growth_year": 215.47,
            "eps_4q": 6.63,
            "eps_4q_growth_year": 199.94,
            "roe": 8.35,
            "roe_4q": 27.73,
            "gross_profit": 3873982,
            "gross_margin": 35.45,
            "gross_margin_4q_avg": 32.02,
            "net_income": 2149162,
            "net_income_4q": null,
            "revenue": 10929250,
            "revenue_4q": null,
            "common_shares": 10799236,
            "book_valuer_per_share": 24.93,
            "book_valuer_per_share_4q_avg": 23.32,
            "equity": 27129014,
            "current_ratio": 179.91,
            "debt_ratio": 46.14,
            "inventory_turnover_ratio": 0.92,
            "account_receivable_turnover_ratio": 1.62,
            "reinvestment_rate": 162.53,
            "research_to_sale_ratio": 3.76,
            "price_fair": 136.56,
            "eps_avg_yearly": 3.9,
            "eps_latest_yearly": 8.32,
            "eps_growth_yearly": 229.33
        },
        "20114": {
            "year_quarter": 20114,
            "year": 2011,
            "quarter": 4,
            "eps": 1.18,
            "eps_growth_year": -33.42,
            "eps_4q": 6.05,
            "eps_4q_growth_year": 61.72,
            "roe": 4.55,
            "roe_4q": 24.419999999999998,
            "gross_profit": 2990064,
            "gross_margin": 28.51,
            "gross_margin_4q_avg": 31.34,
            "net_income": 1258660,
            "net_income_4q": null,
            "revenue": 10486785,
            "revenue_4q": null,
            "common_shares": 10801728,
            "book_valuer_per_share": 25.94,
            "book_valuer_per_share_4q_avg": 24.27,
            "equity": 28189400,
            "current_ratio": 234.92,
            "debt_ratio": 38.96,
            "inventory_turnover_ratio": 1.13,
            "account_receivable_turnover_ratio": 1.18,
            "reinvestment_rate": 111.06,
            "research_to_sale_ratio": 5.48,
            "price_fair": 139.11,
            "eps_avg_yearly": 3.97,
            "eps_latest_yearly": 4.72,
            "eps_growth_yearly": 194.28
        },
        "20121": {
            "year_quarter": 20121,
            "year": 2012,
            "quarter": 1,
            "eps": -0.73,
            "eps_growth_year": -146.79,
            "eps_4q": 3.76,
            "eps_4q_growth_year": -18.85,
            "roe": -3.03,
            "roe_4q": 14.82,
            "gross_profit": 43885,
            "gross_margin": 1.14,
            "gross_margin_4q_avg": 24.4,
            "net_income": -837861,
            "net_income_4q": null,
            "revenue": 3836438,
            "revenue_4q": null,
            "common_shares": 10802790,
            "book_valuer_per_share": 25.03,
            "book_valuer_per_share_4q_avg": 24.55,
            "equity": 27161813,
            "current_ratio": 301.19,
            "debt_ratio": 35.01,
            "inventory_turnover_ratio": 0.66,
            "account_receivable_turnover_ratio": 0.6,
            "reinvestment_rate": 128.36,
            "research_to_sale_ratio": 9.23,
            "price_fair": 145.32,
            "eps_avg_yearly": 4.15,
            "eps_latest_yearly": 4.72,
            "eps_growth_yearly": 231.26
        },
        "20122": {
            "year_quarter": 20122,
            "year": 2012,
            "quarter": 2,
            "eps": -0.76,
            "eps_growth_year": -161.71,
            "eps_4q": 1.78,
            "eps_4q_growth_year": -65.89,
            "roe": -3.53,
            "roe_4q": 6.34,
            "gross_profit": 19965,
            "gross_margin": 0.45,
            "gross_margin_4q_avg": 16.39,
            "net_income": -888872,
            "net_income_4q": null,
            "revenue": 4477773,
            "revenue_4q": null,
            "common_shares": 10804021,
            "book_valuer_per_share": 21.41,
            "book_valuer_per_share_4q_avg": 24.33,
            "equity": 23178540,
            "current_ratio": 151.07,
            "debt_ratio": 43.62,
            "inventory_turnover_ratio": 0.8,
            "account_receivable_turnover_ratio": 1.57,
            "reinvestment_rate": 148.82,
            "research_to_sale_ratio": 8.7,
            "price_fair": 158.2,
            "eps_avg_yearly": 4.52,
            "eps_latest_yearly": 4.72,
            "eps_growth_yearly": 284.43
        },
        "20123": {
            "year_quarter": 20123,
            "year": 2012,
            "quarter": 3,
            "eps": -0.22,
            "eps_growth_year": -110.39,
            "eps_4q": -0.52,
            "eps_4q_growth_year": -107.82,
            "roe": -1.59,
            "roe_4q": -3.6000000000000005,
            "gross_profit": 438085,
            "gross_margin": 5.77,
            "gross_margin_4q_avg": 8.97,
            "net_income": -366549,
            "net_income_4q": null,
            "revenue": 7594634,
            "revenue_4q": null,
            "common_shares": 10806457,
            "book_valuer_per_share": 21.19,
            "book_valuer_per_share_4q_avg": 23.39,
            "equity": 22820388,
            "current_ratio": 150.45,
            "debt_ratio": 47.14,
            "inventory_turnover_ratio": 1.41,
            "account_receivable_turnover_ratio": 1.97,
            "reinvestment_rate": 63.27,
            "research_to_sale_ratio": 6.04,
            "price_fair": 158.2,
            "eps_avg_yearly": 4.52,
            "eps_latest_yearly": 4.72,
            "eps_growth_yearly": 284.43
        },
        "20124": {
            "year_quarter": 20124,
            "year": 2012,
            "quarter": 4,
            "eps": 1.01,
            "eps_growth_year": -14.84,
            "eps_4q": -0.69,
            "eps_4q_growth_year": -111.47,
            "roe": 4.33,
            "roe_4q": -3.8199999999999994,
            "gross_profit": 2354466,
            "gross_margin": 21.81,
            "gross_margin_4q_avg": 7.29,
            "net_income": 1009645,
            "net_income_4q": null,
            "revenue": 10795937,
            "revenue_4q": null,
            "common_shares": 10809897,
            "book_valuer_per_share": 22.12,
            "book_valuer_per_share_4q_avg": 22.44,
            "equity": 23856793,
            "current_ratio": 126.55,
            "debt_ratio": 48.04,
            "inventory_turnover_ratio": 2.08,
            "account_receivable_turnover_ratio": 1.8,
            "reinvestment_rate": 69.53,
            "research_to_sale_ratio": 4.55,
            "price_fair": 158.2,
            "eps_avg_yearly": 4.52,
            "eps_latest_yearly": 4.72,
            "eps_growth_yearly": 284.43
        },
        "20131": {
            "year_quarter": 20131,
            "year": 2013,
            "quarter": 1,
            "eps": -0.46,
            "eps_growth_year": null,
            "eps_4q": -0.42,
            "eps_4q_growth_year": -111.2,
            "roe": -2.45,
            "roe_4q": -3.24,
            "gross_profit": 268244,
            "gross_margin": 4.99,
            "gross_margin_4q_avg": 8.26,
            "net_income": -584616,
            "net_income_4q": null,
            "revenue": 5377989,
            "revenue_4q": null,
            "common_shares": 10809897,
            "book_valuer_per_share": 22.23,
            "book_valuer_per_share_4q_avg": 21.74,
            "equity": 23868431,
            "current_ratio": 131.75,
            "debt_ratio": 42.53,
            "inventory_turnover_ratio": 1.59,
            "account_receivable_turnover_ratio": 1.19,
            "reinvestment_rate": 70.24,
            "research_to_sale_ratio": 6.39,
            "price_fair": 158.2,
            "eps_avg_yearly": 4.52,
            "eps_latest_yearly": 4.72,
            "eps_growth_yearly": 284.43
        },
        "20132": {
            "year_quarter": 20132,
            "year": 2013,
            "quarter": 2,
            "eps": -0.93,
            "eps_growth_year": null,
            "eps_4q": -0.6,
            "eps_4q_growth_year": -133.58,
            "roe": -4.92,
            "roe_4q": -4.63,
            "gross_profit": 209369,
            "gross_margin": 7.15,
            "gross_margin_4q_avg": 9.93,
            "net_income": -1146607,
            "net_income_4q": null,
            "revenue": 2928445,
            "revenue_4q": null,
            "common_shares": 10809897,
            "book_valuer_per_share": 21.42,
            "book_valuer_per_share_4q_avg": 21.74,
            "equity": 22755179,
            "current_ratio": 110.61,
            "debt_ratio": 39.94,
            "inventory_turnover_ratio": 0.9,
            "account_receivable_turnover_ratio": 1.51,
            "reinvestment_rate": 76.98,
            "research_to_sale_ratio": 13.6,
            "price_fair": 158.2,
            "eps_avg_yearly": 4.52,
            "eps_latest_yearly": 4.72,
            "eps_growth_yearly": 284.43
        },
        "20133": {
            "year_quarter": 20133,
            "year": 2013,
            "quarter": 3,
            "eps": 0.45,
            "eps_growth_year": null,
            "eps_4q": 0.09,
            "eps_4q_growth_year": null,
            "roe": 2.73,
            "roe_4q": -0.3100000000000005,
            "gross_profit": 1031374,
            "gross_margin": 21.79,
            "gross_margin_4q_avg": 13.94,
            "net_income": 643755,
            "net_income_4q": null,
            "revenue": 4732242,
            "revenue_4q": null,
            "common_shares": 11409897,
            "book_valuer_per_share": 21.57,
            "book_valuer_per_share_4q_avg": 21.84,
            "equity": 24347159,
            "current_ratio": 137.44,
            "debt_ratio": 39.95,
            "inventory_turnover_ratio": 1.09,
            "account_receivable_turnover_ratio": 1.79,
            "reinvestment_rate": 61.82,
            "research_to_sale_ratio": 8.92,
            "price_fair": 158.2,
            "eps_avg_yearly": 4.52,
            "eps_latest_yearly": 4.72,
            "eps_growth_yearly": 284.43
        },
        "20134": {
            "year_quarter": 20134,
            "year": 2013,
            "quarter": 4,
            "eps": 0.89,
            "eps_growth_year": -11.28,
            "eps_4q": 0.03,
            "eps_4q_growth_year": null,
            "roe": 4.21,
            "roe_4q": -0.4300000000000006,
            "gross_profit": 1509694,
            "gross_margin": 25.73,
            "gross_margin_4q_avg": 14.92,
            "net_income": 1051459,
            "net_income_4q": null,
            "revenue": 5866453,
            "revenue_4q": null,
            "common_shares": 11409897,
            "book_valuer_per_share": 22.6,
            "book_valuer_per_share_4q_avg": 21.96,
            "equity": 25552115,
            "current_ratio": 166.05,
            "debt_ratio": 36.26,
            "inventory_turnover_ratio": 1.25,
            "account_receivable_turnover_ratio": 1.66,
            "reinvestment_rate": 11.65,
            "research_to_sale_ratio": 6.94,
            "price_fair": 166.91,
            "eps_avg_yearly": 4.77,
            "eps_latest_yearly": 3.56,
            "eps_growth_yearly": 162.81
        },
        "20141": {
            "year_quarter": 20141,
            "year": 2014,
            "quarter": 1,
            "eps": -0.85,
            "eps_growth_year": null,
            "eps_4q": -0.39,
            "eps_4q_growth_year": null,
            "roe": -3.88,
            "roe_4q": -1.8599999999999999,
            "gross_profit": -47177,
            "gross_margin": -1.59,
            "gross_margin_4q_avg": 13.27,
            "net_income": -979988,
            "net_income_4q": null,
            "revenue": 2961823,
            "revenue_4q": null,
            "common_shares": 11409897,
            "book_valuer_per_share": 21.99,
            "book_valuer_per_share_4q_avg": 21.9,
            "equity": 24905965,
            "current_ratio": 164.9,
            "debt_ratio": 35.7,
            "inventory_turnover_ratio": 0.98,
            "account_receivable_turnover_ratio": 1.17,
            "reinvestment_rate": 15,
            "research_to_sale_ratio": 14.25,
            "price_fair": 175.53,
            "eps_avg_yearly": 5.02,
            "eps_latest_yearly": 3.56,
            "eps_growth_yearly": 127.1
        },
        "20142": {
            "year_quarter": 20142,
            "year": 2014,
            "quarter": 2,
            "eps": 0.07,
            "eps_growth_year": null,
            "eps_4q": 0.57,
            "eps_4q_growth_year": null,
            "roe": 0.38,
            "roe_4q": 3.44,
            "gross_profit": 601852,
            "gross_margin": 15.74,
            "gross_margin_4q_avg": 15.42,
            "net_income": 93385,
            "net_income_4q": null,
            "revenue": 3823223,
            "revenue_4q": null,
            "common_shares": 11404677,
            "book_valuer_per_share": 21.72,
            "book_valuer_per_share_4q_avg": 21.97,
            "equity": 24606530,
            "current_ratio": 144.56,
            "debt_ratio": 37.14,
            "inventory_turnover_ratio": 1.07,
            "account_receivable_turnover_ratio": 2.1,
            "reinvestment_rate": 18.45,
            "research_to_sale_ratio": 11.27,
            "price_fair": 187.6,
            "eps_avg_yearly": 5.36,
            "eps_latest_yearly": 3.56,
            "eps_growth_yearly": 149.34
        },
        "20143": {
            "year_quarter": 20143,
            "year": 2014,
            "quarter": 3,
            "eps": 0.09,
            "eps_growth_year": -80,
            "eps_4q": 0.21,
            "eps_4q_growth_year": 143.76,
            "roe": 0.35,
            "roe_4q": 1.06,
            "gross_profit": 699695,
            "gross_margin": 17.19,
            "gross_margin_4q_avg": 14.27,
            "net_income": 86886,
            "net_income_4q": null,
            "revenue": 4069404,
            "revenue_4q": null,
            "common_shares": 11404677,
            "book_valuer_per_share": 21.97,
            "book_valuer_per_share_4q_avg": 22.07,
            "equity": 24880388,
            "current_ratio": 167.18,
            "debt_ratio": 36.85,
            "inventory_turnover_ratio": 1.17,
            "account_receivable_turnover_ratio": 1.57,
            "reinvestment_rate": -14.33,
            "research_to_sale_ratio": 10.49,
            "price_fair": 176.2,
            "eps_avg_yearly": 5.03,
            "eps_latest_yearly": 0.36,
            "eps_growth_yearly": 164.78
        },
        "20144": {
            "year_quarter": 20144,
            "year": 2014,
            "quarter": 4,
            "eps": 0.7,
            "eps_growth_year": -22.22,
            "eps_4q": 0.01,
            "eps_4q_growth_year": -54.01,
            "roe": 3.32,
            "roe_4q": 0.16999999999999993,
            "gross_profit": 316384,
            "gross_margin": 8.51,
            "gross_margin_4q_avg": 9.96,
            "net_income": 853926,
            "net_income_4q": null,
            "revenue": 3716755,
            "revenue_4q": null,
            "common_shares": 11404677,
            "book_valuer_per_share": 23.35,
            "book_valuer_per_share_4q_avg": 22.26,
            "equity": 26513002,
            "current_ratio": 174.28,
            "debt_ratio": 31.94,
            "inventory_turnover_ratio": 1.44,
            "account_receivable_turnover_ratio": 1.35,
            "reinvestment_rate": -13.62,
            "research_to_sale_ratio": 12.55,
            "price_fair": 154.6,
            "eps_avg_yearly": 4.42,
            "eps_latest_yearly": 2.8,
            "eps_growth_yearly": 455.11
        },
        "20151": {
            "year_quarter": 20151,
            "year": 2015,
            "quarter": 1,
            "eps": -0.99,
            "eps_growth_year": null,
            "eps_4q": -0.13,
            "eps_4q_growth_year": null,
            "roe": -4.55,
            "roe_4q": -0.5,
            "gross_profit": 633308,
            "gross_margin": 23.38,
            "gross_margin_4q_avg": 16.21,
            "net_income": -1171804,
            "net_income_4q": null,
            "revenue": 2708785,
            "revenue_4q": null,
            "common_shares": 11404677,
            "book_valuer_per_share": 22.05,
            "book_valuer_per_share_4q_avg": 22.27,
            "equity": 24981368,
            "current_ratio": 170.9,
            "debt_ratio": 30.32,
            "inventory_turnover_ratio": 1,
            "account_receivable_turnover_ratio": 1.32,
            "reinvestment_rate": -52.93,
            "research_to_sale_ratio": 13.44,
            "price_fair": 143.97,
            "eps_avg_yearly": 4.11,
            "eps_latest_yearly": 2.8,
            "eps_growth_yearly": 539.21
        },
        "20152": {
            "year_quarter": 20152,
            "year": 2015,
            "quarter": 2,
            "eps": 0.09,
            "eps_growth_year": 28.57,
            "eps_4q": -0.12,
            "eps_4q_growth_year": -120.2,
            "roe": 0.46,
            "roe_4q": -0.42000000000000004,
            "gross_profit": 1004964,
            "gross_margin": 28.89,
            "gross_margin_4q_avg": 19.49,
            "net_income": 114070,
            "net_income_4q": null,
            "revenue": 3479069,
            "revenue_4q": null,
            "common_shares": 11404677,
            "book_valuer_per_share": 22.02,
            "book_valuer_per_share_4q_avg": 22.35,
            "equity": 24959670,
            "current_ratio": 155.84,
            "debt_ratio": 29.31,
            "inventory_turnover_ratio": 1.16,
            "account_receivable_turnover_ratio": 1.79,
            "reinvestment_rate": -109.73,
            "research_to_sale_ratio": 12.09,
            "price_fair": 138.32,
            "eps_avg_yearly": 3.95,
            "eps_latest_yearly": 2.8,
            "eps_growth_yearly": 663.97
        },
        "20153": {
            "year_quarter": 20153,
            "year": 2015,
            "quarter": 3,
            "eps": 0.7,
            "eps_growth_year": 677.78,
            "eps_4q": 0.5,
            "eps_4q_growth_year": 136.12,
            "roe": 3.17,
            "roe_4q": 2.4,
            "gross_profit": 1508626,
            "gross_margin": 34.92,
            "gross_margin_4q_avg": 23.93,
            "net_income": 809800,
            "net_income_4q": null,
            "revenue": 4320854,
            "revenue_4q": null,
            "common_shares": 11404677,
            "book_valuer_per_share": 23.04,
            "book_valuer_per_share_4q_avg": 22.62,
            "equity": 26123381,
            "current_ratio": 177.49,
            "debt_ratio": 26.24,
            "inventory_turnover_ratio": 1.45,
            "account_receivable_turnover_ratio": 1.68,
            "reinvestment_rate": -1479.21,
            "research_to_sale_ratio": 10.24,
            "price_fair": 99.68,
            "eps_avg_yearly": 2.85,
            "eps_latest_yearly": 2.8,
            "eps_growth_yearly": 1150.91
        },
        "20154": {
            "year_quarter": 20154,
            "year": 2015,
            "quarter": 4,
            "eps": 0.67,
            "eps_growth_year": -3.46,
            "eps_4q": 0.47,
            "eps_4q_growth_year": 3902.22,
            "roe": 3.09,
            "roe_4q": 2.17,
            "gross_profit": 1001832,
            "gross_margin": 35.81,
            "gross_margin_4q_avg": 30.75,
            "net_income": 815539,
            "net_income_4q": null,
            "revenue": 2797795,
            "revenue_4q": null,
            "common_shares": 11404677,
            "book_valuer_per_share": 23.39,
            "book_valuer_per_share_4q_avg": 22.63,
            "equity": 26583530,
            "current_ratio": 227.45,
            "debt_ratio": 20.47,
            "inventory_turnover_ratio": 1.12,
            "account_receivable_turnover_ratio": 1.26,
            "reinvestment_rate": null,
            "research_to_sale_ratio": 17.52,
            "price_fair": 85.4,
            "eps_avg_yearly": 2.44,
            "eps_latest_yearly": 2.68,
            "eps_growth_yearly": 1182.1
        },
        "20161": {
            "year_quarter": 20161,
            "year": 2016,
            "quarter": 1,
            "eps": -0.22,
            "eps_growth_year": null,
            "eps_4q": 1.22,
            "eps_4q_growth_year": null,
            "roe": -1,
            "roe_4q": 5.72,
            "gross_profit": 738289,
            "gross_margin": 29.49,
            "gross_margin_4q_avg": 32.28,
            "net_income": -263353,
            "net_income_4q": null,
            "revenue": 2503403,
            "revenue_4q": null,
            "common_shares": 11404677,
            "book_valuer_per_share": 23.09,
            "book_valuer_per_share_4q_avg": 22.89,
            "equity": 26247910,
            "current_ratio": 215.86,
            "debt_ratio": 21.49,
            "inventory_turnover_ratio": 1.15,
            "account_receivable_turnover_ratio": 1.7,
            "reinvestment_rate": -2089.42,
            "research_to_sale_ratio": 17.26,
            "price_fair": 85.4,
            "eps_avg_yearly": 2.44,
            "eps_latest_yearly": 2.68,
            "eps_growth_yearly": 1182.1
        },
        "20162": {
            "year_quarter": 20162,
            "year": 2016,
            "quarter": 2,
            "eps": 0.68,
            "eps_growth_year": 655.56,
            "eps_4q": 1.83,
            "eps_4q_growth_year": null,
            "roe": 3.07,
            "roe_4q": 8.33,
            "gross_profit": 1402701,
            "gross_margin": 39.12,
            "gross_margin_4q_avg": 34.84,
            "net_income": 806500,
            "net_income_4q": null,
            "revenue": 3585196,
            "revenue_4q": null,
            "common_shares": 11404677,
            "book_valuer_per_share": 23.24,
            "book_valuer_per_share_4q_avg": 23.19,
            "equity": 26259943,
            "current_ratio": 217.78,
            "debt_ratio": 22.89,
            "inventory_turnover_ratio": 1.22,
            "account_receivable_turnover_ratio": 1.95,
            "reinvestment_rate": -390.74,
            "research_to_sale_ratio": 12.54,
            "price_fair": 85.4,
            "eps_avg_yearly": 2.44,
            "eps_latest_yearly": 2.68,
            "eps_growth_yearly": 1182.1
        },
        "20163": {
            "year_quarter": 20163,
            "year": 2016,
            "quarter": 3,
            "eps": 0.45,
            "eps_growth_year": -35.71,
            "eps_4q": 1.59,
            "eps_4q_growth_year": 220.08,
            "roe": 1.94,
            "roe_4q": 7.1,
            "gross_profit": 1694740,
            "gross_margin": 38.14,
            "gross_margin_4q_avg": 35.64,
            "net_income": 509941,
            "net_income_4q": null,
            "revenue": 4443828,
            "revenue_4q": null,
            "common_shares": 11404677,
            "book_valuer_per_share": 23.41,
            "book_valuer_per_share_4q_avg": 23.28,
            "equity": 26192380,
            "current_ratio": 249.88,
            "debt_ratio": 21.66,
            "inventory_turnover_ratio": 1.41,
            "account_receivable_turnover_ratio": 1.78,
            "reinvestment_rate": -298.31,
            "research_to_sale_ratio": 10.77,
            "price_fair": 81.67,
            "eps_avg_yearly": 2.33,
            "eps_latest_yearly": 1.8,
            "eps_growth_yearly": 962.53
        },
        "20164": {
            "year_quarter": 20164,
            "year": 2016,
            "quarter": 4,
            "eps": 0.8,
            "eps_growth_year": 18.48,
            "eps_4q": 1.7,
            "eps_4q_growth_year": 260.08,
            "roe": 3.53,
            "roe_4q": 7.539999999999999,
            "gross_profit": 1284816,
            "gross_margin": 36.99,
            "gross_margin_4q_avg": 35.94,
            "net_income": 940233,
            "net_income_4q": null,
            "revenue": 3473779,
            "revenue_4q": null,
            "common_shares": 11404677,
            "book_valuer_per_share": 24.18,
            "book_valuer_per_share_4q_avg": 23.48,
            "equity": 27089139,
            "current_ratio": 285.91,
            "debt_ratio": 18.93,
            "inventory_turnover_ratio": 1.28,
            "account_receivable_turnover_ratio": 1.61,
            "reinvestment_rate": -375.95,
            "research_to_sale_ratio": 14.01,
            "price_fair": 86,
            "eps_avg_yearly": 2.46,
            "eps_latest_yearly": 3.2,
            "eps_growth_yearly": 869.47
        },
        "20171": {
            "year_quarter": 20171,
            "year": 2017,
            "quarter": 1,
            "eps": 0.14,
            "eps_growth_year": null,
            "eps_4q": 2.09,
            "eps_4q_growth_year": 70.38,
            "roe": 0.58,
            "roe_4q": 9.12,
            "gross_profit": 1246184,
            "gross_margin": 38.73,
            "gross_margin_4q_avg": 38.25,
            "net_income": 154457,
            "net_income_4q": null,
            "revenue": 3217866,
            "revenue_4q": null,
            "common_shares": 11404677,
            "book_valuer_per_share": 23.74,
            "book_valuer_per_share_4q_avg": 23.64,
            "equity": 26604641,
            "current_ratio": 266.62,
            "debt_ratio": 20.64,
            "inventory_turnover_ratio": 1.3,
            "account_receivable_turnover_ratio": 1.79,
            "reinvestment_rate": -281.23,
            "research_to_sale_ratio": 14,
            "price_fair": 77.7,
            "eps_avg_yearly": 2.22,
            "eps_latest_yearly": 0.56,
            "eps_growth_yearly": 719.54
        },
        "20172": {
            "year_quarter": 20172,
            "year": 2017,
            "quarter": 2,
            "eps": 0.71,
            "eps_growth_year": 4.41,
            "eps_4q": 2.1,
            "eps_4q_growth_year": 14.94,
            "roe": 3.14,
            "roe_4q": 9.19,
            "gross_profit": 1480929,
            "gross_margin": 40.13,
            "gross_margin_4q_avg": 38.5,
            "net_income": 820271,
            "net_income_4q": null,
            "revenue": 3690105,
            "revenue_4q": null,
            "common_shares": 11404677,
            "book_valuer_per_share": 22.74,
            "book_valuer_per_share_4q_avg": 23.52,
            "equity": 25695871,
            "current_ratio": 199.6,
            "debt_ratio": 27.19,
            "inventory_turnover_ratio": 1.38,
            "account_receivable_turnover_ratio": 1.87,
            "reinvestment_rate": -176.7,
            "research_to_sale_ratio": 11.19,
            "price_fair": 80.11,
            "eps_avg_yearly": 2.29,
            "eps_latest_yearly": 2.84,
            "eps_growth_yearly": 820.54
        },
        "20173": {
            "year_quarter": 20173,
            "year": 2017,
            "quarter": 3,
            "eps": 1.04,
            "eps_growth_year": 131.11,
            "eps_4q": 2.69,
            "eps_4q_growth_year": 68.99,
            "roe": 4.43,
            "roe_4q": 11.68,
            "gross_profit": 2081893,
            "gross_margin": 43.46,
            "gross_margin_4q_avg": 39.83,
            "net_income": 1167983,
            "net_income_4q": null,
            "revenue": 4790750,
            "revenue_4q": null,
            "common_shares": 11404677,
            "book_valuer_per_share": 23.81,
            "book_valuer_per_share_4q_avg": 23.62,
            "equity": 27038840,
            "current_ratio": 211.61,
            "debt_ratio": 26.19,
            "inventory_turnover_ratio": 1.5,
            "account_receivable_turnover_ratio": 2.05,
            "reinvestment_rate": -132.25,
            "research_to_sale_ratio": 10.97,
            "price_fair": 86.66,
            "eps_avg_yearly": 2.48,
            "eps_latest_yearly": 4.16,
            "eps_growth_yearly": 757.08
        },
        "20174": {
            "year_quarter": 20174,
            "year": 2017,
            "quarter": 4,
            "eps": -0.04,
            "eps_growth_year": -105.65,
            "eps_4q": 1.85,
            "eps_4q_growth_year": 8.64,
            "roe": -0.22,
            "roe_4q": 7.93,
            "gross_profit": 1475410,
            "gross_margin": 42.1,
            "gross_margin_4q_avg": 41.11,
            "net_income": -60381,
            "net_income_4q": null,
            "revenue": 3504613,
            "revenue_4q": null,
            "common_shares": 11404677,
            "book_valuer_per_share": 23.97,
            "book_valuer_per_share_4q_avg": 23.57,
            "equity": 27226895,
            "current_ratio": 258.28,
            "debt_ratio": 24.11,
            "inventory_turnover_ratio": 0.98,
            "account_receivable_turnover_ratio": 1.49,
            "reinvestment_rate": -161.96,
            "research_to_sale_ratio": 15.62,
            "price_fair": 82.44,
            "eps_avg_yearly": 2.36,
            "eps_latest_yearly": 4.16,
            "eps_growth_yearly": 797.74
        },
        "20181": {
            "year_quarter": 20181,
            "year": 2018,
            "quarter": 1,
            "eps": 0.04,
            "eps_growth_year": -71.43,
            "eps_4q": 1.75,
            "eps_4q_growth_year": -16.28,
            "roe": 0.18,
            "roe_4q": 7.529999999999999,
            "gross_profit": 1108629,
            "gross_margin": 38.26,
            "gross_margin_4q_avg": 40.99,
            "net_income": 49055,
            "net_income_4q": null,
            "revenue": 2897634,
            "revenue_4q": null,
            "common_shares": 11404677,
            "book_valuer_per_share": 24.36,
            "book_valuer_per_share_4q_avg": 23.72,
            "equity": 27680145,
            "current_ratio": 296.2,
            "debt_ratio": 20.53,
            "inventory_turnover_ratio": 0.78,
            "account_receivable_turnover_ratio": 1.59,
            "reinvestment_rate": -187.12,
            "research_to_sale_ratio": 17.04,
            "price_fair": 82.44,
            "eps_avg_yearly": 2.36,
            "eps_latest_yearly": 4.16,
            "eps_growth_yearly": 797.74
        },
        "20182": {
            "year_quarter": 20182,
            "year": 2018,
            "quarter": 2,
            "eps": 0.77,
            "eps_growth_year": 8.45,
            "eps_4q": 1.8,
            "eps_4q_growth_year": -14.27,
            "roe": 3.3,
            "roe_4q": 7.6899999999999995,
            "gross_profit": 1360250,
            "gross_margin": 37.66,
            "gross_margin_4q_avg": 40.37,
            "net_income": 899755,
            "net_income_4q": null,
            "revenue": 3611856,
            "revenue_4q": null,
            "common_shares": 11404677,
            "book_valuer_per_share": 23.59,
            "book_valuer_per_share_4q_avg": 23.93,
            "equity": 26858681,
            "current_ratio": 204.7,
            "debt_ratio": 27.83,
            "inventory_turnover_ratio": 0.9,
            "account_receivable_turnover_ratio": 1.75,
            "reinvestment_rate": -157.66,
            "research_to_sale_ratio": 15.04,
            "price_fair": 84.98,
            "eps_avg_yearly": 2.43,
            "eps_latest_yearly": 3.08,
            "eps_growth_yearly": 1447.97
        },
        "20183": {
            "year_quarter": 20183,
            "year": 2018,
            "quarter": 3,
            "eps": 0.74,
            "eps_growth_year": -28.85,
            "eps_4q": 1.5,
            "eps_4q_growth_year": -44.31,
            "roe": 3.1,
            "roe_4q": 6.36,
            "gross_profit": 1720940,
            "gross_margin": 43.39,
            "gross_margin_4q_avg": 40.35,
            "net_income": 848059,
            "net_income_4q": null,
            "revenue": 3966055,
            "revenue_4q": null,
            "common_shares": 11404677,
            "book_valuer_per_share": 24.4,
            "book_valuer_per_share_4q_avg": 24.08,
            "equity": 27942671,
            "current_ratio": 226.43,
            "debt_ratio": 24.99,
            "inventory_turnover_ratio": 0.93,
            "account_receivable_turnover_ratio": 1.57,
            "reinvestment_rate": -105.75,
            "research_to_sale_ratio": 13.42,
            "price_fair": 94.08,
            "eps_avg_yearly": 2.69,
            "eps_latest_yearly": 2.96,
            "eps_growth_yearly": 1434.98
        },
        "20184": {
            "year_quarter": 20184,
            "year": 2018,
            "quarter": 4,
            "eps": 0.77,
            "eps_growth_year": null,
            "eps_4q": 2.31,
            "eps_4q_growth_year": 25.01,
            "roe": 3.18,
            "roe_4q": 9.76,
            "gross_profit": 1740357,
            "gross_margin": 46.62,
            "gross_margin_4q_avg": 41.48,
            "net_income": 895207,
            "net_income_4q": null,
            "revenue": 3733116,
            "revenue_4q": null,
            "common_shares": 11404677,
            "book_valuer_per_share": 24.71,
            "book_valuer_per_share_4q_avg": 24.27,
            "equity": 28314444,
            "current_ratio": 287.27,
            "debt_ratio": 23.3,
            "inventory_turnover_ratio": 0.95,
            "account_receivable_turnover_ratio": 1.55,
            "reinvestment_rate": -105.6,
            "research_to_sale_ratio": 13.46,
            "price_fair": 95.06,
            "eps_avg_yearly": 2.72,
            "eps_latest_yearly": 3.08,
            "eps_growth_yearly": 1165.49
        },
        "20191": {
            "year_quarter": 20191,
            "year": 2019,
            "quarter": 1,
            "eps": 0.39,
            "eps_growth_year": 875,
            "eps_4q": 2.66,
            "eps_4q_growth_year": 52.52,
            "roe": 1.59,
            "roe_4q": 11.170000000000002,
            "gross_profit": 1253340,
            "gross_margin": 42.42,
            "gross_margin_4q_avg": 42.52,
            "net_income": 459610,
            "net_income_4q": null,
            "revenue": 2954772,
            "revenue_4q": null,
            "common_shares": 11404677,
            "book_valuer_per_share": 25.69,
            "book_valuer_per_share_4q_avg": 24.6,
            "equity": 29437711,
            "current_ratio": 273,
            "debt_ratio": 27.27,
            "inventory_turnover_ratio": 0.82,
            "account_receivable_turnover_ratio": 1.26,
            "reinvestment_rate": -79.2,
            "research_to_sale_ratio": 18.62,
            "price_fair": 91.38,
            "eps_avg_yearly": 2.61,
            "eps_latest_yearly": 1.56,
            "eps_growth_yearly": 1041.59
        },
        "20192": {
            "year_quarter": 20192,
            "year": 2019,
            "quarter": 2,
            "eps": 0.78,
            "eps_growth_year": 1.3,
            "eps_4q": 2.68,
            "eps_4q_growth_year": 48.93,
            "roe": 3.16,
            "roe_4q": 11.03,
            "gross_profit": 1476250,
            "gross_margin": 41.53,
            "gross_margin_4q_avg": 43.49,
            "net_income": 916051,
            "net_income_4q": null,
            "revenue": 3555010,
            "revenue_4q": null,
            "common_shares": 11404677,
            "book_valuer_per_share": 24.81,
            "book_valuer_per_share_4q_avg": 24.9,
            "equity": 28471994,
            "current_ratio": 220.44,
            "debt_ratio": 30.98,
            "inventory_turnover_ratio": 0.96,
            "account_receivable_turnover_ratio": 1.52,
            "reinvestment_rate": -66.38,
            "research_to_sale_ratio": 16.27,
            "price_fair": 92.87,
            "eps_avg_yearly": 2.65,
            "eps_latest_yearly": 3.12,
            "eps_growth_yearly": 988.13
        },
        "20193": {
            "year_quarter": 20193,
            "year": 2019,
            "quarter": 3,
            "eps": 1.01,
            "eps_growth_year": 36.49,
            "eps_4q": 2.95,
            "eps_4q_growth_year": 96.78,
            "roe": 4.1,
            "roe_4q": 12.03,
            "gross_profit": 1661359,
            "gross_margin": 45.41,
            "gross_margin_4q_avg": 44,
            "net_income": 1176967,
            "net_income_4q": null,
            "revenue": 3658938,
            "revenue_4q": null,
            "common_shares": 11404677,
            "book_valuer_per_share": 25.11,
            "book_valuer_per_share_4q_avg": 25.08,
            "equity": 28934246,
            "current_ratio": 223.84,
            "debt_ratio": 30.77,
            "inventory_turnover_ratio": 0.97,
            "account_receivable_turnover_ratio": 1.51,
            "reinvestment_rate": -57.55,
            "research_to_sale_ratio": 16.73,
            "price_fair": 96.48,
            "eps_avg_yearly": 2.76,
            "eps_latest_yearly": 4.04,
            "eps_growth_yearly": 772.03
        },
        "20194": {
            "year_quarter": 20194,
            "year": 2019,
            "quarter": 4,
            "eps": 0.54,
            "eps_growth_year": -29.85,
            "eps_4q": 2.72,
            "eps_4q_growth_year": 17.55,
            "roe": 2.13,
            "roe_4q": 10.98,
            "gross_profit": 1647637,
            "gross_margin": 47.99,
            "gross_margin_4q_avg": 44.34,
            "net_income": 620969,
            "net_income_4q": null,
            "revenue": 3432956,
            "revenue_4q": null,
            "common_shares": 11404677,
            "book_valuer_per_share": 25.57,
            "book_valuer_per_share_4q_avg": 25.3,
            "equity": 29452784,
            "current_ratio": 234.98,
            "debt_ratio": 29.24,
            "inventory_turnover_ratio": 0.9,
            "account_receivable_turnover_ratio": 1.48,
            "reinvestment_rate": -42.33,
            "research_to_sale_ratio": 18.46,
            "price_fair": 94.97,
            "eps_avg_yearly": 2.71,
            "eps_latest_yearly": 2.16,
            "eps_growth_yearly": 757.95
        },
        "20201": {
            "year_quarter": 20201,
            "year": 2020,
            "quarter": 1,
            "eps": 0.69,
            "eps_growth_year": 76.92,
            "eps_4q": 3.03,
            "eps_4q_growth_year": 13.61,
            "roe": 2.79,
            "roe_4q": 12.18,
            "gross_profit": 1349277,
            "gross_margin": 46.17,
            "gross_margin_4q_avg": 45.28,
            "net_income": 812868,
            "net_income_4q": null,
            "revenue": 2922127,
            "revenue_4q": null,
            "common_shares": 11404677,
            "book_valuer_per_share": 25.05,
            "book_valuer_per_share_4q_avg": 25.14,
            "equity": 28877071,
            "current_ratio": 217.34,
            "debt_ratio": 29.4,
            "inventory_turnover_ratio": 0.73,
            "account_receivable_turnover_ratio": 1.41,
            "reinvestment_rate": -33.03,
            "research_to_sale_ratio": 20.26,
            "price_fair": 95.09,
            "eps_avg_yearly": 2.72,
            "eps_latest_yearly": 2.76,
            "eps_growth_yearly": 708.19
        },
        "20202": {
            "year_quarter": 20202,
            "year": 2020,
            "quarter": 2,
            "eps": 0.86,
            "eps_growth_year": 10.26,
            "eps_4q": 3.11,
            "eps_4q_growth_year": 15.74,
            "roe": 3.52,
            "roe_4q": 12.540000000000001,
            "gross_profit": 1581389,
            "gross_margin": 42.39,
            "gross_margin_4q_avg": 45.49,
            "net_income": 993509,
            "net_income_4q": null,
            "revenue": 3730823,
            "revenue_4q": null,
            "common_shares": 11404677,
            "book_valuer_per_share": 23.83,
            "book_valuer_per_share_4q_avg": 24.89,
            "equity": 27509366,
            "current_ratio": 169.31,
            "debt_ratio": 36.11,
            "inventory_turnover_ratio": 0.96,
            "account_receivable_turnover_ratio": 1.7,
            "reinvestment_rate": -29,
            "research_to_sale_ratio": 15.5,
            "price_fair": 96.9,
            "eps_avg_yearly": 2.77,
            "eps_latest_yearly": 3.44,
            "eps_growth_yearly": 664.64
        },
        "20203": {
            "year_quarter": 20203,
            "year": 2020,
            "quarter": 3,
            "eps": 0.73,
            "eps_growth_year": -27.72,
            "eps_4q": 2.82,
            "eps_4q_growth_year": -4.2,
            "roe": 2.98,
            "roe_4q": 11.419999999999998,
            "gross_profit": 2145046,
            "gross_margin": 48.18,
            "gross_margin_4q_avg": 46.18,
            "net_income": 831157,
            "net_income_4q": null,
            "revenue": 4452003,
            "revenue_4q": null,
            "common_shares": 11404677,
            "book_valuer_per_share": 24.56,
            "book_valuer_per_share_4q_avg": 24.75,
            "equity": 28342876,
            "current_ratio": 173.22,
            "debt_ratio": 34.41,
            "inventory_turnover_ratio": 1.12,
            "account_receivable_turnover_ratio": 1.9,
            "reinvestment_rate": -21.01,
            "research_to_sale_ratio": 14.15,
            "price_fair": 99.7,
            "eps_avg_yearly": 2.85,
            "eps_latest_yearly": 2.92,
            "eps_growth_yearly": 669.99
        },
        "20204": {
            "year_quarter": 20204,
            "year": 2020,
            "quarter": 4,
            "eps": 0.89,
            "eps_growth_year": 65.45,
            "eps_4q": 3.18,
            "eps_4q_growth_year": 16.82,
            "roe": 3.49,
            "roe_4q": 12.780000000000001,
            "gross_profit": 1946169,
            "gross_margin": 45.71,
            "gross_margin_4q_avg": 45.61,
            "net_income": 1036154,
            "net_income_4q": null,
            "revenue": 4257902,
            "revenue_4q": null,
            "common_shares": 11404677,
            "book_valuer_per_share": 26.89,
            "book_valuer_per_share_4q_avg": 25.08,
            "equity": 31044773,
            "current_ratio": 189.49,
            "debt_ratio": 32.22,
            "inventory_turnover_ratio": 1.13,
            "account_receivable_turnover_ratio": 2.25,
            "reinvestment_rate": -15.17,
            "research_to_sale_ratio": 15.65,
            "price_fair": 100.6,
            "eps_avg_yearly": 2.87,
            "eps_latest_yearly": 3.56,
            "eps_growth_yearly": 654.03
        },
        "20211": {
            "year_quarter": 20211,
            "year": 2021,
            "quarter": 1,
            "eps": 1.03,
            "eps_growth_year": 49.28,
            "eps_4q": 3.51,
            "eps_4q_growth_year": 16,
            "roe": 3.87,
            "roe_4q": 13.86,
            "gross_profit": 2212018,
            "gross_margin": 49.87,
            "gross_margin_4q_avg": 46.54,
            "net_income": 1181654,
            "net_income_4q": null,
            "revenue": 4435764,
            "revenue_4q": null,
            "common_shares": 11404677,
            "book_valuer_per_share": 25.99,
            "book_valuer_per_share_4q_avg": 25.32,
            "equity": 30009101,
            "current_ratio": 123.36,
            "debt_ratio": 38.84,
            "inventory_turnover_ratio": 1,
            "account_receivable_turnover_ratio": 2.89,
            "reinvestment_rate": -12.55,
            "research_to_sale_ratio": 12.96,
            "price_fair": 109.5,
            "eps_avg_yearly": 3.13,
            "eps_latest_yearly": 4.12,
            "eps_growth_yearly": 682.09
        },
        "20212": {
            "year_quarter": 20212,
            "year": 2021,
            "quarter": 2,
            "eps": 1.23,
            "eps_growth_year": 43.02,
            "eps_4q": 3.88,
            "eps_4q_growth_year": 24.77,
            "roe": 4.55,
            "roe_4q": 14.89,
            "gross_profit": 1657426,
            "gross_margin": 40.92,
            "gross_margin_4q_avg": 46.17,
            "net_income": 1413266,
            "net_income_4q": null,
            "revenue": 4050417,
            "revenue_4q": null,
            "common_shares": 11404677,
            "book_valuer_per_share": 27.82,
            "book_valuer_per_share_4q_avg": 26.32,
            "equity": 32092526,
            "current_ratio": 115.45,
            "debt_ratio": 36.88,
            "inventory_turnover_ratio": 0.89,
            "account_receivable_turnover_ratio": 2.31,
            "reinvestment_rate": 1.22,
            "research_to_sale_ratio": 15.55,
            "price_fair": 114.7,
            "eps_avg_yearly": 3.28,
            "eps_latest_yearly": 4.92,
            "eps_growth_yearly": 571.32
        },
        "20213": {
            "year_quarter": 20213,
            "year": 2021,
            "quarter": 3,
            "eps": 1.08,
            "eps_growth_year": 47.95,
            "eps_4q": 4.21,
            "eps_4q_growth_year": 49.14,
            "roe": 3.82,
            "roe_4q": 15.729999999999999,
            "gross_profit": 1864244,
            "gross_margin": 42.4,
            "gross_margin_4q_avg": 44.73,
            "net_income": 1235145,
            "net_income_4q": null,
            "revenue": 4396760,
            "revenue_4q": null,
            "common_shares": 11404047,
            "book_valuer_per_share": 28.13,
            "book_valuer_per_share_4q_avg": 27.21,
            "equity": 32607085,
            "current_ratio": 116.25,
            "debt_ratio": 36.8,
            "inventory_turnover_ratio": 0.74,
            "account_receivable_turnover_ratio": 2.24,
            "reinvestment_rate": 5.86,
            "research_to_sale_ratio": 14.22,
            "price_fair": 115.1,
            "eps_avg_yearly": 3.29,
            "eps_latest_yearly": 4.32,
            "eps_growth_yearly": 554.55
        },
        "20214": {
            "year_quarter": 20214,
            "year": 2021,
            "quarter": 4,
            "eps": 1.2,
            "eps_growth_year": 33.83,
            "eps_4q": 4.52,
            "eps_4q_growth_year": 42.2,
            "roe": 4.05,
            "roe_4q": 16.29,
            "gross_profit": 2854132,
            "gross_margin": 42.17,
            "gross_margin_4q_avg": 43.84,
            "net_income": 1381983,
            "net_income_4q": null,
            "revenue": 6767623,
            "revenue_4q": null,
            "common_shares": 11404047,
            "book_valuer_per_share": 30.84,
            "book_valuer_per_share_4q_avg": 28.2,
            "equity": 35697885,
            "current_ratio": 107.98,
            "debt_ratio": 37.38,
            "inventory_turnover_ratio": 0.98,
            "account_receivable_turnover_ratio": 2.53,
            "reinvestment_rate": 10.93,
            "research_to_sale_ratio": 12.11,
            "price_fair": 118.63,
            "eps_avg_yearly": 3.39,
            "eps_latest_yearly": 4.8,
            "eps_growth_yearly": 520.54
        },
        "20221": {
            "year_quarter": 20221,
            "year": 2022,
            "quarter": 1,
            "eps": 1.28,
            "eps_growth_year": 24.27,
            "eps_4q": 4.77,
            "eps_4q_growth_year": 36,
            "roe": 4.13,
            "roe_4q": 16.55,
            "gross_profit": 2871281,
            "gross_margin": 48.17,
            "gross_margin_4q_avg": 43.42,
            "net_income": 1469605,
            "net_income_4q": null,
            "revenue": 5960861,
            "revenue_4q": null,
            "common_shares": 11404047,
            "book_valuer_per_share": 30.61,
            "book_valuer_per_share_4q_avg": 29.35,
            "equity": 35457610,
            "current_ratio": 108.53,
            "debt_ratio": 41.99,
            "inventory_turnover_ratio": 0.72,
            "account_receivable_turnover_ratio": 2.12,
            "reinvestment_rate": 28.53,
            "research_to_sale_ratio": 11.43,
            "price_fair": 122.41,
            "eps_avg_yearly": 3.5,
            "eps_latest_yearly": 5.12,
            "eps_growth_yearly": 489.68
        },
        "20222": {
            "year_quarter": 20222,
            "year": 2022,
            "quarter": 2,
            "eps": 2.08,
            "eps_growth_year": 69.11,
            "eps_4q": 5.64,
            "eps_4q_growth_year": 45.36,
            "roe": 6.66,
            "roe_4q": 18.66,
            "gross_profit": 3513421,
            "gross_margin": 47.14,
            "gross_margin_4q_avg": 44.97,
            "net_income": 2391265,
            "net_income_4q": null,
            "revenue": 7452422,
            "revenue_4q": null,
            "common_shares": 11404047,
            "book_valuer_per_share": 31.42,
            "book_valuer_per_share_4q_avg": 30.25,
            "equity": 36369100,
            "current_ratio": 132.16,
            "debt_ratio": 39.18,
            "inventory_turnover_ratio": 0.88,
            "account_receivable_turnover_ratio": 2.39,
            "reinvestment_rate": 28.06,
            "research_to_sale_ratio": 10.09,
            "price_fair": 133.88,
            "eps_avg_yearly": 3.83,
            "eps_latest_yearly": 8.32,
            "eps_growth_yearly": 49.05
        },
        "20223": {
            "year_quarter": 20223,
            "year": 2022,
            "quarter": 3,
            "eps": 3.72,
            "eps_growth_year": 244.44,
            "eps_4q": 8.28,
            "eps_4q_growth_year": 96.7,
            "roe": 10.97,
            "roe_4q": 25.810000000000002,
            "gross_profit": 4904178,
            "gross_margin": 60.52,
            "gross_margin_4q_avg": 49.5,
            "net_income": 4267106,
            "net_income_4q": null,
            "revenue": 8103880,
            "revenue_4q": null,
            "common_shares": 11404047,
            "book_valuer_per_share": 35.85,
            "book_valuer_per_share_4q_avg": 32.18,
            "equity": 41431361,
            "current_ratio": 155.58,
            "debt_ratio": 35.27,
            "inventory_turnover_ratio": 0.67,
            "account_receivable_turnover_ratio": 2.3,
            "reinvestment_rate": 28.85,
            "research_to_sale_ratio": 9.98,
            "price_fair": 159.95,
            "eps_avg_yearly": 4.57,
            "eps_latest_yearly": 14.88,
            "eps_growth_yearly": 69.74
        },
        "20224": {
            "year_quarter": 20224,
            "year": 2022,
            "quarter": 4,
            "eps": 1.61,
            "eps_growth_year": 34.51,
            "eps_4q": 8.69,
            "eps_4q_growth_year": 92.46,
            "roe": 4.23,
            "roe_4q": 25.99,
            "gross_profit": 4941092,
            "gross_margin": 57.84,
            "gross_margin_4q_avg": 53.42,
            "net_income": 1811369,
            "net_income_4q": null,
            "revenue": 8543346,
            "revenue_4q": null,
            "common_shares": 11404047,
            "book_valuer_per_share": 38.31,
            "book_valuer_per_share_4q_avg": 34.05,
            "equity": 44263204,
            "current_ratio": 187.68,
            "debt_ratio": 32.03,
            "inventory_turnover_ratio": 0.76,
            "account_receivable_turnover_ratio": 2.17,
            "reinvestment_rate": 32.58,
            "research_to_sale_ratio": 14.26,
            "price_fair": 167.3,
            "eps_avg_yearly": 4.78,
            "eps_latest_yearly": 6.44,
            "eps_growth_yearly": 54.54
        },
        "20231": {
            "year_quarter": 20231,
            "year": 2023,
            "quarter": 1,
            "eps": 1.54,
            "eps_growth_year": 20.31,
            "eps_4q": 8.95,
            "eps_4q_growth_year": 87.45,
            "roe": 4.16,
            "roe_4q": 26.02,
            "gross_profit": 3553390,
            "gross_margin": 49.15,
            "gross_margin_4q_avg": 53.66,
            "net_income": 1766175,
            "net_income_4q": null,
            "revenue": 7229676,
            "revenue_4q": null,
            "common_shares": 11404047,
            "book_valuer_per_share": 35.19,
            "book_valuer_per_share_4q_avg": 35.19,
            "equity": 40701104,
            "current_ratio": 134.52,
            "debt_ratio": 40.45,
            "inventory_turnover_ratio": 0.91,
            "account_receivable_turnover_ratio": 1.72,
            "reinvestment_rate": 32.45,
            "research_to_sale_ratio": 12.16,
            "price_fair": 177.36,
            "eps_avg_yearly": 5.07,
            "eps_latest_yearly": 6.16,
            "eps_growth_yearly": 65.79
        },
        "20232": {
            "year_quarter": 20232,
            "year": 2023,
            "quarter": 2,
            "eps": 2.12,
            "eps_growth_year": 1.92,
            "eps_4q": 8.99,
            "eps_4q_growth_year": 59.53,
            "roe": 5.8,
            "roe_4q": 25.160000000000004,
            "gross_profit": 3841288,
            "gross_margin": 53.08,
            "gross_margin_4q_avg": 55.15,
            "net_income": 2436415,
            "net_income_4q": null,
            "revenue": 7236126,
            "revenue_4q": null,
            "common_shares": 11404047,
            "book_valuer_per_share": 37.47,
            "book_valuer_per_share_4q_avg": 36.71,
            "equity": 43334812,
            "current_ratio": 142.77,
            "debt_ratio": 37.24,
            "inventory_turnover_ratio": 1.04,
            "account_receivable_turnover_ratio": 2.2,
            "reinvestment_rate": 31.04,
            "research_to_sale_ratio": 12.28,
            "price_fair": 189.09,
            "eps_avg_yearly": 5.4,
            "eps_latest_yearly": 8.48,
            "eps_growth_yearly": 50.21
        },
        "20233": {
            "year_quarter": 20233,
            "year": 2023,
            "quarter": 3,
            "eps": 2.1,
            "eps_growth_year": -43.55,
            "eps_4q": 7.34,
            "eps_4q_growth_year": -11.29,
            "roe": 5.32,
            "roe_4q": 19.51,
            "gross_profit": 3779931,
            "gross_margin": 55.41,
            "gross_margin_4q_avg": 53.87,
            "net_income": 2411744,
            "net_income_4q": null,
            "revenue": 6821229,
            "revenue_4q": null,
            "common_shares": 11404047,
            "book_valuer_per_share": 40.98,
            "book_valuer_per_share_4q_avg": 37.99,
            "equity": 47381418,
            "current_ratio": 155.64,
            "debt_ratio": 34.54,
            "inventory_turnover_ratio": 1.07,
            "account_receivable_turnover_ratio": 2.28,
            "reinvestment_rate": 33.22,
            "research_to_sale_ratio": 13.74,
            "price_fair": 198.63,
            "eps_avg_yearly": 5.68,
            "eps_latest_yearly": 8.4,
            "eps_growth_yearly": 42.6
        },
        "20234": {
            "year_quarter": 20234,
            "year": 2023,
            "quarter": 4,
            "eps": 1.08,
            "eps_growth_year": -33.12,
            "eps_4q": 6.8,
            "eps_4q_growth_year": -21.81,
            "roe": 2.58,
            "roe_4q": 17.86,
            "gross_profit": 3281871,
            "gross_margin": 56.27,
            "gross_margin_4q_avg": 53.48,
            "net_income": 1251892,
            "net_income_4q": null,
            "revenue": 5832724,
            "revenue_4q": null,
            "common_shares": 11411033,
            "book_valuer_per_share": 42.81,
            "book_valuer_per_share_4q_avg": 39.11,
            "equity": 49548472,
            "current_ratio": 155.66,
            "debt_ratio": 33.45,
            "inventory_turnover_ratio": 0.91,
            "account_receivable_turnover_ratio": 2,
            "reinvestment_rate": 33.82,
            "research_to_sale_ratio": 16.15,
            "price_fair": 203.35,
            "eps_avg_yearly": 5.81,
            "eps_latest_yearly": 4.32,
            "eps_growth_yearly": 42.09
        }
    },
    "months": {
        "2003-10": {
            "month": "2003-10",
            "price": "17.54",
            "revenue": 907767
        },
        "2003-11": {
            "month": "2003-11",
            "price": "16.09",
            "revenue": 752528
        },
        "2003-12": {
            "month": "2003-12",
            "price": "18.12",
            "revenue": 628590
        },
        "2004-01": {
            "month": "2004-01",
            "price": "22.28",
            "revenue": 671275
        },
        "2004-02": {
            "month": "2004-02",
            "price": "29.64",
            "revenue": 852187
        },
        "2004-03": {
            "month": "2004-03",
            "price": "33.20",
            "revenue": 946242
        },
        "2004-04": {
            "month": "2004-04",
            "price": "37.65",
            "revenue": 1093751
        },
        "2004-05": {
            "month": "2004-05",
            "price": "32.26",
            "revenue": 1136311
        },
        "2004-06": {
            "month": "2004-06",
            "price": "28.55",
            "revenue": 1203060
        },
        "2004-07": {
            "month": "2004-07",
            "price": "27.00",
            "revenue": 1211183
        },
        "2004-08": {
            "month": "2004-08",
            "price": "29.12",
            "revenue": 1285358
        },
        "2004-09": {
            "month": "2004-09",
            "price": "30.58",
            "revenue": 1302442
        },
        "2004-10": {
            "month": "2004-10",
            "price": "30.18",
            "revenue": 922540
        },
        "2004-11": {
            "month": "2004-11",
            "price": "28.05",
            "revenue": 758238
        },
        "2004-12": {
            "month": "2004-12",
            "price": "26.72",
            "revenue": 664627
        },
        "2005-01": {
            "month": "2005-01",
            "price": "23.64",
            "revenue": 607205
        },
        "2005-02": {
            "month": "2005-02",
            "price": "25.12",
            "revenue": 459012
        },
        "2005-03": {
            "month": "2005-03",
            "price": "24.60",
            "revenue": 760361
        },
        "2005-04": {
            "month": "2005-04",
            "price": "28.60",
            "revenue": 802415
        },
        "2005-05": {
            "month": "2005-05",
            "price": "26.55",
            "revenue": 958679
        },
        "2005-06": {
            "month": "2005-06",
            "price": "27.40",
            "revenue": 1191661
        },
        "2005-07": {
            "month": "2005-07",
            "price": "27.47",
            "revenue": 1195314
        },
        "2005-08": {
            "month": "2005-08",
            "price": "18.90",
            "revenue": 1412729
        },
        "2005-09": {
            "month": "2005-09",
            "price": "15.14",
            "revenue": 1200657
        },
        "2005-10": {
            "month": "2005-10",
            "price": "11.52",
            "revenue": 1114403
        },
        "2005-11": {
            "month": "2005-11",
            "price": "10.87",
            "revenue": 1052884
        },
        "2005-12": {
            "month": "2005-12",
            "price": "13.25",
            "revenue": 815145
        },
        "2006-01": {
            "month": "2006-01",
            "price": "14.33",
            "revenue": 604671
        },
        "2006-02": {
            "month": "2006-02",
            "price": "12.94",
            "revenue": 719752
        },
        "2006-03": {
            "month": "2006-03",
            "price": "12.40",
            "revenue": 1162782
        },
        "2006-04": {
            "month": "2006-04",
            "price": "14.44",
            "revenue": 868510
        },
        "2006-05": {
            "month": "2006-05",
            "price": "17.22",
            "revenue": 943720
        },
        "2006-06": {
            "month": "2006-06",
            "price": "13.56",
            "revenue": 753741
        },
        "2006-07": {
            "month": "2006-07",
            "price": "12.17",
            "revenue": 624840
        },
        "2006-08": {
            "month": "2006-08",
            "price": "13.21",
            "revenue": 1074219
        },
        "2006-09": {
            "month": "2006-09",
            "price": "13.45",
            "revenue": 1180301
        },
        "2006-10": {
            "month": "2006-10",
            "price": "15.31",
            "revenue": 603556
        },
        "2006-11": {
            "month": "2006-11",
            "price": "15.35",
            "revenue": 617665
        },
        "2006-12": {
            "month": "2006-12",
            "price": "15.54",
            "revenue": 616779
        },
        "2007-01": {
            "month": "2007-01",
            "price": "17.08",
            "revenue": 612670
        },
        "2007-02": {
            "month": "2007-02",
            "price": "16.26",
            "revenue": 439768
        },
        "2007-03": {
            "month": "2007-03",
            "price": "16.09",
            "revenue": 758094
        },
        "2007-04": {
            "month": "2007-04",
            "price": "21.00",
            "revenue": 755691
        },
        "2007-05": {
            "month": "2007-05",
            "price": "27.25",
            "revenue": 742082
        },
        "2007-06": {
            "month": "2007-06",
            "price": "34.48",
            "revenue": 992181
        },
        "2007-07": {
            "month": "2007-07",
            "price": "54.17",
            "revenue": 918269
        },
        "2007-08": {
            "month": "2007-08",
            "price": "54.42",
            "revenue": 1112664
        },
        "2007-09": {
            "month": "2007-09",
            "price": "52.42",
            "revenue": 1200894
        },
        "2007-10": {
            "month": "2007-10",
            "price": "56.02",
            "revenue": 1075833
        },
        "2007-11": {
            "month": "2007-11",
            "price": "45.75",
            "revenue": 1105512
        },
        "2007-12": {
            "month": "2007-12",
            "price": "47.05",
            "revenue": 1025475
        },
        "2008-01": {
            "month": "2008-01",
            "price": "38.00",
            "revenue": 811513
        },
        "2008-02": {
            "month": "2008-02",
            "price": "33.91",
            "revenue": 759977
        },
        "2008-03": {
            "month": "2008-03",
            "price": "35.23",
            "revenue": 1032054
        },
        "2008-04": {
            "month": "2008-04",
            "price": "44.86",
            "revenue": 776570
        },
        "2008-05": {
            "month": "2008-05",
            "price": "45.35",
            "revenue": 537871
        },
        "2008-06": {
            "month": "2008-06",
            "price": "34.62",
            "revenue": 662989
        },
        "2008-07": {
            "month": "2008-07",
            "price": "29.62",
            "revenue": 738038
        },
        "2008-08": {
            "month": "2008-08",
            "price": "27.89",
            "revenue": 877506
        },
        "2008-09": {
            "month": "2008-09",
            "price": "23.67",
            "revenue": 973318
        },
        "2008-10": {
            "month": "2008-10",
            "price": "15.40",
            "revenue": 569904
        },
        "2008-11": {
            "month": "2008-11",
            "price": "13.02",
            "revenue": 428161
        },
        "2008-12": {
            "month": "2008-12",
            "price": "13.11",
            "revenue": 631839
        },
        "2009-01": {
            "month": "2009-01",
            "price": "15.20",
            "revenue": 495762
        },
        "2009-02": {
            "month": "2009-02",
            "price": "16.42",
            "revenue": 586103
        },
        "2009-03": {
            "month": "2009-03",
            "price": "19.21",
            "revenue": 714165
        },
        "2009-04": {
            "month": "2009-04",
            "price": "20.12",
            "revenue": 915938
        },
        "2009-05": {
            "month": "2009-05",
            "price": "31.76",
            "revenue": 852289
        },
        "2009-06": {
            "month": "2009-06",
            "price": "35.00",
            "revenue": 1070351
        },
        "2009-07": {
            "month": "2009-07",
            "price": "39.90",
            "revenue": 1353462
        },
        "2009-08": {
            "month": "2009-08",
            "price": "42.12",
            "revenue": 1347722
        },
        "2009-09": {
            "month": "2009-09",
            "price": "50.04",
            "revenue": 1469778
        },
        "2009-10": {
            "month": "2009-10",
            "price": "55.30",
            "revenue": 1301138
        },
        "2009-11": {
            "month": "2009-11",
            "price": "60.72",
            "revenue": 1557777
        },
        "2009-12": {
            "month": "2009-12",
            "price": "80.31",
            "revenue": 1314063
        },
        "2010-01": {
            "month": "2010-01",
            "price": "72.23",
            "revenue": 1573593
        },
        "2010-02": {
            "month": "2010-02",
            "price": "63.94",
            "revenue": 1568553
        },
        "2010-03": {
            "month": "2010-03",
            "price": "62.61",
            "revenue": 1870224
        },
        "2010-04": {
            "month": "2010-04",
            "price": "59.77",
            "revenue": 1695366
        },
        "2010-05": {
            "month": "2010-05",
            "price": "50.88",
            "revenue": 1771502
        },
        "2010-06": {
            "month": "2010-06",
            "price": "46.30",
            "revenue": 1701834
        },
        "2010-07": {
            "month": "2010-07",
            "price": "42.85",
            "revenue": 1556691
        },
        "2010-08": {
            "month": "2010-08",
            "price": "48.24",
            "revenue": 1597406
        },
        "2010-09": {
            "month": "2010-09",
            "price": "57.01",
            "revenue": 2118883
        },
        "2010-10": {
            "month": "2010-10",
            "price": "54.46",
            "revenue": 2767809
        },
        "2010-11": {
            "month": "2010-11",
            "price": "52.96",
            "revenue": 3276662
        },
        "2010-12": {
            "month": "2010-12",
            "price": "59.65",
            "revenue": 3680406
        },
        "2011-01": {
            "month": "2011-01",
            "price": "55.73",
            "revenue": 3882965
        },
        "2011-02": {
            "month": "2011-02",
            "price": "54.15",
            "revenue": 2844471
        },
        "2011-03": {
            "month": "2011-03",
            "price": "46.80",
            "revenue": 3358284
        },
        "2011-04": {
            "month": "2011-04",
            "price": "51.28",
            "revenue": 2465170
        },
        "2011-05": {
            "month": "2011-05",
            "price": "59.52",
            "revenue": 2085951
        },
        "2011-06": {
            "month": "2011-06",
            "price": "56.53",
            "revenue": 2375245
        },
        "2011-07": {
            "month": "2011-07",
            "price": "54.85",
            "revenue": 2850978
        },
        "2011-08": {
            "month": "2011-08",
            "price": "60.24",
            "revenue": 3474139
        },
        "2011-09": {
            "month": "2011-09",
            "price": "68.66",
            "revenue": 4604133
        },
        "2011-10": {
            "month": "2011-10",
            "price": "65.76",
            "revenue": 5329455
        },
        "2011-11": {
            "month": "2011-11",
            "price": "59.71",
            "revenue": 3565558
        },
        "2011-12": {
            "month": "2011-12",
            "price": "43.95",
            "revenue": 1591772
        },
        "2012-01": {
            "month": "2012-01",
            "price": "37.59",
            "revenue": 1415436
        },
        "2012-02": {
            "month": "2012-02",
            "price": "43.07",
            "revenue": 1073295
        },
        "2012-03": {
            "month": "2012-03",
            "price": "42.12",
            "revenue": 1347707
        },
        "2012-04": {
            "month": "2012-04",
            "price": "36.30",
            "revenue": 1305153
        },
        "2012-05": {
            "month": "2012-05",
            "price": "30.44",
            "revenue": 1649289
        },
        "2012-06": {
            "month": "2012-06",
            "price": "30.36",
            "revenue": 1523331
        },
        "2012-07": {
            "month": "2012-07",
            "price": "30.55",
            "revenue": 1816883
        },
        "2012-08": {
            "month": "2012-08",
            "price": "31.43",
            "revenue": 2555779
        },
        "2012-09": {
            "month": "2012-09",
            "price": "32.19",
            "revenue": 3221972
        },
        "2012-10": {
            "month": "2012-10",
            "price": "29.84",
            "revenue": 3128896
        },
        "2012-11": {
            "month": "2012-11",
            "price": "21.31",
            "revenue": 3815673
        },
        "2012-12": {
            "month": "2012-12",
            "price": "22.86",
            "revenue": 3851368
        },
        "2013-01": {
            "month": "2013-01",
            "price": "21.86",
            "revenue": 2571882
        },
        "2013-02": {
            "month": "2013-02",
            "price": "21.95",
            "revenue": 1430880
        },
        "2013-03": {
            "month": "2013-03",
            "price": "23.12",
            "revenue": 1375227
        },
        "2013-04": {
            "month": "2013-04",
            "price": "22.28",
            "revenue": 1090435
        },
        "2013-05": {
            "month": "2013-05",
            "price": "21.05",
            "revenue": 856503
        },
        "2013-06": {
            "month": "2013-06",
            "price": "18.61",
            "revenue": 981506
        },
        "2013-07": {
            "month": "2013-07",
            "price": "17.29",
            "revenue": 981396
        },
        "2013-08": {
            "month": "2013-08",
            "price": "16.72",
            "revenue": 1532626
        },
        "2013-09": {
            "month": "2013-09",
            "price": "17.77",
            "revenue": 2218220
        },
        "2013-10": {
            "month": "2013-10",
            "price": "17.09",
            "revenue": 2028239
        },
        "2013-11": {
            "month": "2013-11",
            "price": "15.37",
            "revenue": 2270108
        },
        "2013-12": {
            "month": "2013-12",
            "price": "15.90",
            "revenue": 1568106
        },
        "2014-01": {
            "month": "2014-01",
            "price": "16.83",
            "revenue": 913691
        },
        "2014-02": {
            "month": "2014-02",
            "price": "16.60",
            "revenue": 878979
        },
        "2014-03": {
            "month": "2014-03",
            "price": "17.15",
            "revenue": 1169154
        },
        "2014-04": {
            "month": "2014-04",
            "price": "19.45",
            "revenue": 1349500
        },
        "2014-05": {
            "month": "2014-05",
            "price": "19.67",
            "revenue": 1115688
        },
        "2014-06": {
            "month": "2014-06",
            "price": "19.76",
            "revenue": 1358034
        },
        "2014-07": {
            "month": "2014-07",
            "price": "19.78",
            "revenue": 1028970
        },
        "2014-08": {
            "month": "2014-08",
            "price": "18.07",
            "revenue": 1427174
        },
        "2014-09": {
            "month": "2014-09",
            "price": "17.69",
            "revenue": 1613259
        },
        "2014-10": {
            "month": "2014-10",
            "price": "15.53",
            "revenue": 1315520
        },
        "2014-11": {
            "month": "2014-11",
            "price": "14.38",
            "revenue": 1240304
        },
        "2014-12": {
            "month": "2014-12",
            "price": "14.03",
            "revenue": 1160931
        },
        "2015-01": {
            "month": "2015-01",
            "price": "14.52",
            "revenue": 957682
        },
        "2015-02": {
            "month": "2015-02",
            "price": "13.82",
            "revenue": 855306
        },
        "2015-03": {
            "month": "2015-03",
            "price": "14.81",
            "revenue": 1017595
        },
        "2015-04": {
            "month": "2015-04",
            "price": "14.18",
            "revenue": 963750
        },
        "2015-05": {
            "month": "2015-05",
            "price": "12.78",
            "revenue": 1159426
        },
        "2015-06": {
            "month": "2015-06",
            "price": "13.64",
            "revenue": 1422991
        },
        "2015-07": {
            "month": "2015-07",
            "price": "13.03",
            "revenue": 1292603
        },
        "2015-08": {
            "month": "2015-08",
            "price": "11.74",
            "revenue": 1669211
        },
        "2015-09": {
            "month": "2015-09",
            "price": "13.13",
            "revenue": 1431303
        },
        "2015-10": {
            "month": "2015-10",
            "price": "16.07",
            "revenue": 1112588
        },
        "2015-11": {
            "month": "2015-11",
            "price": "15.75",
            "revenue": 1011252
        },
        "2015-12": {
            "month": "2015-12",
            "price": "15.15",
            "revenue": 730261
        },
        "2016-01": {
            "month": "2016-01",
            "price": "14.30",
            "revenue": 869511
        },
        "2016-02": {
            "month": "2016-02",
            "price": "15.71",
            "revenue": 587595
        },
        "2016-03": {
            "month": "2016-03",
            "price": "17.17",
            "revenue": 1046297
        },
        "2016-04": {
            "month": "2016-04",
            "price": "16.73",
            "revenue": 1009797
        },
        "2016-05": {
            "month": "2016-05",
            "price": "15.02",
            "revenue": 1260098
        },
        "2016-06": {
            "month": "2016-06",
            "price": "17.20",
            "revenue": 1315301
        },
        "2016-07": {
            "month": "2016-07",
            "price": "18.18",
            "revenue": 1329658
        },
        "2016-08": {
            "month": "2016-08",
            "price": "20.56",
            "revenue": 1594257
        },
        "2016-09": {
            "month": "2016-09",
            "price": "23.22",
            "revenue": 1519912
        },
        "2016-10": {
            "month": "2016-10",
            "price": "25.88",
            "revenue": 1052370
        },
        "2016-11": {
            "month": "2016-11",
            "price": "23.66",
            "revenue": 1209198
        },
        "2016-12": {
            "month": "2016-12",
            "price": "22.78",
            "revenue": 1212238
        },
        "2017-01": {
            "month": "2017-01",
            "price": "23.67",
            "revenue": 793897
        },
        "2017-02": {
            "month": "2017-02",
            "price": "25.07",
            "revenue": 940474
        },
        "2017-03": {
            "month": "2017-03",
            "price": "25.05",
            "revenue": 1483495
        },
        "2017-04": {
            "month": "2017-04",
            "price": "29.85",
            "revenue": 1224044
        },
        "2017-05": {
            "month": "2017-05",
            "price": "29.21",
            "revenue": 1245765
        },
        "2017-06": {
            "month": "2017-06",
            "price": "29.22",
            "revenue": 1220296
        },
        "2017-07": {
            "month": "2017-07",
            "price": "31.31",
            "revenue": 1461995
        },
        "2017-08": {
            "month": "2017-08",
            "price": "35.52",
            "revenue": 1637548
        },
        "2017-09": {
            "month": "2017-09",
            "price": "43.18",
            "revenue": 1691207
        },
        "2017-10": {
            "month": "2017-10",
            "price": "43.76",
            "revenue": 1472073
        },
        "2017-11": {
            "month": "2017-11",
            "price": "48.60",
            "revenue": 1140271
        },
        "2017-12": {
            "month": "2017-12",
            "price": "49.96",
            "revenue": 892269
        },
        "2018-01": {
            "month": "2018-01",
            "price": "49.11",
            "revenue": 1037470
        },
        "2018-02": {
            "month": "2018-02",
            "price": "48.19",
            "revenue": 884174
        },
        "2018-03": {
            "month": "2018-03",
            "price": "46.87",
            "revenue": 975990
        },
        "2018-04": {
            "month": "2018-04",
            "price": "36.52",
            "revenue": 889720
        },
        "2018-05": {
            "month": "2018-05",
            "price": "32.76",
            "revenue": 1019546
        },
        "2018-06": {
            "month": "2018-06",
            "price": "34.56",
            "revenue": 1702590
        },
        "2018-07": {
            "month": "2018-07",
            "price": "36.44",
            "revenue": 1368859
        },
        "2018-08": {
            "month": "2018-08",
            "price": "36.58",
            "revenue": 1298215
        },
        "2018-09": {
            "month": "2018-09",
            "price": "32.51",
            "revenue": 1298980
        },
        "2018-10": {
            "month": "2018-10",
            "price": "25.07",
            "revenue": 1245813
        },
        "2018-11": {
            "month": "2018-11",
            "price": "29.57",
            "revenue": 1371912
        },
        "2018-12": {
            "month": "2018-12",
            "price": "31.49",
            "revenue": 1115391
        },
        "2019-01": {
            "month": "2019-01",
            "price": "30.24",
            "revenue": 921899
        },
        "2019-02": {
            "month": "2019-02",
            "price": "32.70",
            "revenue": 831502
        },
        "2019-03": {
            "month": "2019-03",
            "price": "33.70",
            "revenue": 1201371
        },
        "2019-04": {
            "month": "2019-04",
            "price": "36.72",
            "revenue": 946618
        },
        "2019-05": {
            "month": "2019-05",
            "price": "33.68",
            "revenue": 1190619
        },
        "2019-06": {
            "month": "2019-06",
            "price": "32.42",
            "revenue": 1417773
        },
        "2019-07": {
            "month": "2019-07",
            "price": "34.58",
            "revenue": 1008261
        },
        "2019-08": {
            "month": "2019-08",
            "price": "31.41",
            "revenue": 888736
        },
        "2019-09": {
            "month": "2019-09",
            "price": "28.82",
            "revenue": 1761941
        },
        "2019-10": {
            "month": "2019-10",
            "price": "30.75",
            "revenue": 1406157
        },
        "2019-11": {
            "month": "2019-11",
            "price": "32.16",
            "revenue": 990473
        },
        "2019-12": {
            "month": "2019-12",
            "price": "31.11",
            "revenue": 1036326
        },
        "2020-01": {
            "month": "2020-01",
            "price": "30.97",
            "revenue": 976684
        },
        "2020-02": {
            "month": "2020-02",
            "price": "30.21",
            "revenue": 668752
        },
        "2020-03": {
            "month": "2020-03",
            "price": "25.86",
            "revenue": 1276691
        },
        "2020-04": {
            "month": "2020-04",
            "price": "28.26",
            "revenue": 1508855
        },
        "2020-05": {
            "month": "2020-05",
            "price": "36.74",
            "revenue": 1182853
        },
        "2020-06": {
            "month": "2020-06",
            "price": "39.80",
            "revenue": 1039114
        },
        "2020-07": {
            "month": "2020-07",
            "price": "42.07",
            "revenue": 1400127
        },
        "2020-08": {
            "month": "2020-08",
            "price": "40.91",
            "revenue": 1517034
        },
        "2020-09": {
            "month": "2020-09",
            "price": "40.11",
            "revenue": 1534843
        },
        "2020-10": {
            "month": "2020-10",
            "price": "38.76",
            "revenue": 1596626
        },
        "2020-11": {
            "month": "2020-11",
            "price": "40.27",
            "revenue": 1382847
        },
        "2020-12": {
            "month": "2020-12",
            "price": "44.83",
            "revenue": 1278428
        },
        "2021-01": {
            "month": "2021-01",
            "price": "46.98",
            "revenue": 1559034
        },
        "2021-02": {
            "month": "2021-02",
            "price": "50.52",
            "revenue": 1356295
        },
        "2021-03": {
            "month": "2021-03",
            "price": "52.31",
            "revenue": 1520435
        },
        "2021-04": {
            "month": "2021-04",
            "price": "57.71",
            "revenue": 1428276
        },
        "2021-05": {
            "month": "2021-05",
            "price": "58.59",
            "revenue": 1237551
        },
        "2021-06": {
            "month": "2021-06",
            "price": "68.93",
            "revenue": 1384590
        },
        "2021-07": {
            "month": "2021-07",
            "price": "83.43",
            "revenue": 1664313
        },
        "2021-08": {
            "month": "2021-08",
            "price": "79.89",
            "revenue": 861190
        },
        "2021-09": {
            "month": "2021-09",
            "price": "77.10",
            "revenue": 1871257
        },
        "2021-10": {
            "month": "2021-10",
            "price": "79.84",
            "revenue": 2206347
        },
        "2021-11": {
            "month": "2021-11",
            "price": "103.67",
            "revenue": 2374887
        },
        "2021-12": {
            "month": "2021-12",
            "price": "136.43",
            "revenue": 2186389
        },
        "2022-01": {
            "month": "2022-01",
            "price": "151.97",
            "revenue": 2347295
        },
        "2022-02": {
            "month": "2022-02",
            "price": "148.17",
            "revenue": 1282717
        },
        "2022-03": {
            "month": "2022-03",
            "price": "150.57",
            "revenue": 2330849
        },
        "2022-04": {
            "month": "2022-04",
            "price": "174.42",
            "revenue": 2377160
        },
        "2022-05": {
            "month": "2022-05",
            "price": "185.50",
            "revenue": 2564147
        },
        "2022-06": {
            "month": "2022-06",
            "price": "203.19",
            "revenue": 2511115
        },
        "2022-07": {
            "month": "2022-07",
            "price": "176.40",
            "revenue": 2389967
        },
        "2022-08": {
            "month": "2022-08",
            "price": "217.41",
            "revenue": 2766970
        },
        "2022-09": {
            "month": "2022-09",
            "price": "231.00",
            "revenue": 2946943
        },
        "2022-10": {
            "month": "2022-10",
            "price": "202.85",
            "revenue": 2590977
        },
        "2022-11": {
            "month": "2022-11",
            "price": "187.25",
            "revenue": 2830335
        },
        "2022-12": {
            "month": "2022-12",
            "price": "170.50",
            "revenue": 3122034
        },
        "2023-01": {
            "month": "2023-01",
            "price": "172.38",
            "revenue": 2577962
        },
        "2023-02": {
            "month": "2023-02",
            "price": "196.25",
            "revenue": 2346089
        },
        "2023-03": {
            "month": "2023-03",
            "price": "185.41",
            "revenue": 2305625
        },
        "2023-04": {
            "month": "2023-04",
            "price": "174.00",
            "revenue": 2446121
        },
        "2023-05": {
            "month": "2023-05",
            "price": "198.57",
            "revenue": 2452329
        },
        "2023-06": {
            "month": "2023-06",
            "price": "223.08",
            "revenue": 2337676
        },
        "2023-07": {
            "month": "2023-07",
            "price": "217.64",
            "revenue": 2327895
        },
        "2023-08": {
            "month": "2023-08",
            "price": "197.34",
            "revenue": 2023058
        },
        "2023-09": {
            "month": "2023-09",
            "price": "180.40",
            "revenue": 2470276
        },
        "2023-10": {
            "month": "2023-10",
            "price": "176.32",
            "revenue": 1816534
        },
        "2023-11": {
            "month": "2023-11",
            "price": "175.41",
            "revenue": 1795998
        },
        "2023-12": {
            "month": "2023-12",
            "price": "184.43",
            "revenue": 2220192
        }
    }
}
