{
    "summary": {
        "stock_name": "長華*",
        "stock_id": "8070",
        "category": "電子通路",
        "main_business": "半導體封裝材料之銷售<br>封裝機器設備之買賣與安裝<br>提供封裝技術服務",
        "website_url": "http://www.cwei.com.tw",
        "ceo": "黃嘉能",
        "pe_ratio": 13,
        "report_year_from": 2001,
        "report_year_to": 2023,
        "age": 22,
        "eps_negative_percentage": 0,
        "eps_growth_avg": {
            "last_all": 6.53,
            "last_2y": -30.06,
            "last_4y": -12.27,
            "last_8y": 1.5,
            "last_12y": 5.12,
            "last_16y": 3.93,
            "last_20y": null,
            "at_2006_last_3y": 11.39,
            "at_2007_last_3y": 4.5,
            "at_2008_last_3y": -27,
            "at_2009_last_3y": 0.05,
            "at_2010_last_3y": 1.52,
            "at_2011_last_3y": -16.67,
            "at_2012_last_3y": 13.27,
            "at_2013_last_3y": 13.27,
            "at_2014_last_3y": 8.23,
            "at_2015_last_3y": 51.11,
            "at_2016_last_3y": 37.73,
            "at_2017_last_3y": 18.71,
            "at_2018_last_3y": 22.63,
            "at_2019_last_3y": 9.04,
            "at_2020_last_3y": -0.03,
            "at_2021_last_3y": -21.79,
            "at_2022_last_3y": -11.14,
            "at_2023_last_3y": -11.14,
            "at_2006_last_all": 11.39,
            "at_2007_last_all": 9.37,
            "at_2008_last_all": -6,
            "at_2009_last_all": 9.14,
            "at_2010_last_all": 6.46,
            "at_2011_last_all": -2.21,
            "at_2012_last_all": 1.71,
            "at_2013_last_all": 10.64,
            "at_2014_last_all": 7.05,
            "at_2015_last_all": 14.2,
            "at_2016_last_all": 12,
            "at_2017_last_all": 12.79,
            "at_2018_last_all": 10.94,
            "at_2019_last_all": 12.98,
            "at_2020_last_all": 9.33,
            "at_2021_last_all": 5.51,
            "at_2022_last_all": 6.53,
            "at_2023_last_all": 6.53
        },
        "latest_eps": 2.64,
        "latest_price": 35.1,
        "latest_roe": 19.24,
        "latest_gross_margin": 19.24,
        "latest_equity": 16789395,
        "latest_revenue": 4165670,
        "latest_gross_profit": 801633,
        "latest_net_income": 383119,
        "latest_debt_ratio": 51.67,
        "latest_current_ratio": 132.87,
        "latest_account_receivable_turnover_ratio": 1.16,
        "latest_inventory_turnover_ratio": 1.28,
        "latest_reinvestment_rate": 29.03,
        "latest_research_to_sale_ratio": 2.41
    },
    "eps_dividends": {
        "2001": {
            "cash": 4,
            "stock": 4,
            "eps": 0
        },
        "2002": {
            "cash": 2,
            "stock": 2,
            "eps": 6.94
        },
        "2003": {
            "cash": 4,
            "stock": 0.4,
            "eps": 8.94
        },
        "2004": {
            "cash": 4.5,
            "stock": 0.5,
            "eps": 12.8
        },
        "2005": {
            "cash": 7.49,
            "stock": 1.5,
            "eps": 11.75
        },
        "2006": {
            "cash": 6.46,
            "stock": 0.72,
            "eps": 9.61
        },
        "2007": {
            "cash": 6.24,
            "stock": 0.3,
            "eps": 9.73
        },
        "2008": {
            "cash": 6.3,
            "stock": 0.3,
            "eps": 1.67
        },
        "2009": {
            "cash": 2,
            "stock": 0,
            "eps": 7.05
        },
        "2010": {
            "cash": 6,
            "stock": 0,
            "eps": 6.18
        },
        "2011": {
            "cash": 10.299999999999999,
            "stock": 0.59,
            "eps": 1.76
        },
        "2012": {
            "cash": 0,
            "stock": 0,
            "eps": 2.41
        },
        "2013": {
            "cash": 3,
            "stock": 0.3,
            "eps": 5.2
        },
        "2014": {
            "cash": 3.1,
            "stock": 0,
            "eps": 3.51
        },
        "2015": {
            "cash": 3.5,
            "stock": 0,
            "eps": 11.57
        },
        "2016": {
            "cash": 7,
            "stock": 0,
            "eps": 9.65
        },
        "2017": {
            "cash": 10,
            "stock": 0,
            "eps": 11.96
        },
        "2018": {
            "cash": 11,
            "stock": 0,
            "eps": 9.95
        },
        "2019": {
            "cash": 12,
            "stock": 0,
            "eps": 14.49
        },
        "2020": {
            "cash": 12.6,
            "stock": 0,
            "eps": 6.83
        },
        "2021": {
            "cash": 1.3,
            "stock": 0,
            "eps": 2.52
        },
        "2022": {
            "cash": 2,
            "stock": 0,
            "eps": 3.17
        },
        "2023": {
            "cash": 2.5300000000000002,
            "stock": 0,
            "eps": 0.31
        }
    },
    "dividends": {
        "2001-02-05": {
            "cash": 4,
            "stock": 4
        },
        "2002-04-18": {
            "cash": 2,
            "stock": 2
        },
        "2003-04-07": {
            "cash": 4,
            "stock": 0.4
        },
        "2004-03-01": {
            "cash": 4.5,
            "stock": 0.5
        },
        "2005-03-30": {
            "cash": 7.49,
            "stock": 1.5
        },
        "2006-04-19": {
            "cash": 6.46,
            "stock": 0.72
        },
        "2007-03-12": {
            "cash": 6.24,
            "stock": 0.3
        },
        "2008-02-22": {
            "cash": 6.3,
            "stock": 0.3
        },
        "2009-03-09": {
            "cash": 2,
            "stock": 0
        },
        "2010-04-09": {
            "cash": 6,
            "stock": 0
        },
        "2011-01-01": {
            "cash": 0.6,
            "stock": 0.29
        },
        "2011-04-08": {
            "cash": 9.7,
            "stock": 0.3
        },
        "2013-04-29": {
            "cash": 3,
            "stock": 0.3
        },
        "2014-05-14": {
            "cash": 3.1,
            "stock": 0
        },
        "2015-07-08": {
            "cash": 3.5,
            "stock": 0
        },
        "2016-07-20": {
            "cash": 7,
            "stock": 0
        },
        "2017-07-05": {
            "cash": 10,
            "stock": 0
        },
        "2018-07-20": {
            "cash": 11,
            "stock": 0
        },
        "2019-08-19": {
            "cash": 12,
            "stock": 0
        },
        "2020-01-17": {
            "cash": 4.1,
            "stock": 0
        },
        "2020-08-14": {
            "cash": 8.5,
            "stock": 0
        },
        "2021-01-15": {
            "cash": 0.26,
            "stock": 0
        },
        "2021-09-01": {
            "cash": 1.04,
            "stock": 0
        },
        "2022-01-14": {
            "cash": 0.38,
            "stock": 0
        },
        "2022-07-15": {
            "cash": 1.62,
            "stock": 0
        },
        "2023-01-13": {
            "cash": 0.73,
            "stock": 0
        },
        "2023-07-14": {
            "cash": 1.8,
            "stock": 0
        }
    },
    "prices": {
        "200101": "無",
        "200102": "無",
        "200103": "無",
        "200104": "無",
        "200105": "無",
        "200106": "無",
        "200107": "無",
        "200108": "無",
        "200109": "無",
        "200110": "無",
        "200111": "無",
        "200112": "無",
        "200201": "無",
        "200202": "無",
        "200203": "無",
        "200204": "無",
        "200205": "無",
        "200206": "無",
        "200207": "無",
        "200208": "無",
        "200209": "無",
        "200210": "無",
        "200211": "無",
        "200212": "無",
        "200301": "無",
        "200302": "無",
        "200303": "無",
        "200304": "無",
        "200305": "無",
        "200306": "無",
        "200307": "無",
        "200308": "無",
        "200309": "117.16",
        "200310": "102.50",
        "200311": "111.55",
        "200312": "109.41",
        "200401": "115.20",
        "200402": "119.55",
        "200403": "122.11",
        "200404": "129.84",
        "200405": "111.38",
        "200406": "108.43",
        "200407": "100.32",
        "200408": "97.25",
        "200409": "98.05",
        "200410": "97.05",
        "200411": "96.02",
        "200412": "95.76",
        "200501": "94.12",
        "200502": "104.19",
        "200503": "106.30",
        "200504": "107.15",
        "200505": "103.52",
        "200506": "104.36",
        "200507": "130.98",
        "200508": "128.11",
        "200509": "107.98",
        "200510": "104.62",
        "200511": "107.23",
        "200512": "127.43",
        "200601": "163.92",
        "200602": "163.15",
        "200603": "163.74",
        "200604": "203.89",
        "200605": "201.64",
        "200606": "160.48",
        "200607": "166.05",
        "200608": "160.83",
        "200609": "180.52",
        "200610": "167.98",
        "200611": "169.05",
        "200612": "158.71",
        "200701": "157.30",
        "200702": "153.83",
        "200703": "151.07",
        "200704": "159.82",
        "200705": "155.89",
        "200706": "165.98",
        "200707": "166.39",
        "200708": "138.48",
        "200709": "139.72",
        "200710": "149.30",
        "200711": "144.98",
        "200712": "149.00",
        "200801": "120.60",
        "200802": "104.06",
        "200803": "105.31",
        "200804": "114.86",
        "200805": "111.14",
        "200806": "89.84",
        "200807": "75.78",
        "200808": "72.26",
        "200809": "52.87",
        "200810": "43.64",
        "200811": "42.71",
        "200812": "40.59",
        "200901": "38.99",
        "200902": "37.64",
        "200903": "41.18",
        "200904": "53.82",
        "200905": "58.18",
        "200906": "53.71",
        "200907": "58.83",
        "200908": "81.62",
        "200909": "98.81",
        "200910": "123.11",
        "200911": "125.93",
        "200912": "151.26",
        "201001": "165.88",
        "201002": "144.79",
        "201003": "169.39",
        "201004": "173.50",
        "201005": "159.12",
        "201006": "163.33",
        "201007": "163.18",
        "201008": "158.98",
        "201009": "148.95",
        "201010": "144.83",
        "201011": "140.23",
        "201012": "166.96",
        "201101": "167.12",
        "201102": "147.46",
        "201103": "140.15",
        "201104": "136.03",
        "201105": "130.50",
        "201106": "129.79",
        "201107": "109.42",
        "201108": "82.53",
        "201109": "82.13",
        "201110": "77.04",
        "201111": "72.60",
        "201112": "61.29",
        "201201": "61.64",
        "201202": "74.98",
        "201203": "85.79",
        "201204": "77.82",
        "201205": "73.97",
        "201206": "67.33",
        "201207": "65.96",
        "201208": "70.06",
        "201209": "82.78",
        "201210": "89.91",
        "201211": "84.74",
        "201212": "90.12",
        "201301": "92.67",
        "201302": "91.72",
        "201303": "101.99",
        "201304": "101.17",
        "201305": "110.48",
        "201306": "103.84",
        "201307": "96.18",
        "201308": "85.71",
        "201309": "83.90",
        "201310": "78.23",
        "201311": "77.09",
        "201312": "80.05",
        "201401": "87.09",
        "201402": "84.01",
        "201403": "83.66",
        "201404": "83.41",
        "201405": "81.51",
        "201406": "80.78",
        "201407": "78.33",
        "201408": "75.21",
        "201409": "74.10",
        "201410": "65.13",
        "201411": "60.58",
        "201412": "67.32",
        "201501": "71.25",
        "201502": "76.88",
        "201503": "84.51",
        "201504": "90.10",
        "201505": "95.09",
        "201506": "101.67",
        "201507": "87.87",
        "201508": "81.09",
        "201509": "80.52",
        "201510": "83.20",
        "201511": "87.25",
        "201512": "88.61",
        "201601": "78.17",
        "201602": "84.43",
        "201603": "91.39",
        "201604": "89.33",
        "201605": "87.71",
        "201606": "90.40",
        "201607": "101.00",
        "201608": "113.65",
        "201609": "137.08",
        "201610": "139.00",
        "201611": "139.19",
        "201612": "132.21",
        "201701": "128.88",
        "201702": "137.53",
        "201703": "148.59",
        "201704": "153.81",
        "201705": "157.42",
        "201706": "140.78",
        "201707": "135.14",
        "201708": "141.87",
        "201709": "142.48",
        "201710": "139.39",
        "201711": "144.00",
        "201712": "142.07",
        "201801": "149.18",
        "201802": "144.00",
        "201803": "150.54",
        "201804": "148.44",
        "201805": "149.14",
        "201806": "140.72",
        "201807": "124.11",
        "201808": "124.54",
        "201809": "138.11",
        "201810": "125.61",
        "201811": "134.39",
        "201812": "134.26",
        "201901": "129.88",
        "201902": "135.27",
        "201903": "148.92",
        "201904": "170.58",
        "201905": "162.32",
        "201906": "152.87",
        "201907": "165.93",
        "201908": "156.12",
        "201909": "161.26",
        "201910": "163.83",
        "201911": "178.69",
        "201912": "175.59",
        "202001": "171.50",
        "202002": "164.47",
        "202003": "145.36",
        "202004": "148.85",
        "202005": "157.52",
        "202006": "163.62",
        "202007": "168.04",
        "202008": "55.95",
        "202009": "19.69",
        "202010": "20.90",
        "202011": "23.26",
        "202012": "30.49",
        "202101": "30.98",
        "202102": "36.40",
        "202103": "40.35",
        "202104": "41.09",
        "202105": "33.64",
        "202106": "32.66",
        "202107": "35.80",
        "202108": "33.87",
        "202109": "33.31",
        "202110": "31.56",
        "202111": "34.79",
        "202112": "34.14",
        "202201": "36.63",
        "202202": "37.45",
        "202203": "36.94",
        "202204": "35.56",
        "202205": "36.41",
        "202206": "35.77",
        "202207": "31.76",
        "202208": "33.65",
        "202209": "32.66",
        "202210": "31.04",
        "202211": "31.51",
        "202212": "31.21",
        "202301": "31.11",
        "202302": "32.57",
        "202303": "34.75",
        "202304": "35.09",
        "202305": "35.17",
        "202306": "36.15"
    },
    "quarters": {
        "20011": {
            "year_quarter": 20011,
            "year": 2001,
            "quarter": 1,
            "eps": null,
            "eps_growth_year": null,
            "eps_4q": null,
            "eps_4q_growth_year": null,
            "roe": null,
            "roe_4q": 0,
            "gross_profit": null,
            "gross_margin": null,
            "gross_margin_4q_avg": 0,
            "net_income": null,
            "revenue": null,
            "common_shares": null,
            "book_valuer_per_share": null,
            "book_valuer_per_share_4q_avg": 0,
            "equity": null,
            "current_ratio": null,
            "debt_ratio": null,
            "inventory_turnover_ratio": null,
            "account_receivable_turnover_ratio": null,
            "reinvestment_rate": null,
            "research_to_sale_ratio": null,
            "price_fair": 0,
            "eps_avg_yearly": 0,
            "eps_latest_yearly": 0,
            "eps_growth_yearly": 0
        },
        "20012": {
            "year_quarter": 20012,
            "year": 2001,
            "quarter": 2,
            "eps": null,
            "eps_growth_year": null,
            "eps_4q": null,
            "eps_4q_growth_year": null,
            "roe": null,
            "roe_4q": 0,
            "gross_profit": null,
            "gross_margin": null,
            "gross_margin_4q_avg": 0,
            "net_income": null,
            "revenue": null,
            "common_shares": null,
            "book_valuer_per_share": null,
            "book_valuer_per_share_4q_avg": 0,
            "equity": null,
            "current_ratio": null,
            "debt_ratio": null,
            "inventory_turnover_ratio": null,
            "account_receivable_turnover_ratio": null,
            "reinvestment_rate": null,
            "research_to_sale_ratio": null,
            "price_fair": 0,
            "eps_avg_yearly": 0,
            "eps_latest_yearly": 0,
            "eps_growth_yearly": 0
        },
        "20013": {
            "year_quarter": 20013,
            "year": 2001,
            "quarter": 3,
            "eps": null,
            "eps_growth_year": null,
            "eps_4q": null,
            "eps_4q_growth_year": null,
            "roe": null,
            "roe_4q": 0,
            "gross_profit": null,
            "gross_margin": null,
            "gross_margin_4q_avg": 0,
            "net_income": null,
            "revenue": null,
            "common_shares": null,
            "book_valuer_per_share": null,
            "book_valuer_per_share_4q_avg": 0,
            "equity": null,
            "current_ratio": null,
            "debt_ratio": null,
            "inventory_turnover_ratio": null,
            "account_receivable_turnover_ratio": null,
            "reinvestment_rate": null,
            "research_to_sale_ratio": null,
            "price_fair": 0,
            "eps_avg_yearly": 0,
            "eps_latest_yearly": 0,
            "eps_growth_yearly": 0
        },
        "20014": {
            "year_quarter": 20014,
            "year": 2001,
            "quarter": 4,
            "eps": null,
            "eps_growth_year": null,
            "eps_4q": null,
            "eps_4q_growth_year": null,
            "roe": null,
            "roe_4q": 0,
            "gross_profit": null,
            "gross_margin": null,
            "gross_margin_4q_avg": 0,
            "net_income": null,
            "revenue": null,
            "common_shares": 290000,
            "book_valuer_per_share": 2,
            "book_valuer_per_share_4q_avg": 0.5,
            "equity": 579321,
            "current_ratio": 142.21,
            "debt_ratio": 51.4,
            "inventory_turnover_ratio": null,
            "account_receivable_turnover_ratio": null,
            "reinvestment_rate": null,
            "research_to_sale_ratio": null,
            "price_fair": 0,
            "eps_avg_yearly": 0,
            "eps_latest_yearly": 0,
            "eps_growth_yearly": 0
        },
        "20021": {
            "year_quarter": 20021,
            "year": 2002,
            "quarter": 1,
            "eps": 1.92,
            "eps_growth_year": null,
            "eps_4q": null,
            "eps_4q_growth_year": null,
            "roe": 9.18,
            "roe_4q": 9.18,
            "gross_profit": 107257,
            "gross_margin": 10.34,
            "gross_margin_4q_avg": 2.59,
            "net_income": 55758,
            "revenue": 1037449,
            "common_shares": 290000,
            "book_valuer_per_share": 2.19,
            "book_valuer_per_share_4q_avg": 1.05,
            "equity": 635079,
            "current_ratio": 147.01,
            "debt_ratio": 51.8,
            "inventory_turnover_ratio": 10.36,
            "account_receivable_turnover_ratio": null,
            "reinvestment_rate": null,
            "research_to_sale_ratio": null,
            "price_fair": 0,
            "eps_avg_yearly": 0,
            "eps_latest_yearly": 0,
            "eps_growth_yearly": 0
        },
        "20022": {
            "year_quarter": 20022,
            "year": 2002,
            "quarter": 2,
            "eps": 1.88,
            "eps_growth_year": null,
            "eps_4q": null,
            "eps_4q_growth_year": null,
            "roe": 8.64,
            "roe_4q": 17.82,
            "gross_profit": 127847,
            "gross_margin": 10.84,
            "gross_margin_4q_avg": 5.3,
            "net_income": 56261,
            "revenue": 1179013,
            "common_shares": 310000,
            "book_valuer_per_share": 2.15,
            "book_valuer_per_share_4q_avg": 1.59,
            "equity": 667069,
            "current_ratio": 146.27,
            "debt_ratio": 53.6,
            "inventory_turnover_ratio": 10.6,
            "account_receivable_turnover_ratio": null,
            "reinvestment_rate": null,
            "research_to_sale_ratio": null,
            "price_fair": 22.56,
            "eps_avg_yearly": 7.52,
            "eps_latest_yearly": 7.52,
            "eps_growth_yearly": -8.33
        },
        "20023": {
            "year_quarter": 20023,
            "year": 2002,
            "quarter": 3,
            "eps": 1.65,
            "eps_growth_year": null,
            "eps_4q": null,
            "eps_4q_growth_year": null,
            "roe": 7.23,
            "roe_4q": 25.05,
            "gross_profit": 106897,
            "gross_margin": 9.29,
            "gross_margin_4q_avg": 7.62,
            "net_income": 50124,
            "revenue": 1150258,
            "common_shares": 310000,
            "book_valuer_per_share": 2.32,
            "book_valuer_per_share_4q_avg": 2.17,
            "equity": 718781,
            "current_ratio": 169.53,
            "debt_ratio": 44.89,
            "inventory_turnover_ratio": 7.7,
            "account_receivable_turnover_ratio": null,
            "reinvestment_rate": null,
            "research_to_sale_ratio": null,
            "price_fair": 21.18,
            "eps_avg_yearly": 7.06,
            "eps_latest_yearly": 6.6,
            "eps_growth_yearly": -28.63
        },
        "20024": {
            "year_quarter": 20024,
            "year": 2002,
            "quarter": 4,
            "eps": 1.49,
            "eps_growth_year": null,
            "eps_4q": 6.81,
            "eps_4q_growth_year": null,
            "roe": 6.13,
            "roe_4q": 31.18,
            "gross_profit": 92362,
            "gross_margin": 8.4,
            "gross_margin_4q_avg": 9.72,
            "net_income": 45445,
            "revenue": 1099020,
            "common_shares": 310000,
            "book_valuer_per_share": 2.46,
            "book_valuer_per_share_4q_avg": 2.28,
            "equity": 763583,
            "current_ratio": 156.03,
            "debt_ratio": 51.33,
            "inventory_turnover_ratio": 7.46,
            "account_receivable_turnover_ratio": null,
            "reinvestment_rate": null,
            "research_to_sale_ratio": null,
            "price_fair": 20.08,
            "eps_avg_yearly": 6.69,
            "eps_latest_yearly": 5.96,
            "eps_growth_yearly": -32.02
        },
        "20031": {
            "year_quarter": 20031,
            "year": 2003,
            "quarter": 1,
            "eps": 2.94,
            "eps_growth_year": 53.12,
            "eps_4q": 7.83,
            "eps_4q_growth_year": null,
            "roe": 11.28,
            "roe_4q": 33.28,
            "gross_profit": 114540,
            "gross_margin": 9.29,
            "gross_margin_4q_avg": 9.46,
            "net_income": 91247,
            "revenue": 1233064,
            "common_shares": 310000,
            "book_valuer_per_share": 2.76,
            "book_valuer_per_share_4q_avg": 2.42,
            "equity": 854830,
            "current_ratio": 173.96,
            "debt_ratio": 45.01,
            "inventory_turnover_ratio": 9.76,
            "account_receivable_turnover_ratio": null,
            "reinvestment_rate": null,
            "research_to_sale_ratio": null,
            "price_fair": 278.6,
            "eps_avg_yearly": 7.96,
            "eps_latest_yearly": 11.76,
            "eps_growth_yearly": 73.3
        },
        "20032": {
            "year_quarter": 20032,
            "year": 2003,
            "quarter": 2,
            "eps": 1.84,
            "eps_growth_year": -2.13,
            "eps_4q": 7.87,
            "eps_4q_growth_year": null,
            "roe": 7.01,
            "roe_4q": 31.65,
            "gross_profit": 106220,
            "gross_margin": 8.47,
            "gross_margin_4q_avg": 8.86,
            "net_income": 56981,
            "revenue": 1254419,
            "common_shares": 310000,
            "book_valuer_per_share": 2.49,
            "book_valuer_per_share_4q_avg": 2.51,
            "equity": 771702,
            "current_ratio": 160.52,
            "debt_ratio": 47.68,
            "inventory_turnover_ratio": 9.01,
            "account_receivable_turnover_ratio": null,
            "reinvestment_rate": null,
            "research_to_sale_ratio": null,
            "price_fair": 274.4,
            "eps_avg_yearly": 7.84,
            "eps_latest_yearly": 7.36,
            "eps_growth_yearly": 28.71
        },
        "20033": {
            "year_quarter": 20033,
            "year": 2003,
            "quarter": 3,
            "eps": 2.16,
            "eps_growth_year": 30.91,
            "eps_4q": 8.39,
            "eps_4q_growth_year": null,
            "roe": 8.34,
            "roe_4q": 32.76,
            "gross_profit": 122774,
            "gross_margin": 8.87,
            "gross_margin_4q_avg": 8.76,
            "net_income": 67110,
            "revenue": 1384277,
            "common_shares": 310000,
            "book_valuer_per_share": 2.7,
            "book_valuer_per_share_4q_avg": 2.6,
            "equity": 837871,
            "current_ratio": 158.64,
            "debt_ratio": 47.81,
            "inventory_turnover_ratio": 9.3,
            "account_receivable_turnover_ratio": null,
            "reinvestment_rate": null,
            "research_to_sale_ratio": null,
            "price_fair": 279.07,
            "eps_avg_yearly": 7.97,
            "eps_latest_yearly": 8.64,
            "eps_growth_yearly": 35.52
        },
        "20034": {
            "year_quarter": 20034,
            "year": 2003,
            "quarter": 4,
            "eps": 2,
            "eps_growth_year": 34.23,
            "eps_4q": 8.48,
            "eps_4q_growth_year": 24.59,
            "roe": 7.63,
            "roe_4q": 34.26,
            "gross_profit": 128956,
            "gross_margin": 7.99,
            "gross_margin_4q_avg": 8.66,
            "net_income": 66466,
            "revenue": 1613687,
            "common_shares": 332180,
            "book_valuer_per_share": 2.72,
            "book_valuer_per_share_4q_avg": 2.67,
            "equity": 904260,
            "current_ratio": 148.01,
            "debt_ratio": 52.16,
            "inventory_turnover_ratio": 8.71,
            "account_receivable_turnover_ratio": null,
            "reinvestment_rate": null,
            "research_to_sale_ratio": null,
            "price_fair": 279.2,
            "eps_avg_yearly": 7.98,
            "eps_latest_yearly": 8,
            "eps_growth_yearly": 26.21
        },
        "20041": {
            "year_quarter": 20041,
            "year": 2004,
            "quarter": 1,
            "eps": 3.25,
            "eps_growth_year": 10.54,
            "eps_4q": 8.99,
            "eps_4q_growth_year": 14.77,
            "roe": 11.27,
            "roe_4q": 34.25,
            "gross_profit": 152723,
            "gross_margin": 8.72,
            "gross_margin_4q_avg": 8.51,
            "net_income": 107917,
            "revenue": 1752217,
            "common_shares": 332180,
            "book_valuer_per_share": 3.04,
            "book_valuer_per_share_4q_avg": 2.74,
            "equity": 1011081,
            "current_ratio": 144.64,
            "debt_ratio": 53.79,
            "inventory_turnover_ratio": 7.09,
            "account_receivable_turnover_ratio": null,
            "reinvestment_rate": null,
            "research_to_sale_ratio": null,
            "price_fair": 301.18,
            "eps_avg_yearly": 8.61,
            "eps_latest_yearly": 13,
            "eps_growth_yearly": 54.19
        },
        "20042": {
            "year_quarter": 20042,
            "year": 2004,
            "quarter": 2,
            "eps": 3.07,
            "eps_growth_year": 66.85,
            "eps_4q": 9.78,
            "eps_4q_growth_year": 24.24,
            "roe": 11.23,
            "roe_4q": 38.47,
            "gross_profit": 156151,
            "gross_margin": 7.96,
            "gross_margin_4q_avg": 8.39,
            "net_income": 110471,
            "revenue": 1961882,
            "common_shares": 332180,
            "book_valuer_per_share": 2.88,
            "book_valuer_per_share_4q_avg": 2.84,
            "equity": 955697,
            "current_ratio": 198.67,
            "debt_ratio": 63.42,
            "inventory_turnover_ratio": 7.12,
            "account_receivable_turnover_ratio": null,
            "reinvestment_rate": null,
            "research_to_sale_ratio": null,
            "price_fair": 315.47,
            "eps_avg_yearly": 9.01,
            "eps_latest_yearly": 12.28,
            "eps_growth_yearly": 45.7
        },
        "20043": {
            "year_quarter": 20043,
            "year": 2004,
            "quarter": 3,
            "eps": 3.7,
            "eps_growth_year": 71.3,
            "eps_4q": 11.61,
            "eps_4q_growth_year": 38.29,
            "roe": 13.04,
            "roe_4q": 43.17,
            "gross_profit": 190343,
            "gross_margin": 9.09,
            "gross_margin_4q_avg": 8.44,
            "net_income": 133290,
            "revenue": 2094411,
            "common_shares": 360045,
            "book_valuer_per_share": 3.03,
            "book_valuer_per_share_4q_avg": 2.92,
            "equity": 1089373,
            "current_ratio": 209.11,
            "debt_ratio": 60.02,
            "inventory_turnover_ratio": 6.73,
            "account_receivable_turnover_ratio": null,
            "reinvestment_rate": null,
            "research_to_sale_ratio": null,
            "price_fair": 335.72,
            "eps_avg_yearly": 9.59,
            "eps_latest_yearly": 14.8,
            "eps_growth_yearly": 49.34
        },
        "20044": {
            "year_quarter": 20044,
            "year": 2004,
            "quarter": 4,
            "eps": 2.78,
            "eps_growth_year": 39,
            "eps_4q": 12.53,
            "eps_4q_growth_year": 47.82,
            "roe": 8.81,
            "roe_4q": 44.349999999999994,
            "gross_profit": 180382,
            "gross_margin": 8.48,
            "gross_margin_4q_avg": 8.56,
            "net_income": 100230,
            "revenue": 2126821,
            "common_shares": 360045,
            "book_valuer_per_share": 3.29,
            "book_valuer_per_share_4q_avg": 3.06,
            "equity": 1186062,
            "current_ratio": 199.82,
            "debt_ratio": 59.75,
            "inventory_turnover_ratio": 6.1,
            "account_receivable_turnover_ratio": null,
            "reinvestment_rate": null,
            "research_to_sale_ratio": null,
            "price_fair": 340.58,
            "eps_avg_yearly": 9.73,
            "eps_latest_yearly": 11.12,
            "eps_growth_yearly": 35.81
        },
        "20051": {
            "year_quarter": 20051,
            "year": 2005,
            "quarter": 1,
            "eps": 3.13,
            "eps_growth_year": -3.69,
            "eps_4q": 12.68,
            "eps_4q_growth_year": 41.06,
            "roe": 9.08,
            "roe_4q": 42.16,
            "gross_profit": 120835,
            "gross_margin": 7.46,
            "gross_margin_4q_avg": 8.25,
            "net_income": 112744,
            "revenue": 1618916,
            "common_shares": 360045,
            "book_valuer_per_share": 3.6,
            "book_valuer_per_share_4q_avg": 3.2,
            "equity": 1296351,
            "current_ratio": 251.23,
            "debt_ratio": 52.18,
            "inventory_turnover_ratio": 4.53,
            "account_receivable_turnover_ratio": null,
            "reinvestment_rate": null,
            "research_to_sale_ratio": null,
            "price_fair": 348.72,
            "eps_avg_yearly": 9.96,
            "eps_latest_yearly": 12.52,
            "eps_growth_yearly": 37.03
        },
        "20052": {
            "year_quarter": 20052,
            "year": 2005,
            "quarter": 2,
            "eps": 2.6,
            "eps_growth_year": -15.31,
            "eps_4q": 12.23,
            "eps_4q_growth_year": 25,
            "roe": 7.84,
            "roe_4q": 38.77,
            "gross_profit": 134548,
            "gross_margin": 7.18,
            "gross_margin_4q_avg": 8.05,
            "net_income": 93525,
            "revenue": 1872649,
            "common_shares": 360045,
            "book_valuer_per_share": 3.03,
            "book_valuer_per_share_4q_avg": 3.24,
            "equity": 1090196,
            "current_ratio": 115.19,
            "debt_ratio": 63.3,
            "inventory_turnover_ratio": 5.39,
            "account_receivable_turnover_ratio": null,
            "reinvestment_rate": null,
            "research_to_sale_ratio": null,
            "price_fair": 349.89,
            "eps_avg_yearly": 10,
            "eps_latest_yearly": 10.4,
            "eps_growth_yearly": 28.97
        },
        "20053": {
            "year_quarter": 20053,
            "year": 2005,
            "quarter": 3,
            "eps": 2.81,
            "eps_growth_year": -24.05,
            "eps_4q": 9.82,
            "eps_4q_growth_year": -15.43,
            "roe": 9.5,
            "roe_4q": 35.230000000000004,
            "gross_profit": 169613,
            "gross_margin": 6.99,
            "gross_margin_4q_avg": 7.53,
            "net_income": 122932,
            "revenue": 2425070,
            "common_shares": 434302,
            "book_valuer_per_share": 3.45,
            "book_valuer_per_share_4q_avg": 3.34,
            "equity": 1497323,
            "current_ratio": 134.24,
            "debt_ratio": 56.62,
            "inventory_turnover_ratio": 7.47,
            "account_receivable_turnover_ratio": null,
            "reinvestment_rate": null,
            "research_to_sale_ratio": null,
            "price_fair": 353,
            "eps_avg_yearly": 10.09,
            "eps_latest_yearly": 11.24,
            "eps_growth_yearly": 29.21
        },
        "20054": {
            "year_quarter": 20054,
            "year": 2005,
            "quarter": 4,
            "eps": 3.21,
            "eps_growth_year": 15.47,
            "eps_4q": 10.6,
            "eps_4q_growth_year": -15.45,
            "roe": 8.81,
            "roe_4q": 35.230000000000004,
            "gross_profit": 184970,
            "gross_margin": 6.88,
            "gross_margin_4q_avg": 7.13,
            "net_income": 143037,
            "revenue": 2690472,
            "common_shares": 471808,
            "book_valuer_per_share": 3.61,
            "book_valuer_per_share_4q_avg": 3.42,
            "equity": 1748349,
            "current_ratio": 154.54,
            "debt_ratio": 51.04,
            "inventory_turnover_ratio": 9.5,
            "account_receivable_turnover_ratio": null,
            "reinvestment_rate": 14.14,
            "research_to_sale_ratio": null,
            "price_fair": 359.43,
            "eps_avg_yearly": 10.27,
            "eps_latest_yearly": 12.84,
            "eps_growth_yearly": 31.06
        },
        "20061": {
            "year_quarter": 20061,
            "year": 2006,
            "quarter": 1,
            "eps": 2.54,
            "eps_growth_year": -18.85,
            "eps_4q": 10,
            "eps_4q_growth_year": -21.15,
            "roe": 6.57,
            "roe_4q": 32.72,
            "gross_profit": 179042,
            "gross_margin": 7.73,
            "gross_margin_4q_avg": 7.2,
            "net_income": 122431,
            "revenue": 2316551,
            "common_shares": 471808,
            "book_valuer_per_share": 4.2,
            "book_valuer_per_share_4q_avg": 3.57,
            "equity": 1979722,
            "current_ratio": 179.63,
            "debt_ratio": 41.53,
            "inventory_turnover_ratio": 7.8,
            "account_receivable_turnover_ratio": null,
            "reinvestment_rate": 14.69,
            "research_to_sale_ratio": null,
            "price_fair": 347.86,
            "eps_avg_yearly": 10.26,
            "eps_latest_yearly": 10.16,
            "eps_growth_yearly": 23.9
        },
        "20062": {
            "year_quarter": 20062,
            "year": 2006,
            "quarter": 2,
            "eps": 3.1,
            "eps_growth_year": 19.23,
            "eps_4q": 11.1,
            "eps_4q_growth_year": -9.19,
            "roe": 8.02,
            "roe_4q": 32.9,
            "gross_profit": 211435,
            "gross_margin": 8.1,
            "gross_margin_4q_avg": 7.43,
            "net_income": 150447,
            "revenue": 2610370,
            "common_shares": 488348,
            "book_valuer_per_share": 3.63,
            "book_valuer_per_share_4q_avg": 3.72,
            "equity": 1773975,
            "current_ratio": 138.97,
            "debt_ratio": 52,
            "inventory_turnover_ratio": 9.4,
            "account_receivable_turnover_ratio": null,
            "reinvestment_rate": 13.62,
            "research_to_sale_ratio": null,
            "price_fair": 369.86,
            "eps_avg_yearly": 10.57,
            "eps_latest_yearly": 12.4,
            "eps_growth_yearly": 29.93
        },
        "20063": {
            "year_quarter": 20063,
            "year": 2006,
            "quarter": 3,
            "eps": 2.64,
            "eps_growth_year": -6.05,
            "eps_4q": 10.49,
            "eps_4q_growth_year": 6.82,
            "roe": 7.62,
            "roe_4q": 31.020000000000003,
            "gross_profit": 210716,
            "gross_margin": 7.82,
            "gross_margin_4q_avg": 7.63,
            "net_income": 139949,
            "revenue": 2694532,
            "common_shares": 538047,
            "book_valuer_per_share": 3.53,
            "book_valuer_per_share_4q_avg": 3.74,
            "equity": 1897757,
            "current_ratio": 137.1,
            "debt_ratio": 53.76,
            "inventory_turnover_ratio": 11.14,
            "account_receivable_turnover_ratio": null,
            "reinvestment_rate": 12.62,
            "research_to_sale_ratio": null,
            "price_fair": 378.53,
            "eps_avg_yearly": 10.82,
            "eps_latest_yearly": 10.56,
            "eps_growth_yearly": 29.28
        },
        "20064": {
            "year_quarter": 20064,
            "year": 2006,
            "quarter": 4,
            "eps": 1.33,
            "eps_growth_year": -58.57,
            "eps_4q": 9.03,
            "eps_4q_growth_year": -14.8,
            "roe": 3.48,
            "roe_4q": 25.689999999999998,
            "gross_profit": 187631,
            "gross_margin": 7.76,
            "gross_margin_4q_avg": 7.85,
            "net_income": 71308,
            "revenue": 2416398,
            "common_shares": 547364,
            "book_valuer_per_share": 3.92,
            "book_valuer_per_share_4q_avg": 3.82,
            "equity": 2195159,
            "current_ratio": 307.14,
            "debt_ratio": 54.58,
            "inventory_turnover_ratio": 8.37,
            "account_receivable_turnover_ratio": null,
            "reinvestment_rate": 14.54,
            "research_to_sale_ratio": null,
            "price_fair": 315.67,
            "eps_avg_yearly": 10.78,
            "eps_latest_yearly": 5.32,
            "eps_growth_yearly": 19.3
        },
        "20071": {
            "year_quarter": 20071,
            "year": 2007,
            "quarter": 1,
            "eps": 2.46,
            "eps_growth_year": -3.15,
            "eps_4q": 9.07,
            "eps_4q_growth_year": -9.25,
            "roe": 6,
            "roe_4q": 25.12,
            "gross_profit": 141552,
            "gross_margin": 7.18,
            "gross_margin_4q_avg": 7.72,
            "net_income": 134544,
            "revenue": 1971720,
            "common_shares": 547364,
            "book_valuer_per_share": 4.18,
            "book_valuer_per_share_4q_avg": 3.82,
            "equity": 2287931,
            "current_ratio": 307.56,
            "debt_ratio": 53.38,
            "inventory_turnover_ratio": 5.66,
            "account_receivable_turnover_ratio": null,
            "reinvestment_rate": 11.19,
            "research_to_sale_ratio": null,
            "price_fair": 279.25,
            "eps_avg_yearly": 10.66,
            "eps_latest_yearly": 9.84,
            "eps_growth_yearly": 16.21
        },
        "20072": {
            "year_quarter": 20072,
            "year": 2007,
            "quarter": 2,
            "eps": 2.32,
            "eps_growth_year": -25.16,
            "eps_4q": 8.64,
            "eps_4q_growth_year": -22.16,
            "roe": 5.88,
            "roe_4q": 22.98,
            "gross_profit": 172791,
            "gross_margin": 6.77,
            "gross_margin_4q_avg": 7.38,
            "net_income": 126879,
            "revenue": 2551416,
            "common_shares": 547364,
            "book_valuer_per_share": 3.7,
            "book_valuer_per_share_4q_avg": 3.83,
            "equity": 2027556,
            "current_ratio": 265.47,
            "debt_ratio": 57.99,
            "inventory_turnover_ratio": 7.37,
            "account_receivable_turnover_ratio": null,
            "reinvestment_rate": 15.54,
            "research_to_sale_ratio": null,
            "price_fair": 367.85,
            "eps_avg_yearly": 10.78,
            "eps_latest_yearly": 9.28,
            "eps_growth_yearly": 24.14
        },
        "20073": {
            "year_quarter": 20073,
            "year": 2007,
            "quarter": 3,
            "eps": 3.43,
            "eps_growth_year": 29.92,
            "eps_4q": 9.29,
            "eps_4q_growth_year": -11.45,
            "roe": 9.37,
            "roe_4q": 24.73,
            "gross_profit": 228710,
            "gross_margin": 7.9,
            "gross_margin_4q_avg": 7.4,
            "net_income": 194905,
            "revenue": 2895937,
            "common_shares": 568285,
            "book_valuer_per_share": 3.75,
            "book_valuer_per_share_4q_avg": 3.89,
            "equity": 2132015,
            "current_ratio": 291.61,
            "debt_ratio": 55.58,
            "inventory_turnover_ratio": 9.87,
            "account_receivable_turnover_ratio": null,
            "reinvestment_rate": 12.82,
            "research_to_sale_ratio": null,
            "price_fair": 388.24,
            "eps_avg_yearly": 11.09,
            "eps_latest_yearly": 13.72,
            "eps_growth_yearly": 31.75
        },
        "20074": {
            "year_quarter": 20074,
            "year": 2007,
            "quarter": 4,
            "eps": 1.52,
            "eps_growth_year": 14.29,
            "eps_4q": 9.45,
            "eps_4q_growth_year": 4.63,
            "roe": 3.66,
            "roe_4q": 24.91,
            "gross_profit": 142675,
            "gross_margin": 4.94,
            "gross_margin_4q_avg": 6.7,
            "net_income": 87492,
            "revenue": 2888683,
            "common_shares": 603901,
            "book_valuer_per_share": 4.28,
            "book_valuer_per_share_4q_avg": 3.98,
            "equity": 2642996,
            "current_ratio": 133.42,
            "debt_ratio": 54.26,
            "inventory_turnover_ratio": 8.35,
            "account_receivable_turnover_ratio": null,
            "reinvestment_rate": 19.31,
            "research_to_sale_ratio": null,
            "price_fair": 325.7,
            "eps_avg_yearly": 10.97,
            "eps_latest_yearly": 6.08,
            "eps_growth_yearly": 19.68
        },
        "20081": {
            "year_quarter": 20081,
            "year": 2008,
            "quarter": 1,
            "eps": 1.37,
            "eps_growth_year": -44.31,
            "eps_4q": 8.11,
            "eps_4q_growth_year": -10.57,
            "roe": 3.1,
            "roe_4q": 22.009999999999998,
            "gross_profit": 245151,
            "gross_margin": 8.7,
            "gross_margin_4q_avg": 7.08,
            "net_income": 82646,
            "revenue": 2818123,
            "common_shares": 603901,
            "book_valuer_per_share": 4.34,
            "book_valuer_per_share_4q_avg": 4.02,
            "equity": 2681668,
            "current_ratio": 131.44,
            "debt_ratio": 55.56,
            "inventory_turnover_ratio": 6.26,
            "account_receivable_turnover_ratio": null,
            "reinvestment_rate": 21.41,
            "research_to_sale_ratio": null,
            "price_fair": 121.74,
            "eps_avg_yearly": 10.5,
            "eps_latest_yearly": 5.48,
            "eps_growth_yearly": 1.59
        },
        "20082": {
            "year_quarter": 20082,
            "year": 2008,
            "quarter": 2,
            "eps": 1,
            "eps_growth_year": -56.9,
            "eps_4q": 6.64,
            "eps_4q_growth_year": -23.19,
            "roe": 2.56,
            "roe_4q": 18.689999999999998,
            "gross_profit": 265591,
            "gross_margin": 9.22,
            "gross_margin_4q_avg": 7.69,
            "net_income": 63788,
            "revenue": 2879714,
            "common_shares": 603901,
            "book_valuer_per_share": 3.72,
            "book_valuer_per_share_4q_avg": 4.02,
            "equity": 2310739,
            "current_ratio": 119.5,
            "debt_ratio": 60.97,
            "inventory_turnover_ratio": 6.94,
            "account_receivable_turnover_ratio": null,
            "reinvestment_rate": 23.23,
            "research_to_sale_ratio": null,
            "price_fair": 29.96,
            "eps_avg_yearly": 9.99,
            "eps_latest_yearly": 4,
            "eps_growth_yearly": -3.78
        },
        "20083": {
            "year_quarter": 20083,
            "year": 2008,
            "quarter": 3,
            "eps": 0.32,
            "eps_growth_year": -90.67,
            "eps_4q": 3.57,
            "eps_4q_growth_year": -61.6,
            "roe": 0.92,
            "roe_4q": 10.24,
            "gross_profit": 235226,
            "gross_margin": 8.58,
            "gross_margin_4q_avg": 7.86,
            "net_income": 22275,
            "revenue": 2740192,
            "common_shares": 630898,
            "book_valuer_per_share": 3.68,
            "book_valuer_per_share_4q_avg": 4.01,
            "equity": 2518855,
            "current_ratio": 142.97,
            "debt_ratio": 59.16,
            "inventory_turnover_ratio": 7.8,
            "account_receivable_turnover_ratio": null,
            "reinvestment_rate": 28.9,
            "research_to_sale_ratio": null,
            "price_fair": 27.42,
            "eps_avg_yearly": 9.14,
            "eps_latest_yearly": 1.28,
            "eps_growth_yearly": -25.91
        },
        "20084": {
            "year_quarter": 20084,
            "year": 2008,
            "quarter": 4,
            "eps": -1.02,
            "eps_growth_year": -167.11,
            "eps_4q": 1.48,
            "eps_4q_growth_year": -84.32,
            "roe": -2.43,
            "roe_4q": 4.15,
            "gross_profit": 160528,
            "gross_margin": 8.94,
            "gross_margin_4q_avg": 8.86,
            "net_income": -62051,
            "revenue": 1794608,
            "common_shares": 630898,
            "book_valuer_per_share": 3.62,
            "book_valuer_per_share_4q_avg": 3.84,
            "equity": 2581002,
            "current_ratio": 245.07,
            "debt_ratio": 53.98,
            "inventory_turnover_ratio": 5.66,
            "account_receivable_turnover_ratio": 1.76,
            "reinvestment_rate": 32.39,
            "research_to_sale_ratio": null,
            "price_fair": 27.02,
            "eps_avg_yearly": 9.01,
            "eps_latest_yearly": 1.28,
            "eps_growth_yearly": -21
        },
        "20091": {
            "year_quarter": 20091,
            "year": 2009,
            "quarter": 1,
            "eps": 0.59,
            "eps_growth_year": -56.93,
            "eps_4q": 0.96,
            "eps_4q_growth_year": -88.12,
            "roe": 1.25,
            "roe_4q": 2.3,
            "gross_profit": 152152,
            "gross_margin": 7.8,
            "gross_margin_4q_avg": 8.64,
            "net_income": 33136,
            "revenue": 1949887,
            "common_shares": 630898,
            "book_valuer_per_share": 3.81,
            "book_valuer_per_share_4q_avg": 3.71,
            "equity": 2699979,
            "current_ratio": 233.27,
            "debt_ratio": 53.96,
            "inventory_turnover_ratio": 6.95,
            "account_receivable_turnover_ratio": 0.94,
            "reinvestment_rate": 37.11,
            "research_to_sale_ratio": null,
            "price_fair": 26.27,
            "eps_avg_yearly": 8.76,
            "eps_latest_yearly": 1.28,
            "eps_growth_yearly": -26.1
        },
        "20092": {
            "year_quarter": 20092,
            "year": 2009,
            "quarter": 2,
            "eps": 1.88,
            "eps_growth_year": 88,
            "eps_4q": 1.73,
            "eps_4q_growth_year": -73.89,
            "roe": 4.26,
            "roe_4q": 3.9999999999999996,
            "gross_profit": 231939,
            "gross_margin": 7.48,
            "gross_margin_4q_avg": 8.2,
            "net_income": 117490,
            "revenue": 3099991,
            "common_shares": 630898,
            "book_valuer_per_share": 4,
            "book_valuer_per_share_4q_avg": 3.78,
            "equity": 2821834,
            "current_ratio": 171.64,
            "debt_ratio": 60.72,
            "inventory_turnover_ratio": 10.72,
            "account_receivable_turnover_ratio": 1.17,
            "reinvestment_rate": 30.37,
            "research_to_sale_ratio": null,
            "price_fair": 299.3,
            "eps_avg_yearly": 8.55,
            "eps_latest_yearly": 7.52,
            "eps_growth_yearly": 41.21
        },
        "20093": {
            "year_quarter": 20093,
            "year": 2009,
            "quarter": 3,
            "eps": 3.09,
            "eps_growth_year": 865.62,
            "eps_4q": 4.25,
            "eps_4q_growth_year": 19.14,
            "roe": 6.86,
            "roe_4q": 9.940000000000001,
            "gross_profit": 320472,
            "gross_margin": 8.61,
            "gross_margin_4q_avg": 8.21,
            "net_income": 201919,
            "revenue": 3723661,
            "common_shares": 630898,
            "book_valuer_per_share": 4.42,
            "book_valuer_per_share_4q_avg": 3.96,
            "equity": 3065485,
            "current_ratio": 172.2,
            "debt_ratio": 60.05,
            "inventory_turnover_ratio": 10.6,
            "account_receivable_turnover_ratio": 1.09,
            "reinvestment_rate": 28.3,
            "research_to_sale_ratio": null,
            "price_fair": 302.1,
            "eps_avg_yearly": 8.63,
            "eps_latest_yearly": 12.36,
            "eps_growth_yearly": 57.29
        },
        "20094": {
            "year_quarter": 20094,
            "year": 2009,
            "quarter": 4,
            "eps": 1.49,
            "eps_growth_year": null,
            "eps_4q": 0.69,
            "eps_4q_growth_year": -53.7,
            "roe": 2.97,
            "roe_4q": 15.34,
            "gross_profit": 228409,
            "gross_margin": 6.4,
            "gross_margin_4q_avg": 7.57,
            "net_income": 94742,
            "revenue": 3571198,
            "common_shares": 630898,
            "book_valuer_per_share": 49.47,
            "book_valuer_per_share_4q_avg": 15.43,
            "equity": 3304820,
            "current_ratio": 179.65,
            "debt_ratio": 59.68,
            "inventory_turnover_ratio": 7.32,
            "account_receivable_turnover_ratio": 2.09,
            "reinvestment_rate": 99.52,
            "research_to_sale_ratio": null,
            "price_fair": 284.9,
            "eps_avg_yearly": 8.14,
            "eps_latest_yearly": 5.96,
            "eps_growth_yearly": 38.43
        },
        "20101": {
            "year_quarter": 20101,
            "year": 2010,
            "quarter": 1,
            "eps": 5.34,
            "eps_growth_year": 805.08,
            "eps_4q": 1.15,
            "eps_4q_growth_year": 19.02,
            "roe": 10.08,
            "roe_4q": 24.17,
            "gross_profit": 318267,
            "gross_margin": 8.47,
            "gross_margin_4q_avg": 7.74,
            "net_income": 351257,
            "revenue": 3757113,
            "common_shares": 630898,
            "book_valuer_per_share": 53.68,
            "book_valuer_per_share_4q_avg": 27.89,
            "equity": 3662196,
            "current_ratio": 190.94,
            "debt_ratio": 59.05,
            "inventory_turnover_ratio": 5,
            "account_receivable_turnover_ratio": 1.05,
            "reinvestment_rate": 90.52,
            "research_to_sale_ratio": 0,
            "price_fair": 312.9,
            "eps_avg_yearly": 8.94,
            "eps_latest_yearly": 21.36,
            "eps_growth_yearly": 118.22
        },
        "20102": {
            "year_quarter": 20102,
            "year": 2010,
            "quarter": 2,
            "eps": 0.37,
            "eps_growth_year": -80.2,
            "eps_4q": 1.34,
            "eps_4q_growth_year": -22.9,
            "roe": 6.64,
            "roe_4q": 26.549999999999997,
            "gross_profit": 317891,
            "gross_margin": 7.66,
            "gross_margin_4q_avg": 7.79,
            "net_income": 233206,
            "revenue": 4147640,
            "common_shares": 630898,
            "book_valuer_per_share": 48.83,
            "book_valuer_per_share_4q_avg": 39.1,
            "equity": 3366341,
            "current_ratio": 163.82,
            "debt_ratio": 64.31,
            "inventory_turnover_ratio": 4.52,
            "account_receivable_turnover_ratio": 1.07,
            "reinvestment_rate": 92.14,
            "research_to_sale_ratio": 0.03,
            "price_fair": 285.6,
            "eps_avg_yearly": 8.16,
            "eps_latest_yearly": 1.48,
            "eps_growth_yearly": 85.33
        },
        "20103": {
            "year_quarter": 20103,
            "year": 2010,
            "quarter": 3,
            "eps": 0.35,
            "eps_growth_year": -88.81,
            "eps_4q": 1.38,
            "eps_4q_growth_year": -67.48,
            "roe": 6.63,
            "roe_4q": 26.32,
            "gross_profit": 364027,
            "gross_margin": 8.53,
            "gross_margin_4q_avg": 7.77,
            "net_income": 230281,
            "revenue": 4266115,
            "common_shares": 630898,
            "book_valuer_per_share": 52.12,
            "book_valuer_per_share_4q_avg": 51.03,
            "equity": 3578732,
            "current_ratio": 177.53,
            "debt_ratio": 65.57,
            "inventory_turnover_ratio": 4.22,
            "account_receivable_turnover_ratio": 1,
            "reinvestment_rate": 97.62,
            "research_to_sale_ratio": 0.25,
            "price_fair": 262.7,
            "eps_avg_yearly": 7.51,
            "eps_latest_yearly": 1.4,
            "eps_growth_yearly": 88.02
        },
        "20104": {
            "year_quarter": 20104,
            "year": 2010,
            "quarter": 4,
            "eps": 0.12,
            "eps_growth_year": -91.74,
            "eps_4q": 1.36,
            "eps_4q_growth_year": 98.33,
            "roe": 1.92,
            "roe_4q": 25.270000000000003,
            "gross_profit": 250786,
            "gross_margin": 7.45,
            "gross_margin_4q_avg": 8.03,
            "net_income": 69540,
            "revenue": 3367024,
            "common_shares": 630898,
            "book_valuer_per_share": 52.4,
            "book_valuer_per_share_4q_avg": 51.76,
            "equity": 3659775,
            "current_ratio": 165.6,
            "debt_ratio": 60.05,
            "inventory_turnover_ratio": 3.19,
            "account_receivable_turnover_ratio": 0.83,
            "reinvestment_rate": 102.14,
            "research_to_sale_ratio": 0.18,
            "price_fair": 250.6,
            "eps_avg_yearly": 7.16,
            "eps_latest_yearly": 0.48,
            "eps_growth_yearly": 83.42
        },
        "20111": {
            "year_quarter": 20111,
            "year": 2011,
            "quarter": 1,
            "eps": 1.92,
            "eps_growth_year": -64.04,
            "eps_4q": 1.06,
            "eps_4q_growth_year": -7.77,
            "roe": 3.3,
            "roe_4q": 18.49,
            "gross_profit": 285530,
            "gross_margin": 7.4,
            "gross_margin_4q_avg": 7.76,
            "net_income": 123982,
            "revenue": 3857239,
            "common_shares": 610898,
            "book_valuer_per_share": 55.36,
            "book_valuer_per_share_4q_avg": 52.18,
            "equity": 3849465,
            "current_ratio": 153.25,
            "debt_ratio": 61.64,
            "inventory_turnover_ratio": 3.6,
            "account_receivable_turnover_ratio": 1.04,
            "reinvestment_rate": 105.75,
            "research_to_sale_ratio": 0.07,
            "price_fair": 245.2,
            "eps_avg_yearly": 7.01,
            "eps_latest_yearly": 7.68,
            "eps_growth_yearly": 487.72
        },
        "20112": {
            "year_quarter": 20112,
            "year": 2011,
            "quarter": 2,
            "eps": 0.19,
            "eps_growth_year": -48.27,
            "eps_4q": 0.85,
            "eps_4q_growth_year": -36.58,
            "roe": 2.54,
            "roe_4q": 14.39,
            "gross_profit": 255254,
            "gross_margin": 6.23,
            "gross_margin_4q_avg": 7.4,
            "net_income": 89043,
            "revenue": 4095772,
            "common_shares": 610898,
            "book_valuer_per_share": 44.75,
            "book_valuer_per_share_4q_avg": 51.16,
            "equity": 3167928,
            "current_ratio": 157.33,
            "debt_ratio": 67.43,
            "inventory_turnover_ratio": 3.9,
            "account_receivable_turnover_ratio": 1.06,
            "reinvestment_rate": 103.22,
            "research_to_sale_ratio": 0.01,
            "price_fair": 223.9,
            "eps_avg_yearly": 6.4,
            "eps_latest_yearly": 0.76,
            "eps_growth_yearly": 463.6
        },
        "20113": {
            "year_quarter": 20113,
            "year": 2011,
            "quarter": 3,
            "eps": 0.13,
            "eps_growth_year": -62.64,
            "eps_4q": 0.63,
            "eps_4q_growth_year": -54.33,
            "roe": 2.92,
            "roe_4q": 10.68,
            "gross_profit": 318505,
            "gross_margin": 7.53,
            "gross_margin_4q_avg": 7.15,
            "net_income": 95101,
            "revenue": 4229901,
            "common_shares": 629225,
            "book_valuer_per_share": 45.3,
            "book_valuer_per_share_4q_avg": 49.45,
            "equity": 3347131,
            "current_ratio": 120.82,
            "debt_ratio": 65.79,
            "inventory_turnover_ratio": 4.03,
            "account_receivable_turnover_ratio": 1.07,
            "reinvestment_rate": 111.77,
            "research_to_sale_ratio": 0.05,
            "price_fair": 190.9,
            "eps_avg_yearly": 5.45,
            "eps_latest_yearly": 0.52,
            "eps_growth_yearly": 440.91
        },
        "20114": {
            "year_quarter": 20114,
            "year": 2011,
            "quarter": 4,
            "eps": -0.48,
            "eps_growth_year": -489.12,
            "eps_4q": 0.03,
            "eps_4q_growth_year": -97.86,
            "roe": -9.53,
            "roe_4q": -0.7699999999999996,
            "gross_profit": 202211,
            "gross_margin": 5.47,
            "gross_margin_4q_avg": 6.66,
            "net_income": -304807,
            "revenue": 3698027,
            "common_shares": 629225,
            "book_valuer_per_share": 40.59,
            "book_valuer_per_share_4q_avg": 46.5,
            "equity": 3047688,
            "current_ratio": 119.91,
            "debt_ratio": 68.27,
            "inventory_turnover_ratio": 4.05,
            "account_receivable_turnover_ratio": 0.97,
            "reinvestment_rate": 118.12,
            "research_to_sale_ratio": 0.06,
            "price_fair": 189.22,
            "eps_avg_yearly": 5.41,
            "eps_latest_yearly": 0.52,
            "eps_growth_yearly": 491.96
        },
        "20121": {
            "year_quarter": 20121,
            "year": 2012,
            "quarter": 1,
            "eps": 1.66,
            "eps_growth_year": -13.54,
            "eps_4q": 0.01,
            "eps_4q_growth_year": -99.18,
            "roe": 3.02,
            "roe_4q": -1.0499999999999998,
            "gross_profit": 266638,
            "gross_margin": 6.9,
            "gross_margin_4q_avg": 6.53,
            "net_income": 93191,
            "revenue": 3865153,
            "common_shares": 629225,
            "book_valuer_per_share": 42.23,
            "book_valuer_per_share_4q_avg": 43.22,
            "equity": 3132079,
            "current_ratio": 119.3,
            "debt_ratio": 68.8,
            "inventory_turnover_ratio": 4.83,
            "account_receivable_turnover_ratio": 0.98,
            "reinvestment_rate": 111.12,
            "research_to_sale_ratio": 0.02,
            "price_fair": 189,
            "eps_avg_yearly": 5.4,
            "eps_latest_yearly": 0.52,
            "eps_growth_yearly": 536.24
        },
        "20122": {
            "year_quarter": 20122,
            "year": 2012,
            "quarter": 2,
            "eps": 0.16,
            "eps_growth_year": -16.1,
            "eps_4q": -0.02,
            "eps_4q_growth_year": -102.03,
            "roe": 3.5,
            "roe_4q": -0.08999999999999986,
            "gross_profit": 282055,
            "gross_margin": 7.14,
            "gross_margin_4q_avg": 6.76,
            "net_income": 111236,
            "revenue": 3948298,
            "common_shares": 629225,
            "book_valuer_per_share": 43.58,
            "book_valuer_per_share_4q_avg": 42.93,
            "equity": 3224831,
            "current_ratio": 117.32,
            "debt_ratio": 66.8,
            "inventory_turnover_ratio": 4.42,
            "account_receivable_turnover_ratio": 0.99,
            "reinvestment_rate": 121.44,
            "research_to_sale_ratio": 0.05,
            "price_fair": 179.2,
            "eps_avg_yearly": 5.12,
            "eps_latest_yearly": 0.64,
            "eps_growth_yearly": 515.13
        },
        "20123": {
            "year_quarter": 20123,
            "year": 2012,
            "quarter": 3,
            "eps": 0.28,
            "eps_growth_year": 120.03,
            "eps_4q": 0.14,
            "eps_4q_growth_year": -77.57,
            "roe": 6.49,
            "roe_4q": 3.4800000000000004,
            "gross_profit": 473085,
            "gross_margin": 10.84,
            "gross_margin_4q_avg": 7.59,
            "net_income": 217759,
            "revenue": 4362678,
            "common_shares": 647473,
            "book_valuer_per_share": 45.89,
            "book_valuer_per_share_4q_avg": 43.07,
            "equity": 3484862,
            "current_ratio": 131.27,
            "debt_ratio": 69.15,
            "inventory_turnover_ratio": 3.74,
            "account_receivable_turnover_ratio": 1.07,
            "reinvestment_rate": 107.52,
            "research_to_sale_ratio": 0.06,
            "price_fair": 178.73,
            "eps_avg_yearly": 5.11,
            "eps_latest_yearly": 1.12,
            "eps_growth_yearly": 562.79
        },
        "20124": {
            "year_quarter": 20124,
            "year": 2012,
            "quarter": 4,
            "eps": 0.31,
            "eps_growth_year": null,
            "eps_4q": 0.85,
            "eps_4q_growth_year": 2827.01,
            "roe": 7.1,
            "roe_4q": 20.11,
            "gross_profit": 520747,
            "gross_margin": 12.55,
            "gross_margin_4q_avg": 9.36,
            "net_income": 286124,
            "revenue": 4149742,
            "common_shares": 722473,
            "book_valuer_per_share": 54.07,
            "book_valuer_per_share_4q_avg": 46.44,
            "equity": 4571583,
            "current_ratio": 152.04,
            "debt_ratio": 57.08,
            "inventory_turnover_ratio": 3.1,
            "account_receivable_turnover_ratio": 0.97,
            "reinvestment_rate": 96.9,
            "research_to_sale_ratio": 0.07,
            "price_fair": 168.32,
            "eps_avg_yearly": 4.81,
            "eps_latest_yearly": 1.24,
            "eps_growth_yearly": 522.8
        },
        "20131": {
            "year_quarter": 20131,
            "year": 2013,
            "quarter": 1,
            "eps": 2.02,
            "eps_growth_year": 21.69,
            "eps_4q": 0.91,
            "eps_4q_growth_year": 10391.76,
            "roe": 3.85,
            "roe_4q": 20.939999999999998,
            "gross_profit": 363799,
            "gross_margin": 10.18,
            "gross_margin_4q_avg": 10.18,
            "net_income": 180182,
            "revenue": 3571989,
            "common_shares": 722473,
            "book_valuer_per_share": 56.57,
            "book_valuer_per_share_4q_avg": 50.03,
            "equity": 4789949,
            "current_ratio": 148.99,
            "debt_ratio": 58.52,
            "inventory_turnover_ratio": 2.56,
            "account_receivable_turnover_ratio": 0.87,
            "reinvestment_rate": 102.95,
            "research_to_sale_ratio": 0.05,
            "price_fair": 176.5,
            "eps_avg_yearly": 5.04,
            "eps_latest_yearly": 8.08,
            "eps_growth_yearly": 643.06
        },
        "20132": {
            "year_quarter": 20132,
            "year": 2013,
            "quarter": 2,
            "eps": 1.1,
            "eps_growth_year": 580.83,
            "eps_4q": 0.85,
            "eps_4q_growth_year": null,
            "roe": 2.16,
            "roe_4q": 19.6,
            "gross_profit": 391132,
            "gross_margin": 9.2,
            "gross_margin_4q_avg": 10.69,
            "net_income": 105328,
            "revenue": 4250836,
            "common_shares": 722473,
            "book_valuer_per_share": 54.36,
            "book_valuer_per_share_4q_avg": 52.72,
            "equity": 4982333,
            "current_ratio": 143.93,
            "debt_ratio": 60.56,
            "inventory_turnover_ratio": 2.95,
            "account_receivable_turnover_ratio": 0.98,
            "reinvestment_rate": 111.42,
            "research_to_sale_ratio": 0.06,
            "price_fair": 168.7,
            "eps_avg_yearly": 4.82,
            "eps_latest_yearly": 4.4,
            "eps_growth_yearly": 567.58
        },
        "20133": {
            "year_quarter": 20133,
            "year": 2013,
            "quarter": 3,
            "eps": 2,
            "eps_growth_year": 603.63,
            "eps_4q": 0.8,
            "eps_4q_growth_year": 467.55,
            "roe": 3.47,
            "roe_4q": 16.58,
            "gross_profit": 414442,
            "gross_margin": 9.89,
            "gross_margin_4q_avg": 10.46,
            "net_income": 175428,
            "revenue": 4191173,
            "common_shares": 744147,
            "book_valuer_per_share": 54.52,
            "book_valuer_per_share_4q_avg": 54.88,
            "equity": 5133246,
            "current_ratio": 147.73,
            "debt_ratio": 57.68,
            "inventory_turnover_ratio": 2.93,
            "account_receivable_turnover_ratio": 0.91,
            "reinvestment_rate": 120.24,
            "research_to_sale_ratio": 0.06,
            "price_fair": 157.8,
            "eps_avg_yearly": 4.51,
            "eps_latest_yearly": 8,
            "eps_growth_yearly": 572.56
        },
        "20134": {
            "year_quarter": 20134,
            "year": 2013,
            "quarter": 4,
            "eps": 0.08,
            "eps_growth_year": -73.48,
            "eps_4q": 0.56,
            "eps_4q_growth_year": -34.7,
            "roe": 0.64,
            "roe_4q": 10.120000000000001,
            "gross_profit": 175679,
            "gross_margin": 4.4,
            "gross_margin_4q_avg": 8.42,
            "net_income": 34525,
            "revenue": 3990509,
            "common_shares": 794147,
            "book_valuer_per_share": 56.15,
            "book_valuer_per_share_4q_avg": 55.4,
            "equity": 5632429,
            "current_ratio": 148.65,
            "debt_ratio": 54.88,
            "inventory_turnover_ratio": 2.97,
            "account_receivable_turnover_ratio": 0.85,
            "reinvestment_rate": 86.32,
            "research_to_sale_ratio": 0.09,
            "price_fair": 143.7,
            "eps_avg_yearly": 4.11,
            "eps_latest_yearly": 0.32,
            "eps_growth_yearly": 559.93
        },
        "20141": {
            "year_quarter": 20141,
            "year": 2014,
            "quarter": 1,
            "eps": 1.45,
            "eps_growth_year": -28.22,
            "eps_4q": 0.52,
            "eps_4q_growth_year": -43.21,
            "roe": 1.91,
            "roe_4q": 8.18,
            "gross_profit": 283921,
            "gross_margin": 7.44,
            "gross_margin_4q_avg": 7.73,
            "net_income": 109313,
            "revenue": 3817428,
            "common_shares": 794147,
            "book_valuer_per_share": 58.28,
            "book_valuer_per_share_4q_avg": 55.83,
            "equity": 5806337,
            "current_ratio": 133.53,
            "debt_ratio": 57.02,
            "inventory_turnover_ratio": 2.72,
            "account_receivable_turnover_ratio": 0.83,
            "reinvestment_rate": 144.78,
            "research_to_sale_ratio": 0.13,
            "price_fair": 104.8,
            "eps_avg_yearly": 2.99,
            "eps_latest_yearly": 5.8,
            "eps_growth_yearly": 975.39
        },
        "20142": {
            "year_quarter": 20142,
            "year": 2014,
            "quarter": 2,
            "eps": 0.9,
            "eps_growth_year": -18.18,
            "eps_4q": 0.5,
            "eps_4q_growth_year": -40.96,
            "roe": 0.36,
            "roe_4q": 6.380000000000001,
            "gross_profit": 251999,
            "gross_margin": 5.64,
            "gross_margin_4q_avg": 6.84,
            "net_income": 20380,
            "revenue": 4464373,
            "common_shares": 794147,
            "book_valuer_per_share": 55.01,
            "book_valuer_per_share_4q_avg": 55.99,
            "equity": 5480654,
            "current_ratio": 129.49,
            "debt_ratio": 59.67,
            "inventory_turnover_ratio": 3.27,
            "account_receivable_turnover_ratio": 0.95,
            "reinvestment_rate": 147.74,
            "research_to_sale_ratio": 0.24,
            "price_fair": 110.1,
            "eps_avg_yearly": 3.15,
            "eps_latest_yearly": 3.6,
            "eps_growth_yearly": 991.14
        },
        "20143": {
            "year_quarter": 20143,
            "year": 2014,
            "quarter": 3,
            "eps": 0.97,
            "eps_growth_year": -51.5,
            "eps_4q": 0.41,
            "eps_4q_growth_year": -48.6,
            "roe": -0.19,
            "roe_4q": 2.72,
            "gross_profit": 300054,
            "gross_margin": 6.55,
            "gross_margin_4q_avg": 6.01,
            "net_income": -11033,
            "revenue": 4577522,
            "common_shares": 794147,
            "book_valuer_per_share": 57.28,
            "book_valuer_per_share_4q_avg": 56.68,
            "equity": 5871792,
            "current_ratio": 125.91,
            "debt_ratio": 58.79,
            "inventory_turnover_ratio": 3.38,
            "account_receivable_turnover_ratio": 0.9,
            "reinvestment_rate": 159.85,
            "research_to_sale_ratio": 0.45,
            "price_fair": 116.3,
            "eps_avg_yearly": 3.32,
            "eps_latest_yearly": 3.88,
            "eps_growth_yearly": 994.91
        },
        "20144": {
            "year_quarter": 20144,
            "year": 2014,
            "quarter": 4,
            "eps": 0.19,
            "eps_growth_year": 139,
            "eps_4q": 0.53,
            "eps_4q_growth_year": -5.13,
            "roe": 2.86,
            "roe_4q": 4.9399999999999995,
            "gross_profit": 360589,
            "gross_margin": 8.01,
            "gross_margin_4q_avg": 6.91,
            "net_income": 173681,
            "revenue": 4503068,
            "common_shares": 794147,
            "book_valuer_per_share": 61.06,
            "book_valuer_per_share_4q_avg": 57.91,
            "equity": 6256658,
            "current_ratio": 149.19,
            "debt_ratio": 56.37,
            "inventory_turnover_ratio": 3.29,
            "account_receivable_turnover_ratio": 0.88,
            "reinvestment_rate": 147.21,
            "research_to_sale_ratio": 0.62,
            "price_fair": 117,
            "eps_avg_yearly": 3.34,
            "eps_latest_yearly": 0.76,
            "eps_growth_yearly": 990.71
        },
        "20151": {
            "year_quarter": 20151,
            "year": 2015,
            "quarter": 1,
            "eps": 1.96,
            "eps_growth_year": 35.17,
            "eps_4q": 0.59,
            "eps_4q_growth_year": 14.03,
            "roe": 3.35,
            "roe_4q": 6.38,
            "gross_profit": 499360,
            "gross_margin": 12.25,
            "gross_margin_4q_avg": 8.11,
            "net_income": 223658,
            "revenue": 4077501,
            "common_shares": 769777,
            "book_valuer_per_share": 64.33,
            "book_valuer_per_share_4q_avg": 59.42,
            "equity": 7108430,
            "current_ratio": 173.04,
            "debt_ratio": 50.97,
            "inventory_turnover_ratio": 2.79,
            "account_receivable_turnover_ratio": 0.83,
            "reinvestment_rate": 158.76,
            "research_to_sale_ratio": 0.55,
            "price_fair": 117.4,
            "eps_avg_yearly": 3.35,
            "eps_latest_yearly": 7.84,
            "eps_growth_yearly": 828.31
        },
        "20152": {
            "year_quarter": 20152,
            "year": 2015,
            "quarter": 2,
            "eps": 8.72,
            "eps_growth_year": 868.89,
            "eps_4q": 1.37,
            "eps_4q_growth_year": 172.2,
            "roe": 9.63,
            "roe_4q": 15.65,
            "gross_profit": 175732,
            "gross_margin": 4.56,
            "gross_margin_4q_avg": 7.84,
            "net_income": 680350,
            "revenue": 3852301,
            "common_shares": 769777,
            "book_valuer_per_share": 69.42,
            "book_valuer_per_share_4q_avg": 63.02,
            "equity": 7020092,
            "current_ratio": 164.88,
            "debt_ratio": 48.5,
            "inventory_turnover_ratio": 3.09,
            "account_receivable_turnover_ratio": 0.89,
            "reinvestment_rate": 134.25,
            "research_to_sale_ratio": 0.67,
            "price_fair": 202.7,
            "eps_avg_yearly": 5.79,
            "eps_latest_yearly": 34.88,
            "eps_growth_yearly": 952.59
        },
        "20153": {
            "year_quarter": 20153,
            "year": 2015,
            "quarter": 3,
            "eps": 0.68,
            "eps_growth_year": -29.9,
            "eps_4q": 1.34,
            "eps_4q_growth_year": 224.49,
            "roe": 0.74,
            "roe_4q": 16.580000000000002,
            "gross_profit": 370653,
            "gross_margin": 10.42,
            "gross_margin_4q_avg": 8.81,
            "net_income": 51286,
            "revenue": 3556986,
            "common_shares": 769777,
            "book_valuer_per_share": 69.07,
            "book_valuer_per_share_4q_avg": 65.97,
            "equity": 6844385,
            "current_ratio": 145.93,
            "debt_ratio": 52.08,
            "inventory_turnover_ratio": 2.89,
            "account_receivable_turnover_ratio": 0.87,
            "reinvestment_rate": 137.82,
            "research_to_sale_ratio": 0.36,
            "price_fair": 208.2,
            "eps_avg_yearly": 5.95,
            "eps_latest_yearly": 2.72,
            "eps_growth_yearly": 935.27
        },
        "20154": {
            "year_quarter": 20154,
            "year": 2015,
            "quarter": 4,
            "eps": 0.21,
            "eps_growth_year": 6.96,
            "eps_4q": 1.39,
            "eps_4q_growth_year": 164.68,
            "roe": 3.24,
            "roe_4q": 16.96,
            "gross_profit": 451609,
            "gross_margin": 12.57,
            "gross_margin_4q_avg": 9.95,
            "net_income": 219437,
            "revenue": 3593679,
            "common_shares": 739777,
            "book_valuer_per_share": 70.16,
            "book_valuer_per_share_4q_avg": 68.25,
            "equity": 6720990,
            "current_ratio": 155.39,
            "debt_ratio": 51.88,
            "inventory_turnover_ratio": 2.76,
            "account_receivable_turnover_ratio": 0.83,
            "reinvestment_rate": 123.17,
            "research_to_sale_ratio": 0.24,
            "price_fair": 196.28,
            "eps_avg_yearly": 5.61,
            "eps_latest_yearly": 0.84,
            "eps_growth_yearly": 854.49
        },
        "20161": {
            "year_quarter": 20161,
            "year": 2016,
            "quarter": 1,
            "eps": 5.93,
            "eps_growth_year": 202.55,
            "eps_4q": 1.83,
            "eps_4q_growth_year": 210.86,
            "roe": 6.96,
            "roe_4q": 20.57,
            "gross_profit": 321873,
            "gross_margin": 10.17,
            "gross_margin_4q_avg": 9.43,
            "net_income": 461490,
            "revenue": 3165690,
            "common_shares": 709777,
            "book_valuer_per_share": 76.14,
            "book_valuer_per_share_4q_avg": 71.2,
            "equity": 6540803,
            "current_ratio": 178.87,
            "debt_ratio": 39.35,
            "inventory_turnover_ratio": 3.27,
            "account_receivable_turnover_ratio": 0.85,
            "reinvestment_rate": 79.56,
            "research_to_sale_ratio": 0.85,
            "price_fair": 235.9,
            "eps_avg_yearly": 6.74,
            "eps_latest_yearly": 23.72,
            "eps_growth_yearly": 1482.04
        },
        "20162": {
            "year_quarter": 20162,
            "year": 2016,
            "quarter": 2,
            "eps": 1.28,
            "eps_growth_year": -85.32,
            "eps_4q": 1.01,
            "eps_4q_growth_year": -26.13,
            "roe": 1.46,
            "roe_4q": 12.4,
            "gross_profit": 246069,
            "gross_margin": 9.2,
            "gross_margin_4q_avg": 10.59,
            "net_income": 87214,
            "revenue": 2673696,
            "common_shares": 709777,
            "book_valuer_per_share": 69.72,
            "book_valuer_per_share_4q_avg": 71.27,
            "equity": 5380251,
            "current_ratio": 140.84,
            "debt_ratio": 39.84,
            "inventory_turnover_ratio": 4.72,
            "account_receivable_turnover_ratio": 0.96,
            "reinvestment_rate": 70.56,
            "research_to_sale_ratio": 0.38,
            "price_fair": 245.7,
            "eps_avg_yearly": 7.02,
            "eps_latest_yearly": 5.12,
            "eps_growth_yearly": 1485.02
        },
        "20163": {
            "year_quarter": 20163,
            "year": 2016,
            "quarter": 3,
            "eps": 2.25,
            "eps_growth_year": 230.88,
            "eps_4q": 1.28,
            "eps_4q_growth_year": -4.58,
            "roe": 2.9,
            "roe_4q": 14.56,
            "gross_profit": 190914,
            "gross_margin": 7.84,
            "gross_margin_4q_avg": 9.95,
            "net_income": 160775,
            "revenue": 2434179,
            "common_shares": 638799,
            "book_valuer_per_share": 79.67,
            "book_valuer_per_share_4q_avg": 73.92,
            "equity": 5719573,
            "current_ratio": 145.02,
            "debt_ratio": 38.07,
            "inventory_turnover_ratio": 4.88,
            "account_receivable_turnover_ratio": 0.98,
            "reinvestment_rate": 64.69,
            "research_to_sale_ratio": 0.17,
            "price_fair": 262.94,
            "eps_avg_yearly": 7.51,
            "eps_latest_yearly": 9,
            "eps_growth_yearly": 1485.22
        },
        "20164": {
            "year_quarter": 20164,
            "year": 2016,
            "quarter": 4,
            "eps": 0.19,
            "eps_growth_year": -8.09,
            "eps_4q": 1.23,
            "eps_4q_growth_year": -11.79,
            "roe": 2.25,
            "roe_4q": 13.57,
            "gross_profit": 204606,
            "gross_margin": 7.67,
            "gross_margin_4q_avg": 8.72,
            "net_income": 130151,
            "revenue": 2668161,
            "common_shares": 638799,
            "book_valuer_per_share": 81.83,
            "book_valuer_per_share_4q_avg": 76.84,
            "equity": 5866804,
            "current_ratio": 179.09,
            "debt_ratio": 37.84,
            "inventory_turnover_ratio": 4.72,
            "account_receivable_turnover_ratio": 1.03,
            "reinvestment_rate": 51.78,
            "research_to_sale_ratio": 0.25,
            "price_fair": 261.89,
            "eps_avg_yearly": 7.48,
            "eps_latest_yearly": 0.76,
            "eps_growth_yearly": 1459.65
        },
        "20171": {
            "year_quarter": 20171,
            "year": 2017,
            "quarter": 1,
            "eps": 5.22,
            "eps_growth_year": -11.97,
            "eps_4q": 1.09,
            "eps_4q_growth_year": -40.21,
            "roe": 5.22,
            "roe_4q": 11.829999999999998,
            "gross_profit": 218911,
            "gross_margin": 8.7,
            "gross_margin_4q_avg": 8.35,
            "net_income": 337584,
            "revenue": 2517624,
            "common_shares": 638799,
            "book_valuer_per_share": 8.9,
            "book_valuer_per_share_4q_avg": 60.03,
            "equity": 7059529,
            "current_ratio": 175.05,
            "debt_ratio": 55.19,
            "inventory_turnover_ratio": 2.23,
            "account_receivable_turnover_ratio": 0.84,
            "reinvestment_rate": 96.23,
            "research_to_sale_ratio": 0.29,
            "price_fair": 289.89,
            "eps_avg_yearly": 8.28,
            "eps_latest_yearly": 20.88,
            "eps_growth_yearly": 1983.59
        },
        "20172": {
            "year_quarter": 20172,
            "year": 2017,
            "quarter": 2,
            "eps": 3.12,
            "eps_growth_year": 143.75,
            "eps_4q": 1.26,
            "eps_4q_growth_year": 25.05,
            "roe": 3.6,
            "roe_4q": 13.97,
            "gross_profit": 586940,
            "gross_margin": 15.16,
            "gross_margin_4q_avg": 9.84,
            "net_income": 248003,
            "revenue": 3872639,
            "common_shares": 638799,
            "book_valuer_per_share": 82.97,
            "book_valuer_per_share_4q_avg": 63.34,
            "equity": 6703919,
            "current_ratio": 173.55,
            "debt_ratio": 55.03,
            "inventory_turnover_ratio": 2.2,
            "account_receivable_turnover_ratio": 1.14,
            "reinvestment_rate": 79.69,
            "research_to_sale_ratio": 0.19,
            "price_fair": 307.56,
            "eps_avg_yearly": 8.79,
            "eps_latest_yearly": 12.48,
            "eps_growth_yearly": 1984.92
        },
        "20173": {
            "year_quarter": 20173,
            "year": 2017,
            "quarter": 3,
            "eps": 3.43,
            "eps_growth_year": 52.44,
            "eps_4q": 1.37,
            "eps_4q_growth_year": 7.01,
            "roe": 4.54,
            "roe_4q": 15.61,
            "gross_profit": 612415,
            "gross_margin": 15.99,
            "gross_margin_4q_avg": 11.88,
            "net_income": 310667,
            "revenue": 3829697,
            "common_shares": 638799,
            "book_valuer_per_share": 87.15,
            "book_valuer_per_share_4q_avg": 65.21,
            "equity": 6985455,
            "current_ratio": 196.91,
            "debt_ratio": 54.02,
            "inventory_turnover_ratio": 2.17,
            "account_receivable_turnover_ratio": 1.13,
            "reinvestment_rate": 80.05,
            "research_to_sale_ratio": 0.2,
            "price_fair": 320.08,
            "eps_avg_yearly": 9.15,
            "eps_latest_yearly": 13.72,
            "eps_growth_yearly": 1966.95
        },
        "20174": {
            "year_quarter": 20174,
            "year": 2017,
            "quarter": 4,
            "eps": 0.19,
            "eps_growth_year": -2.04,
            "eps_4q": 1.36,
            "eps_4q_growth_year": 10.93,
            "roe": 2.79,
            "roe_4q": 16.15,
            "gross_profit": 567928,
            "gross_margin": 14.52,
            "gross_margin_4q_avg": 13.59,
            "net_income": 216768,
            "revenue": 3910663,
            "common_shares": 638799,
            "book_valuer_per_share": 89.93,
            "book_valuer_per_share_4q_avg": 67.24,
            "equity": 8573483,
            "current_ratio": 183.93,
            "debt_ratio": 46.32,
            "inventory_turnover_ratio": 2.17,
            "account_receivable_turnover_ratio": 1.17,
            "reinvestment_rate": 69.03,
            "research_to_sale_ratio": 0.22,
            "price_fair": 321.04,
            "eps_avg_yearly": 9.17,
            "eps_latest_yearly": 0.76,
            "eps_growth_yearly": 1967.33
        },
        "20181": {
            "year_quarter": 20181,
            "year": 2018,
            "quarter": 1,
            "eps": 2.05,
            "eps_growth_year": -60.73,
            "eps_4q": 1.05,
            "eps_4q_growth_year": -4.23,
            "roe": 2.61,
            "roe_4q": 13.540000000000001,
            "gross_profit": 554804,
            "gross_margin": 14.21,
            "gross_margin_4q_avg": 14.97,
            "net_income": 225298,
            "revenue": 3904529,
            "common_shares": 638799,
            "book_valuer_per_share": 91.11,
            "book_valuer_per_share_4q_avg": 87.79,
            "equity": 8698027,
            "current_ratio": 152.63,
            "debt_ratio": 41.91,
            "inventory_turnover_ratio": 2.13,
            "account_receivable_turnover_ratio": 1.13,
            "reinvestment_rate": 35.97,
            "research_to_sale_ratio": 0.36,
            "price_fair": 326.29,
            "eps_avg_yearly": 9.32,
            "eps_latest_yearly": 8.2,
            "eps_growth_yearly": 1783.94
        },
        "20182": {
            "year_quarter": 20182,
            "year": 2018,
            "quarter": 2,
            "eps": 3.42,
            "eps_growth_year": 9.62,
            "eps_4q": 1.08,
            "eps_4q_growth_year": -14.75,
            "roe": 4.29,
            "roe_4q": 14.23,
            "gross_profit": 589194,
            "gross_margin": 14.63,
            "gross_margin_4q_avg": 14.84,
            "net_income": 356653,
            "revenue": 4027410,
            "common_shares": 638799,
            "book_valuer_per_share": 83.19,
            "book_valuer_per_share_4q_avg": 87.85,
            "equity": 7948307,
            "current_ratio": 137.24,
            "debt_ratio": 47.51,
            "inventory_turnover_ratio": 2.15,
            "account_receivable_turnover_ratio": 1.13,
            "reinvestment_rate": 42.88,
            "research_to_sale_ratio": 0.43,
            "price_fair": 348.34,
            "eps_avg_yearly": 9.95,
            "eps_latest_yearly": 13.68,
            "eps_growth_yearly": 1810.13
        },
        "20183": {
            "year_quarter": 20183,
            "year": 2018,
            "quarter": 3,
            "eps": 4.09,
            "eps_growth_year": 19.24,
            "eps_4q": 1.14,
            "eps_4q_growth_year": -16.47,
            "roe": 5.02,
            "roe_4q": 14.709999999999997,
            "gross_profit": 664454,
            "gross_margin": 16.19,
            "gross_margin_4q_avg": 14.89,
            "net_income": 396694,
            "revenue": 4104848,
            "common_shares": 638799,
            "book_valuer_per_share": 83.87,
            "book_valuer_per_share_4q_avg": 87.03,
            "equity": 7845147,
            "current_ratio": 139.88,
            "debt_ratio": 49.19,
            "inventory_turnover_ratio": 2.05,
            "account_receivable_turnover_ratio": 1.13,
            "reinvestment_rate": 37.95,
            "research_to_sale_ratio": 0.4,
            "price_fair": 375.64,
            "eps_avg_yearly": 10.73,
            "eps_latest_yearly": 16.36,
            "eps_growth_yearly": 1813.09
        },
        "20184": {
            "year_quarter": 20184,
            "year": 2018,
            "quarter": 4,
            "eps": 0.39,
            "eps_growth_year": 106.28,
            "eps_4q": 1.34,
            "eps_4q_growth_year": -1.77,
            "roe": 4.22,
            "roe_4q": 16.139999999999997,
            "gross_profit": 512273,
            "gross_margin": 13.77,
            "gross_margin_4q_avg": 14.7,
            "net_income": 337813,
            "revenue": 3719839,
            "common_shares": 638799,
            "book_valuer_per_share": 86.24,
            "book_valuer_per_share_4q_avg": 86.1,
            "equity": 8155607,
            "current_ratio": 169.32,
            "debt_ratio": 48.76,
            "inventory_turnover_ratio": 1.87,
            "account_receivable_turnover_ratio": 1.07,
            "reinvestment_rate": 36.91,
            "research_to_sale_ratio": 0.52,
            "price_fair": 377.39,
            "eps_avg_yearly": 10.78,
            "eps_latest_yearly": 1.56,
            "eps_growth_yearly": 1810.57
        },
        "20191": {
            "year_quarter": 20191,
            "year": 2019,
            "quarter": 1,
            "eps": 5.44,
            "eps_growth_year": 165.37,
            "eps_4q": 1.68,
            "eps_4q_growth_year": 60.41,
            "roe": 4.89,
            "roe_4q": 18.419999999999998,
            "gross_profit": 471524,
            "gross_margin": 13.61,
            "gross_margin_4q_avg": 14.55,
            "net_income": 410227,
            "revenue": 3465673,
            "common_shares": 638799,
            "book_valuer_per_share": 92.57,
            "book_valuer_per_share_4q_avg": 86.47,
            "equity": 8626864,
            "current_ratio": 175,
            "debt_ratio": 47.19,
            "inventory_turnover_ratio": 1.75,
            "account_receivable_turnover_ratio": 1.07,
            "reinvestment_rate": 28.8,
            "research_to_sale_ratio": 0.46,
            "price_fair": 407.84,
            "eps_avg_yearly": 11.65,
            "eps_latest_yearly": 21.76,
            "eps_growth_yearly": 1901.4
        },
        "20192": {
            "year_quarter": 20192,
            "year": 2019,
            "quarter": 2,
            "eps": 3.67,
            "eps_growth_year": 7.31,
            "eps_4q": 1.7,
            "eps_4q_growth_year": 58.31,
            "roe": 3.76,
            "roe_4q": 17.889999999999997,
            "gross_profit": 500079,
            "gross_margin": 13.86,
            "gross_margin_4q_avg": 14.36,
            "net_income": 309706,
            "revenue": 3607860,
            "common_shares": 638799,
            "book_valuer_per_share": 83.91,
            "book_valuer_per_share_4q_avg": 86.65,
            "equity": 7826612,
            "current_ratio": 142.22,
            "debt_ratio": 54.13,
            "inventory_turnover_ratio": 1.78,
            "account_receivable_turnover_ratio": 1.13,
            "reinvestment_rate": 18.12,
            "research_to_sale_ratio": 1.02,
            "price_fair": 363.65,
            "eps_avg_yearly": 10.39,
            "eps_latest_yearly": 14.68,
            "eps_growth_yearly": 1807.04
        },
        "20193": {
            "year_quarter": 20193,
            "year": 2019,
            "quarter": 3,
            "eps": 5.08,
            "eps_growth_year": 24.21,
            "eps_4q": 1.8,
            "eps_4q_growth_year": 57.89,
            "roe": 5.23,
            "roe_4q": 18.099999999999998,
            "gross_profit": 580499,
            "gross_margin": 13.84,
            "gross_margin_4q_avg": 13.77,
            "net_income": 418241,
            "revenue": 4193098,
            "common_shares": 638799,
            "book_valuer_per_share": 88.53,
            "book_valuer_per_share_4q_avg": 87.81,
            "equity": 8171216,
            "current_ratio": 156.43,
            "debt_ratio": 53.9,
            "inventory_turnover_ratio": 2.09,
            "account_receivable_turnover_ratio": 1.21,
            "reinvestment_rate": 13.93,
            "research_to_sale_ratio": 0.72,
            "price_fair": 402.15,
            "eps_avg_yearly": 11.49,
            "eps_latest_yearly": 20.32,
            "eps_growth_yearly": 1839.69
        },
        "20194": {
            "year_quarter": 20194,
            "year": 2019,
            "quarter": 4,
            "eps": 0.3,
            "eps_growth_year": -22.13,
            "eps_4q": 1.72,
            "eps_4q_growth_year": 28.28,
            "roe": 3.3,
            "roe_4q": 17.18,
            "gross_profit": 588046,
            "gross_margin": 14.01,
            "gross_margin_4q_avg": 13.83,
            "net_income": 267681,
            "revenue": 4197750,
            "common_shares": 638799,
            "book_valuer_per_share": 87.52,
            "book_valuer_per_share_4q_avg": 88.13,
            "equity": 8046934,
            "current_ratio": 170.34,
            "debt_ratio": 55.33,
            "inventory_turnover_ratio": 2.15,
            "account_receivable_turnover_ratio": 1.17,
            "reinvestment_rate": 12.93,
            "research_to_sale_ratio": 1.58,
            "price_fair": 402.94,
            "eps_avg_yearly": 11.51,
            "eps_latest_yearly": 1.2,
            "eps_growth_yearly": 1833.45
        },
        "20201": {
            "year_quarter": 20201,
            "year": 2020,
            "quarter": 1,
            "eps": 2.35,
            "eps_growth_year": -56.8,
            "eps_4q": 1.41,
            "eps_4q_growth_year": -16.04,
            "roe": 2.85,
            "roe_4q": 15.14,
            "gross_profit": 522672,
            "gross_margin": 13.8,
            "gross_margin_4q_avg": 13.88,
            "net_income": 215494,
            "revenue": 3788410,
            "common_shares": 638799,
            "book_valuer_per_share": 75.33,
            "book_valuer_per_share_4q_avg": 83.82,
            "equity": 7101446,
            "current_ratio": 129.65,
            "debt_ratio": 62.26,
            "inventory_turnover_ratio": 1.98,
            "account_receivable_turnover_ratio": 1.14,
            "reinvestment_rate": 31.65,
            "research_to_sale_ratio": 1.11,
            "price_fair": 371.61,
            "eps_avg_yearly": 10.62,
            "eps_latest_yearly": 9.4,
            "eps_growth_yearly": 1323.33
        },
        "20202": {
            "year_quarter": 20202,
            "year": 2020,
            "quarter": 2,
            "eps": 3.5,
            "eps_growth_year": -4.63,
            "eps_4q": 1.39,
            "eps_4q_growth_year": -18.3,
            "roe": 4.34,
            "roe_4q": 15.719999999999999,
            "gross_profit": 580512,
            "gross_margin": 14.1,
            "gross_margin_4q_avg": 13.94,
            "net_income": 321316,
            "revenue": 4115902,
            "common_shares": 638799,
            "book_valuer_per_share": 84.44,
            "book_valuer_per_share_4q_avg": 83.96,
            "equity": 7689032,
            "current_ratio": 133.28,
            "debt_ratio": 63.87,
            "inventory_turnover_ratio": 2.11,
            "account_receivable_turnover_ratio": 1.24,
            "reinvestment_rate": 29.67,
            "research_to_sale_ratio": 1.41,
            "price_fair": 391.04,
            "eps_avg_yearly": 11.17,
            "eps_latest_yearly": 14,
            "eps_growth_yearly": 1355.17
        },
        "20203": {
            "year_quarter": 20203,
            "year": 2020,
            "quarter": 3,
            "eps": 0.65,
            "eps_growth_year": -87.2,
            "eps_4q": 1.54,
            "eps_4q_growth_year": -14.91,
            "roe": 6.88,
            "roe_4q": 17.369999999999997,
            "gross_profit": 620372,
            "gross_margin": 15.2,
            "gross_margin_4q_avg": 14.28,
            "net_income": 543095,
            "revenue": 4082213,
            "common_shares": 638799,
            "book_valuer_per_share": 9,
            "book_valuer_per_share_4q_avg": 64.07,
            "equity": 8108583,
            "current_ratio": 136.81,
            "debt_ratio": 63.24,
            "inventory_turnover_ratio": 1.99,
            "account_receivable_turnover_ratio": 1.17,
            "reinvestment_rate": 34.45,
            "research_to_sale_ratio": 1.48,
            "price_fair": 377.04,
            "eps_avg_yearly": 10.77,
            "eps_latest_yearly": 2.6,
            "eps_growth_yearly": 1315.87
        },
        "20204": {
            "year_quarter": 20204,
            "year": 2020,
            "quarter": 4,
            "eps": 0.33,
            "eps_growth_year": 8.59,
            "eps_4q": 1.56,
            "eps_4q_growth_year": -9.18,
            "roe": 3.32,
            "roe_4q": 17.39,
            "gross_profit": 723420,
            "gross_margin": 16.3,
            "gross_margin_4q_avg": 14.85,
            "net_income": 282215,
            "revenue": 4437493,
            "common_shares": 638799,
            "book_valuer_per_share": 10.17,
            "book_valuer_per_share_4q_avg": 44.74,
            "equity": 8915540,
            "current_ratio": 176.98,
            "debt_ratio": 61.77,
            "inventory_turnover_ratio": 2.05,
            "account_receivable_turnover_ratio": 1.24,
            "reinvestment_rate": 48.8,
            "research_to_sale_ratio": 1.53,
            "price_fair": 378.26,
            "eps_avg_yearly": 10.81,
            "eps_latest_yearly": 1.32,
            "eps_growth_yearly": 1326.45
        },
        "20211": {
            "year_quarter": 20211,
            "year": 2021,
            "quarter": 1,
            "eps": 0.36,
            "eps_growth_year": -84.68,
            "eps_4q": 1.6,
            "eps_4q_growth_year": 13.19,
            "roe": 3.63,
            "roe_4q": 18.169999999999998,
            "gross_profit": 686848,
            "gross_margin": 14.95,
            "gross_margin_4q_avg": 15.14,
            "net_income": 343978,
            "revenue": 4594614,
            "common_shares": 638799,
            "book_valuer_per_share": 10.62,
            "book_valuer_per_share_4q_avg": 28.56,
            "equity": 10049363,
            "current_ratio": 139.31,
            "debt_ratio": 60.58,
            "inventory_turnover_ratio": 2.02,
            "account_receivable_turnover_ratio": 1.22,
            "reinvestment_rate": 9.41,
            "research_to_sale_ratio": 1.49,
            "price_fair": 335.74,
            "eps_avg_yearly": 9.59,
            "eps_latest_yearly": 1.44,
            "eps_growth_yearly": 666.88
        },
        "20212": {
            "year_quarter": 20212,
            "year": 2021,
            "quarter": 2,
            "eps": 0.49,
            "eps_growth_year": -86,
            "eps_4q": 1.75,
            "eps_4q_growth_year": 25.3,
            "roe": 4.62,
            "roe_4q": 18.45,
            "gross_profit": 870814,
            "gross_margin": 17.77,
            "gross_margin_4q_avg": 16.06,
            "net_income": 473204,
            "revenue": 4900716,
            "common_shares": 679288,
            "book_valuer_per_share": 11.61,
            "book_valuer_per_share_4q_avg": 10.35,
            "equity": 10438842,
            "current_ratio": 145.88,
            "debt_ratio": 60.04,
            "inventory_turnover_ratio": 1.92,
            "account_receivable_turnover_ratio": 1.23,
            "reinvestment_rate": 16.68,
            "research_to_sale_ratio": 1.4,
            "price_fair": 312.73,
            "eps_avg_yearly": 8.94,
            "eps_latest_yearly": 1.96,
            "eps_growth_yearly": 685.96
        },
        "20213": {
            "year_quarter": 20213,
            "year": 2021,
            "quarter": 3,
            "eps": 1.02,
            "eps_growth_year": 56.92,
            "eps_4q": 2.16,
            "eps_4q_growth_year": 40.42,
            "roe": 8.85,
            "roe_4q": 20.419999999999998,
            "gross_profit": 1157128,
            "gross_margin": 21.14,
            "gross_margin_4q_avg": 17.54,
            "net_income": 962834,
            "revenue": 5472386,
            "common_shares": 689419,
            "book_valuer_per_share": 12.24,
            "book_valuer_per_share_4q_avg": 11.16,
            "equity": 11313110,
            "current_ratio": 148.25,
            "debt_ratio": 58.65,
            "inventory_turnover_ratio": 1.91,
            "account_receivable_turnover_ratio": 1.26,
            "reinvestment_rate": 15.22,
            "research_to_sale_ratio": 1.69,
            "price_fair": 291.64,
            "eps_avg_yearly": 8.33,
            "eps_latest_yearly": 4.08,
            "eps_growth_yearly": 710.52
        },
        "20214": {
            "year_quarter": 20214,
            "year": 2021,
            "quarter": 4,
            "eps": 0.65,
            "eps_growth_year": 98.97,
            "eps_4q": 2.5,
            "eps_4q_growth_year": 60.31,
            "roe": 5.44,
            "roe_4q": 22.54,
            "gross_profit": 1433173,
            "gross_margin": 25.13,
            "gross_margin_4q_avg": 19.75,
            "net_income": 708047,
            "revenue": 5702793,
            "common_shares": 689419,
            "book_valuer_per_share": 15.8,
            "book_valuer_per_share_4q_avg": 12.57,
            "equity": 14720967,
            "current_ratio": 176.84,
            "debt_ratio": 51.43,
            "inventory_turnover_ratio": 1.76,
            "account_receivable_turnover_ratio": 1.21,
            "reinvestment_rate": 17.53,
            "research_to_sale_ratio": 4.05,
            "price_fair": 295.66,
            "eps_avg_yearly": 8.45,
            "eps_latest_yearly": 2.6,
            "eps_growth_yearly": 725.07
        },
        "20221": {
            "year_quarter": 20221,
            "year": 2022,
            "quarter": 1,
            "eps": 0.86,
            "eps_growth_year": 138.89,
            "eps_4q": 3.02,
            "eps_4q_growth_year": 89.28,
            "roe": 6.23,
            "roe_4q": 25.140000000000004,
            "gross_profit": 1312664,
            "gross_margin": 23.21,
            "gross_margin_4q_avg": 21.81,
            "net_income": 919045,
            "revenue": 5654753,
            "common_shares": 689419,
            "book_valuer_per_share": 15.21,
            "book_valuer_per_share_4q_avg": 13.72,
            "equity": 14786262,
            "current_ratio": 137,
            "debt_ratio": 53.23,
            "inventory_turnover_ratio": 1.66,
            "account_receivable_turnover_ratio": 1.17,
            "reinvestment_rate": 25.78,
            "research_to_sale_ratio": 1.64,
            "price_fair": 285.25,
            "eps_avg_yearly": 8.15,
            "eps_latest_yearly": 3.44,
            "eps_growth_yearly": 488.41
        },
        "20222": {
            "year_quarter": 20222,
            "year": 2022,
            "quarter": 2,
            "eps": 0.79,
            "eps_growth_year": 61.22,
            "eps_4q": 3.34,
            "eps_4q_growth_year": 91.36,
            "roe": 6.08,
            "roe_4q": 26.6,
            "gross_profit": 1343046,
            "gross_margin": 23.08,
            "gross_margin_4q_avg": 23.14,
            "net_income": 931104,
            "revenue": 5820157,
            "common_shares": 689419,
            "book_valuer_per_share": 16.24,
            "book_valuer_per_share_4q_avg": 14.87,
            "equity": 15861204,
            "current_ratio": 142.64,
            "debt_ratio": 51.38,
            "inventory_turnover_ratio": 1.59,
            "account_receivable_turnover_ratio": 1.18,
            "reinvestment_rate": 24.37,
            "research_to_sale_ratio": 1.89,
            "price_fair": 262.24,
            "eps_avg_yearly": 7.49,
            "eps_latest_yearly": 3.16,
            "eps_growth_yearly": 469.66
        },
        "20223": {
            "year_quarter": 20223,
            "year": 2022,
            "quarter": 3,
            "eps": 1.17,
            "eps_growth_year": 14.71,
            "eps_4q": 3.49,
            "eps_4q_growth_year": 62.05,
            "roe": 7.95,
            "roe_4q": 25.700000000000003,
            "gross_profit": 1314927,
            "gross_margin": 23.85,
            "gross_margin_4q_avg": 23.82,
            "net_income": 1286054,
            "revenue": 5513111,
            "common_shares": 689419,
            "book_valuer_per_share": 16.85,
            "book_valuer_per_share_4q_avg": 16.03,
            "equity": 16491788,
            "current_ratio": 149.27,
            "debt_ratio": 49.95,
            "inventory_turnover_ratio": 1.43,
            "account_receivable_turnover_ratio": 1.13,
            "reinvestment_rate": 24.46,
            "research_to_sale_ratio": 2.04,
            "price_fair": 236.69,
            "eps_avg_yearly": 6.76,
            "eps_latest_yearly": 4.68,
            "eps_growth_yearly": 476.79
        },
        "20224": {
            "year_quarter": 20224,
            "year": 2022,
            "quarter": 4,
            "eps": 0.35,
            "eps_growth_year": -46.18,
            "eps_4q": 3.19,
            "eps_4q_growth_year": 27.44,
            "roe": 2.66,
            "roe_4q": 22.919999999999998,
            "gross_profit": 1098685,
            "gross_margin": 22.56,
            "gross_margin_4q_avg": 23.18,
            "net_income": 436781,
            "revenue": 4870488,
            "common_shares": 689419,
            "book_valuer_per_share": 17.07,
            "book_valuer_per_share_4q_avg": 16.34,
            "equity": 16386946,
            "current_ratio": 170.18,
            "debt_ratio": 50.52,
            "inventory_turnover_ratio": 1.31,
            "account_receivable_turnover_ratio": 1.13,
            "reinvestment_rate": 24.93,
            "research_to_sale_ratio": 2.2,
            "price_fair": 236.34,
            "eps_avg_yearly": 6.75,
            "eps_latest_yearly": 1.4,
            "eps_growth_yearly": 481.89
        },
        "20231": {
            "year_quarter": 20231,
            "year": 2023,
            "quarter": 1,
            "eps": 0.31,
            "eps_growth_year": -63.95,
            "eps_4q": 2.64,
            "eps_4q_growth_year": -12.46,
            "roe": 2.31,
            "roe_4q": 19,
            "gross_profit": 801633,
            "gross_margin": 19.24,
            "gross_margin_4q_avg": 22.18,
            "net_income": 383119,
            "revenue": 4165670,
            "common_shares": 689419,
            "book_valuer_per_share": 18.14,
            "book_valuer_per_share_4q_avg": 17.08,
            "equity": 16789395,
            "current_ratio": 132.87,
            "debt_ratio": 51.67,
            "inventory_turnover_ratio": 1.28,
            "account_receivable_turnover_ratio": 1.16,
            "reinvestment_rate": 29.03,
            "research_to_sale_ratio": 2.41,
            "price_fair": 191.45,
            "eps_avg_yearly": 5.47,
            "eps_latest_yearly": 1.24,
            "eps_growth_yearly": 155.31
        }
    },
    "months": {
        "2003-09": {
            "month": "2003-09",
            "price": "117.16",
            "revenue": 517841
        },
        "2003-10": {
            "month": "2003-10",
            "price": "102.50",
            "revenue": 567969
        },
        "2003-11": {
            "month": "2003-11",
            "price": "111.55",
            "revenue": 518184
        },
        "2003-12": {
            "month": "2003-12",
            "price": "109.41",
            "revenue": 527549
        },
        "2004-01": {
            "month": "2004-01",
            "price": "115.20",
            "revenue": 496136
        },
        "2004-02": {
            "month": "2004-02",
            "price": "119.55",
            "revenue": 577245
        },
        "2004-03": {
            "month": "2004-03",
            "price": "122.11",
            "revenue": 678836
        },
        "2004-04": {
            "month": "2004-04",
            "price": "129.84",
            "revenue": 680050
        },
        "2004-05": {
            "month": "2004-05",
            "price": "111.38",
            "revenue": 642015
        },
        "2004-06": {
            "month": "2004-06",
            "price": "108.43",
            "revenue": 639817
        },
        "2004-07": {
            "month": "2004-07",
            "price": "100.32",
            "revenue": 702812
        },
        "2004-08": {
            "month": "2004-08",
            "price": "97.25",
            "revenue": 646092
        },
        "2004-09": {
            "month": "2004-09",
            "price": "98.05",
            "revenue": 745508
        },
        "2004-10": {
            "month": "2004-10",
            "price": "97.05",
            "revenue": 812918
        },
        "2004-11": {
            "month": "2004-11",
            "price": "96.02",
            "revenue": 700529
        },
        "2004-12": {
            "month": "2004-12",
            "price": "95.76",
            "revenue": 613374
        },
        "2005-01": {
            "month": "2005-01",
            "price": "94.12",
            "revenue": 603861
        },
        "2005-02": {
            "month": "2005-02",
            "price": "104.19",
            "revenue": 389619
        },
        "2005-03": {
            "month": "2005-03",
            "price": "106.30",
            "revenue": 625436
        },
        "2005-04": {
            "month": "2005-04",
            "price": "107.15",
            "revenue": 582678
        },
        "2005-05": {
            "month": "2005-05",
            "price": "103.52",
            "revenue": 613343
        },
        "2005-06": {
            "month": "2005-06",
            "price": "104.36",
            "revenue": 676627
        },
        "2005-07": {
            "month": "2005-07",
            "price": "130.98",
            "revenue": 758414
        },
        "2005-08": {
            "month": "2005-08",
            "price": "128.11",
            "revenue": 807401
        },
        "2005-09": {
            "month": "2005-09",
            "price": "107.98",
            "revenue": 859256
        },
        "2005-10": {
            "month": "2005-10",
            "price": "104.62",
            "revenue": 927217
        },
        "2005-11": {
            "month": "2005-11",
            "price": "107.23",
            "revenue": 900014
        },
        "2005-12": {
            "month": "2005-12",
            "price": "127.43",
            "revenue": 863242
        },
        "2006-01": {
            "month": "2006-01",
            "price": "163.92",
            "revenue": 776605
        },
        "2006-02": {
            "month": "2006-02",
            "price": "163.15",
            "revenue": 729357
        },
        "2006-03": {
            "month": "2006-03",
            "price": "163.74",
            "revenue": 810589
        },
        "2006-04": {
            "month": "2006-04",
            "price": "203.89",
            "revenue": 858357
        },
        "2006-05": {
            "month": "2006-05",
            "price": "201.64",
            "revenue": 855060
        },
        "2006-06": {
            "month": "2006-06",
            "price": "160.48",
            "revenue": 896953
        },
        "2006-07": {
            "month": "2006-07",
            "price": "166.05",
            "revenue": 846333
        },
        "2006-08": {
            "month": "2006-08",
            "price": "160.83",
            "revenue": 897327
        },
        "2006-09": {
            "month": "2006-09",
            "price": "180.52",
            "revenue": 950871
        },
        "2006-10": {
            "month": "2006-10",
            "price": "167.98",
            "revenue": 863047
        },
        "2006-11": {
            "month": "2006-11",
            "price": "169.05",
            "revenue": 830836
        },
        "2006-12": {
            "month": "2006-12",
            "price": "158.71",
            "revenue": 722515
        },
        "2007-01": {
            "month": "2007-01",
            "price": "157.30",
            "revenue": 659230
        },
        "2007-02": {
            "month": "2007-02",
            "price": "153.83",
            "revenue": 593581
        },
        "2007-03": {
            "month": "2007-03",
            "price": "151.07",
            "revenue": 718909
        },
        "2007-04": {
            "month": "2007-04",
            "price": "159.82",
            "revenue": 812474
        },
        "2007-05": {
            "month": "2007-05",
            "price": "155.89",
            "revenue": 853352
        },
        "2007-06": {
            "month": "2007-06",
            "price": "165.98",
            "revenue": 885590
        },
        "2007-07": {
            "month": "2007-07",
            "price": "166.39",
            "revenue": 895084
        },
        "2007-08": {
            "month": "2007-08",
            "price": "138.48",
            "revenue": 973461
        },
        "2007-09": {
            "month": "2007-09",
            "price": "139.72",
            "revenue": 1027392
        },
        "2007-10": {
            "month": "2007-10",
            "price": "149.30",
            "revenue": 1040984
        },
        "2007-11": {
            "month": "2007-11",
            "price": "144.98",
            "revenue": 1009236
        },
        "2007-12": {
            "month": "2007-12",
            "price": "149.00",
            "revenue": 838462
        },
        "2008-01": {
            "month": "2008-01",
            "price": "120.60",
            "revenue": 915376
        },
        "2008-02": {
            "month": "2008-02",
            "price": "104.06",
            "revenue": 737269
        },
        "2008-03": {
            "month": "2008-03",
            "price": "105.31",
            "revenue": 832951
        },
        "2008-04": {
            "month": "2008-04",
            "price": "114.86",
            "revenue": 855699
        },
        "2008-05": {
            "month": "2008-05",
            "price": "111.14",
            "revenue": 856607
        },
        "2008-06": {
            "month": "2008-06",
            "price": "89.84",
            "revenue": 864623
        },
        "2008-07": {
            "month": "2008-07",
            "price": "75.78",
            "revenue": 751809
        },
        "2008-08": {
            "month": "2008-08",
            "price": "72.26",
            "revenue": 760599
        },
        "2008-09": {
            "month": "2008-09",
            "price": "52.87",
            "revenue": 793879
        },
        "2008-10": {
            "month": "2008-10",
            "price": "43.64",
            "revenue": 769248
        },
        "2008-11": {
            "month": "2008-11",
            "price": "42.71",
            "revenue": 456916
        },
        "2008-12": {
            "month": "2008-12",
            "price": "40.59",
            "revenue": 314843
        },
        "2009-01": {
            "month": "2009-01",
            "price": "38.99",
            "revenue": 383561
        },
        "2009-02": {
            "month": "2009-02",
            "price": "37.64",
            "revenue": 652536
        },
        "2009-03": {
            "month": "2009-03",
            "price": "41.18",
            "revenue": 915395
        },
        "2009-04": {
            "month": "2009-04",
            "price": "53.82",
            "revenue": 992046
        },
        "2009-05": {
            "month": "2009-05",
            "price": "58.18",
            "revenue": 1000028
        },
        "2009-06": {
            "month": "2009-06",
            "price": "53.71",
            "revenue": 1103459
        },
        "2009-07": {
            "month": "2009-07",
            "price": "58.83",
            "revenue": 1194407
        },
        "2009-08": {
            "month": "2009-08",
            "price": "81.62",
            "revenue": 1222180
        },
        "2009-09": {
            "month": "2009-09",
            "price": "98.81",
            "revenue": 1305186
        },
        "2009-10": {
            "month": "2009-10",
            "price": "123.11",
            "revenue": 1163969
        },
        "2009-11": {
            "month": "2009-11",
            "price": "125.93",
            "revenue": 1159376
        },
        "2009-12": {
            "month": "2009-12",
            "price": "151.26",
            "revenue": 1248808
        },
        "2010-01": {
            "month": "2010-01",
            "price": "165.88",
            "revenue": 1286971
        },
        "2010-02": {
            "month": "2010-02",
            "price": "144.79",
            "revenue": 1144690
        },
        "2010-03": {
            "month": "2010-03",
            "price": "169.39",
            "revenue": 1323717
        },
        "2010-04": {
            "month": "2010-04",
            "price": "173.50",
            "revenue": 1333027
        },
        "2010-05": {
            "month": "2010-05",
            "price": "159.12",
            "revenue": 1392605
        },
        "2010-06": {
            "month": "2010-06",
            "price": "163.33",
            "revenue": 1421530
        },
        "2010-07": {
            "month": "2010-07",
            "price": "163.18",
            "revenue": 1519114
        },
        "2010-08": {
            "month": "2010-08",
            "price": "158.98",
            "revenue": 1412712
        },
        "2010-09": {
            "month": "2010-09",
            "price": "148.95",
            "revenue": 1336651
        },
        "2010-10": {
            "month": "2010-10",
            "price": "144.83",
            "revenue": 1077279
        },
        "2010-11": {
            "month": "2010-11",
            "price": "140.23",
            "revenue": 1117982
        },
        "2010-12": {
            "month": "2010-12",
            "price": "166.96",
            "revenue": 1168841
        },
        "2011-01": {
            "month": "2011-01",
            "price": "167.12",
            "revenue": 1358989
        },
        "2011-02": {
            "month": "2011-02",
            "price": "147.46",
            "revenue": 1099684
        },
        "2011-03": {
            "month": "2011-03",
            "price": "140.15",
            "revenue": 1416965
        },
        "2011-04": {
            "month": "2011-04",
            "price": "136.03",
            "revenue": 1373626
        },
        "2011-05": {
            "month": "2011-05",
            "price": "130.50",
            "revenue": 1375736
        },
        "2011-06": {
            "month": "2011-06",
            "price": "129.79",
            "revenue": 1332148
        },
        "2011-07": {
            "month": "2011-07",
            "price": "109.42",
            "revenue": 1423072
        },
        "2011-08": {
            "month": "2011-08",
            "price": "82.53",
            "revenue": 1501958
        },
        "2011-09": {
            "month": "2011-09",
            "price": "82.13",
            "revenue": 1306170
        },
        "2011-10": {
            "month": "2011-10",
            "price": "77.04",
            "revenue": 1211481
        },
        "2011-11": {
            "month": "2011-11",
            "price": "72.60",
            "revenue": 1252683
        },
        "2011-12": {
            "month": "2011-12",
            "price": "61.29",
            "revenue": 1240086
        },
        "2012-01": {
            "month": "2012-01",
            "price": "61.64",
            "revenue": 1222991
        },
        "2012-02": {
            "month": "2012-02",
            "price": "74.98",
            "revenue": 1292050
        },
        "2012-03": {
            "month": "2012-03",
            "price": "85.79",
            "revenue": 1348392
        },
        "2012-04": {
            "month": "2012-04",
            "price": "77.82",
            "revenue": 1309622
        },
        "2012-05": {
            "month": "2012-05",
            "price": "73.97",
            "revenue": 1316543
        },
        "2012-06": {
            "month": "2012-06",
            "price": "67.33",
            "revenue": 1325200
        },
        "2012-07": {
            "month": "2012-07",
            "price": "65.96",
            "revenue": 1414439
        },
        "2012-08": {
            "month": "2012-08",
            "price": "70.06",
            "revenue": 1440236
        },
        "2012-09": {
            "month": "2012-09",
            "price": "82.78",
            "revenue": 1511612
        },
        "2012-10": {
            "month": "2012-10",
            "price": "89.91",
            "revenue": 1521782
        },
        "2012-11": {
            "month": "2012-11",
            "price": "84.74",
            "revenue": 1406169
        },
        "2012-12": {
            "month": "2012-12",
            "price": "90.12",
            "revenue": 1252185
        },
        "2013-01": {
            "month": "2013-01",
            "price": "92.67",
            "revenue": 1304822
        },
        "2013-02": {
            "month": "2013-02",
            "price": "91.72",
            "revenue": 921287
        },
        "2013-03": {
            "month": "2013-03",
            "price": "101.99",
            "revenue": 1345880
        },
        "2013-04": {
            "month": "2013-04",
            "price": "101.17",
            "revenue": 1476015
        },
        "2013-05": {
            "month": "2013-05",
            "price": "110.48",
            "revenue": 1426573
        },
        "2013-06": {
            "month": "2013-06",
            "price": "103.84",
            "revenue": 1347284
        },
        "2013-07": {
            "month": "2013-07",
            "price": "96.18",
            "revenue": 1451110
        },
        "2013-08": {
            "month": "2013-08",
            "price": "85.71",
            "revenue": 1382948
        },
        "2013-09": {
            "month": "2013-09",
            "price": "83.90",
            "revenue": 1357484
        },
        "2013-10": {
            "month": "2013-10",
            "price": "78.23",
            "revenue": 1296227
        },
        "2013-11": {
            "month": "2013-11",
            "price": "77.09",
            "revenue": 1441020
        },
        "2013-12": {
            "month": "2013-12",
            "price": "80.05",
            "revenue": 1260744
        },
        "2014-01": {
            "month": "2014-01",
            "price": "87.09",
            "revenue": 1309339
        },
        "2014-02": {
            "month": "2014-02",
            "price": "84.01",
            "revenue": 1038995
        },
        "2014-03": {
            "month": "2014-03",
            "price": "83.66",
            "revenue": 1469129
        },
        "2014-04": {
            "month": "2014-04",
            "price": "83.41",
            "revenue": 1569513
        },
        "2014-05": {
            "month": "2014-05",
            "price": "81.51",
            "revenue": 1522077
        },
        "2014-06": {
            "month": "2014-06",
            "price": "80.78",
            "revenue": 1375924
        },
        "2014-07": {
            "month": "2014-07",
            "price": "78.33",
            "revenue": 1538594
        },
        "2014-08": {
            "month": "2014-08",
            "price": "75.21",
            "revenue": 1497531
        },
        "2014-09": {
            "month": "2014-09",
            "price": "74.10",
            "revenue": 1552411
        },
        "2014-10": {
            "month": "2014-10",
            "price": "65.13",
            "revenue": 1500789
        },
        "2014-11": {
            "month": "2014-11",
            "price": "60.58",
            "revenue": 1450217
        },
        "2014-12": {
            "month": "2014-12",
            "price": "67.32",
            "revenue": 1540986
        },
        "2015-01": {
            "month": "2015-01",
            "price": "71.25",
            "revenue": 1575041
        },
        "2015-02": {
            "month": "2015-02",
            "price": "76.88",
            "revenue": 1109184
        },
        "2015-03": {
            "month": "2015-03",
            "price": "84.51",
            "revenue": 1408330
        },
        "2015-04": {
            "month": "2015-04",
            "price": "90.10",
            "revenue": 1387568
        },
        "2015-05": {
            "month": "2015-05",
            "price": "95.09",
            "revenue": 1215332
        },
        "2015-06": {
            "month": "2015-06",
            "price": "101.67",
            "revenue": 1233657
        },
        "2015-07": {
            "month": "2015-07",
            "price": "87.87",
            "revenue": 1123506
        },
        "2015-08": {
            "month": "2015-08",
            "price": "81.09",
            "revenue": 1121555
        },
        "2015-09": {
            "month": "2015-09",
            "price": "80.52",
            "revenue": 1312615
        },
        "2015-10": {
            "month": "2015-10",
            "price": "83.20",
            "revenue": 1247818
        },
        "2015-11": {
            "month": "2015-11",
            "price": "87.25",
            "revenue": 1228544
        },
        "2015-12": {
            "month": "2015-12",
            "price": "88.61",
            "revenue": 1134884
        },
        "2016-01": {
            "month": "2016-01",
            "price": "78.17",
            "revenue": 1133129
        },
        "2016-02": {
            "month": "2016-02",
            "price": "84.43",
            "revenue": 849744
        },
        "2016-03": {
            "month": "2016-03",
            "price": "91.39",
            "revenue": 1182817
        },
        "2016-04": {
            "month": "2016-04",
            "price": "89.33",
            "revenue": 969801
        },
        "2016-05": {
            "month": "2016-05",
            "price": "87.71",
            "revenue": 901334
        },
        "2016-06": {
            "month": "2016-06",
            "price": "90.40",
            "revenue": 802556
        },
        "2016-07": {
            "month": "2016-07",
            "price": "101.00",
            "revenue": 776245
        },
        "2016-08": {
            "month": "2016-08",
            "price": "113.65",
            "revenue": 843140
        },
        "2016-09": {
            "month": "2016-09",
            "price": "137.08",
            "revenue": 814798
        },
        "2016-10": {
            "month": "2016-10",
            "price": "139.00",
            "revenue": 814837
        },
        "2016-11": {
            "month": "2016-11",
            "price": "139.19",
            "revenue": 906142
        },
        "2016-12": {
            "month": "2016-12",
            "price": "132.21",
            "revenue": 947172
        },
        "2017-01": {
            "month": "2017-01",
            "price": "128.88",
            "revenue": 752303
        },
        "2017-02": {
            "month": "2017-02",
            "price": "137.53",
            "revenue": 728713
        },
        "2017-03": {
            "month": "2017-03",
            "price": "148.59",
            "revenue": 1036257
        },
        "2017-04": {
            "month": "2017-04",
            "price": "153.81",
            "revenue": 1254169
        },
        "2017-05": {
            "month": "2017-05",
            "price": "157.42",
            "revenue": 1348673
        },
        "2017-06": {
            "month": "2017-06",
            "price": "140.78",
            "revenue": 1267813
        },
        "2017-07": {
            "month": "2017-07",
            "price": "135.14",
            "revenue": 1240951
        },
        "2017-08": {
            "month": "2017-08",
            "price": "141.87",
            "revenue": 1218157
        },
        "2017-09": {
            "month": "2017-09",
            "price": "142.48",
            "revenue": 1372924
        },
        "2017-10": {
            "month": "2017-10",
            "price": "139.39",
            "revenue": 1243473
        },
        "2017-11": {
            "month": "2017-11",
            "price": "144.00",
            "revenue": 1266500
        },
        "2017-12": {
            "month": "2017-12",
            "price": "142.07",
            "revenue": 1401338
        },
        "2018-01": {
            "month": "2018-01",
            "price": "149.18",
            "revenue": 1403040
        },
        "2018-02": {
            "month": "2018-02",
            "price": "144.00",
            "revenue": 1164805
        },
        "2018-03": {
            "month": "2018-03",
            "price": "150.54",
            "revenue": 1336684
        },
        "2018-04": {
            "month": "2018-04",
            "price": "148.44",
            "revenue": 1327609
        },
        "2018-05": {
            "month": "2018-05",
            "price": "149.14",
            "revenue": 1337426
        },
        "2018-06": {
            "month": "2018-06",
            "price": "140.72",
            "revenue": 1362375
        },
        "2018-07": {
            "month": "2018-07",
            "price": "124.11",
            "revenue": 1408322
        },
        "2018-08": {
            "month": "2018-08",
            "price": "124.54",
            "revenue": 1388208
        },
        "2018-09": {
            "month": "2018-09",
            "price": "138.11",
            "revenue": 1308318
        },
        "2018-10": {
            "month": "2018-10",
            "price": "125.61",
            "revenue": 1311315
        },
        "2018-11": {
            "month": "2018-11",
            "price": "134.39",
            "revenue": 1230412
        },
        "2018-12": {
            "month": "2018-12",
            "price": "134.26",
            "revenue": 1178112
        },
        "2019-01": {
            "month": "2019-01",
            "price": "129.88",
            "revenue": 1267012
        },
        "2019-02": {
            "month": "2019-02",
            "price": "135.27",
            "revenue": 1003259
        },
        "2019-03": {
            "month": "2019-03",
            "price": "148.92",
            "revenue": 1195402
        },
        "2019-04": {
            "month": "2019-04",
            "price": "170.58",
            "revenue": 1191791
        },
        "2019-05": {
            "month": "2019-05",
            "price": "162.32",
            "revenue": 1151788
        },
        "2019-06": {
            "month": "2019-06",
            "price": "152.87",
            "revenue": 1264281
        },
        "2019-07": {
            "month": "2019-07",
            "price": "165.93",
            "revenue": 1487972
        },
        "2019-08": {
            "month": "2019-08",
            "price": "156.12",
            "revenue": 1349069
        },
        "2019-09": {
            "month": "2019-09",
            "price": "161.26",
            "revenue": 1356057
        },
        "2019-10": {
            "month": "2019-10",
            "price": "163.83",
            "revenue": 1505669
        },
        "2019-11": {
            "month": "2019-11",
            "price": "178.69",
            "revenue": 1330762
        },
        "2019-12": {
            "month": "2019-12",
            "price": "175.59",
            "revenue": 1361319
        },
        "2020-01": {
            "month": "2020-01",
            "price": "171.50",
            "revenue": 1174211
        },
        "2020-02": {
            "month": "2020-02",
            "price": "164.47",
            "revenue": 1206664
        },
        "2020-03": {
            "month": "2020-03",
            "price": "145.36",
            "revenue": 1407535
        },
        "2020-04": {
            "month": "2020-04",
            "price": "148.85",
            "revenue": 1388540
        },
        "2020-05": {
            "month": "2020-05",
            "price": "157.52",
            "revenue": 1383335
        },
        "2020-06": {
            "month": "2020-06",
            "price": "163.62",
            "revenue": 1344027
        },
        "2020-07": {
            "month": "2020-07",
            "price": "168.04",
            "revenue": 1357138
        },
        "2020-08": {
            "month": "2020-08",
            "price": "55.95",
            "revenue": 1289131
        },
        "2020-09": {
            "month": "2020-09",
            "price": "19.69",
            "revenue": 1435944
        },
        "2020-10": {
            "month": "2020-10",
            "price": "20.90",
            "revenue": 1373618
        },
        "2020-11": {
            "month": "2020-11",
            "price": "23.26",
            "revenue": 1549149
        },
        "2020-12": {
            "month": "2020-12",
            "price": "30.49",
            "revenue": 1514726
        },
        "2021-01": {
            "month": "2021-01",
            "price": "30.98",
            "revenue": 1604399
        },
        "2021-02": {
            "month": "2021-02",
            "price": "36.40",
            "revenue": 1332975
        },
        "2021-03": {
            "month": "2021-03",
            "price": "40.35",
            "revenue": 1657240
        },
        "2021-04": {
            "month": "2021-04",
            "price": "41.09",
            "revenue": 1594942
        },
        "2021-05": {
            "month": "2021-05",
            "price": "33.64",
            "revenue": 1564982
        },
        "2021-06": {
            "month": "2021-06",
            "price": "32.66",
            "revenue": 1740792
        },
        "2021-07": {
            "month": "2021-07",
            "price": "35.80",
            "revenue": 1835015
        },
        "2021-08": {
            "month": "2021-08",
            "price": "33.87",
            "revenue": 1821516
        },
        "2021-09": {
            "month": "2021-09",
            "price": "33.31",
            "revenue": 1815855
        },
        "2021-10": {
            "month": "2021-10",
            "price": "31.56",
            "revenue": 1836860
        },
        "2021-11": {
            "month": "2021-11",
            "price": "34.79",
            "revenue": 1890429
        },
        "2021-12": {
            "month": "2021-12",
            "price": "34.14",
            "revenue": 1975504
        },
        "2022-01": {
            "month": "2022-01",
            "price": "36.63",
            "revenue": 1928184
        },
        "2022-02": {
            "month": "2022-02",
            "price": "37.45",
            "revenue": 1698038
        },
        "2022-03": {
            "month": "2022-03",
            "price": "36.94",
            "revenue": 2028530
        },
        "2022-04": {
            "month": "2022-04",
            "price": "35.56",
            "revenue": 1854271
        },
        "2022-05": {
            "month": "2022-05",
            "price": "36.41",
            "revenue": 1997861
        },
        "2022-06": {
            "month": "2022-06",
            "price": "35.77",
            "revenue": 1968026
        },
        "2022-07": {
            "month": "2022-07",
            "price": "31.76",
            "revenue": 1891503
        },
        "2022-08": {
            "month": "2022-08",
            "price": "33.65",
            "revenue": 1855940
        },
        "2022-09": {
            "month": "2022-09",
            "price": "32.66",
            "revenue": 1765668
        },
        "2022-10": {
            "month": "2022-10",
            "price": "31.04",
            "revenue": 1717412
        },
        "2022-11": {
            "month": "2022-11",
            "price": "31.51",
            "revenue": 1588121
        },
        "2022-12": {
            "month": "2022-12",
            "price": "31.21",
            "revenue": 1564955
        },
        "2023-01": {
            "month": "2023-01",
            "price": "31.11",
            "revenue": 1405960
        },
        "2023-02": {
            "month": "2023-02",
            "price": "32.57",
            "revenue": 1330237
        },
        "2023-03": {
            "month": "2023-03",
            "price": "34.75",
            "revenue": 1429473
        },
        "2023-04": {
            "month": "2023-04",
            "price": "35.09",
            "revenue": 1432156
        },
        "2023-05": {
            "month": "2023-05",
            "price": "35.17",
            "revenue": 1434373
        }
    }
}
