{
    "summary": {
        "stock_name": "能率網通",
        "stock_id": "8071",
        "category": "電子零組件",
        "main_business": "事務機零組件、內外銷業務<br>電子零組件、內外銷業務<br>光電產品、內外銷業務",
        "website_url": "http://www.fstdisc.com.tw",
        "ceo": "洪再發",
        "pe_ratio": -1440,
        "report_year_from": 2002,
        "report_year_to": 2023,
        "age": 21,
        "eps_negative_percentage": 24,
        "eps_growth_avg": {
            "last_all": 3.3,
            "last_2y": -5.81,
            "last_4y": 4.71,
            "last_8y": 9.1,
            "last_12y": 11.76,
            "last_16y": 11.76,
            "last_20y": null,
            "at_2006_last_3y": null,
            "at_2007_last_3y": -51.69,
            "at_2008_last_3y": -100,
            "at_2009_last_3y": null,
            "at_2010_last_3y": -46.67,
            "at_2011_last_3y": 26.67,
            "at_2012_last_3y": 9.44,
            "at_2013_last_3y": 17.74,
            "at_2014_last_3y": 5.36,
            "at_2015_last_3y": 5.36,
            "at_2016_last_3y": 0.25,
            "at_2017_last_3y": 14.59,
            "at_2018_last_3y": 43.21,
            "at_2019_last_3y": 23.89,
            "at_2020_last_3y": 15.44,
            "at_2021_last_3y": 15.44,
            "at_2022_last_3y": 1.32,
            "at_2023_last_3y": 1.32,
            "at_2006_last_all": -51.69,
            "at_2007_last_all": -51.69,
            "at_2008_last_all": -51.69,
            "at_2009_last_all": -51.69,
            "at_2010_last_all": -50.01,
            "at_2011_last_all": -12.51,
            "at_2012_last_all": -15.01,
            "at_2013_last_all": -5.4,
            "at_2014_last_all": -18.37,
            "at_2015_last_all": -3.57,
            "at_2016_last_all": -8.23,
            "at_2017_last_all": 2.59,
            "at_2018_last_all": 4.02,
            "at_2019_last_all": 5.58,
            "at_2020_last_all": -0.95,
            "at_2021_last_all": 6.26,
            "at_2022_last_all": 3.3,
            "at_2023_last_all": 3.3
        },
        "latest_eps": -0.01,
        "latest_price": 14.4,
        "latest_roe": 1.85,
        "latest_gross_margin": 16.19,
        "latest_equity": 1019206,
        "latest_revenue": 514498,
        "latest_gross_profit": 83275,
        "latest_net_income": 4933,
        "latest_debt_ratio": 58.87,
        "latest_current_ratio": 131.88,
        "latest_account_receivable_turnover_ratio": 1.36,
        "latest_inventory_turnover_ratio": 1.46,
        "latest_reinvestment_rate": -332.61,
        "latest_research_to_sale_ratio": 1.17
    },
    "eps_dividends": {
        "2001": {
            "cash": 0,
            "stock": 0,
            "eps": 0
        },
        "2002": {
            "cash": 0,
            "stock": 0,
            "eps": 0
        },
        "2003": {
            "cash": 0,
            "stock": 1,
            "eps": 2.67
        },
        "2004": {
            "cash": 0.8,
            "stock": 1,
            "eps": 2.58
        },
        "2005": {
            "cash": 1,
            "stock": 0.5,
            "eps": -2.55
        },
        "2006": {
            "cash": 0,
            "stock": 0,
            "eps": -1.97
        },
        "2007": {
            "cash": 0,
            "stock": 0,
            "eps": -4.37
        },
        "2008": {
            "cash": 0,
            "stock": 0,
            "eps": -0.43
        },
        "2009": {
            "cash": 0,
            "stock": 0,
            "eps": 0.9
        },
        "2010": {
            "cash": 0,
            "stock": 0,
            "eps": 0.48
        },
        "2011": {
            "cash": 0.42,
            "stock": 0,
            "eps": 1.72
        },
        "2012": {
            "cash": 1.5,
            "stock": 0,
            "eps": 1.29
        },
        "2013": {
            "cash": 1,
            "stock": 0,
            "eps": 1.84
        },
        "2014": {
            "cash": 1.2,
            "stock": 0,
            "eps": 0.07
        },
        "2015": {
            "cash": 0.1,
            "stock": 0,
            "eps": 0.22
        },
        "2016": {
            "cash": 0.2,
            "stock": 0,
            "eps": 0.12
        },
        "2017": {
            "cash": 0.2,
            "stock": 0,
            "eps": 0.93
        },
        "2018": {
            "cash": 0.15,
            "stock": 0,
            "eps": 1.1
        },
        "2019": {
            "cash": 0.42,
            "stock": 0,
            "eps": 1.35
        },
        "2020": {
            "cash": 0.5,
            "stock": 0,
            "eps": 0.28
        },
        "2021": {
            "cash": 0.2,
            "stock": 0,
            "eps": 1.1
        },
        "2022": {
            "cash": 1.2,
            "stock": 0,
            "eps": 0.68
        },
        "2023": {
            "cash": 0.5,
            "stock": 0,
            "eps": -0.34
        }
    },
    "dividends": {
        "2003-04-14": {
            "cash": 0,
            "stock": 1
        },
        "2004-02-17": {
            "cash": 0.8,
            "stock": 1
        },
        "2005-03-16": {
            "cash": 1,
            "stock": 0.5
        },
        "2011-04-11": {
            "cash": 0.42,
            "stock": 0
        },
        "2012-05-25": {
            "cash": 1.5,
            "stock": 0
        },
        "2013-06-28": {
            "cash": 1,
            "stock": 0
        },
        "2014-08-08": {
            "cash": 1.2,
            "stock": 0
        },
        "2015-09-22": {
            "cash": 0.1,
            "stock": 0
        },
        "2016-09-26": {
            "cash": 0.2,
            "stock": 0
        },
        "2017-10-12": {
            "cash": 0.2,
            "stock": 0
        },
        "2018-05-09": {
            "cash": 0.15,
            "stock": 0
        },
        "2019-09-20": {
            "cash": 0.42,
            "stock": 0
        },
        "2020-09-21": {
            "cash": 0.5,
            "stock": 0
        },
        "2021-09-22": {
            "cash": 0.2,
            "stock": 0
        },
        "2022-09-22": {
            "cash": 1.2,
            "stock": 0
        },
        "2023-09-20": {
            "cash": 0.5,
            "stock": 0
        }
    },
    "prices": {
        "200101": "無",
        "200102": "無",
        "200103": "無",
        "200104": "無",
        "200105": "無",
        "200106": "無",
        "200107": "無",
        "200108": "無",
        "200109": "無",
        "200110": "無",
        "200111": "無",
        "200112": "無",
        "200201": "無",
        "200202": "無",
        "200203": "無",
        "200204": "無",
        "200205": "無",
        "200206": "無",
        "200207": "無",
        "200208": "無",
        "200209": "無",
        "200210": "無",
        "200211": "無",
        "200212": "無",
        "200301": "無",
        "200302": "無",
        "200303": "無",
        "200304": "無",
        "200305": "無",
        "200306": "無",
        "200307": "無",
        "200308": "無",
        "200309": "25.50",
        "200310": "27.54",
        "200311": "27.58",
        "200312": "25.47",
        "200401": "24.82",
        "200402": "26.63",
        "200403": "28.64",
        "200404": "33.69",
        "200405": "26.58",
        "200406": "24.75",
        "200407": "23.88",
        "200408": "20.00",
        "200409": "18.59",
        "200410": "19.82",
        "200411": "18.52",
        "200412": "17.00",
        "200501": "16.44",
        "200502": "17.35",
        "200503": "18.63",
        "200504": "15.97",
        "200505": "10.57",
        "200506": "11.52",
        "200507": "10.85",
        "200508": "11.15",
        "200509": "12.17",
        "200510": "8.83",
        "200511": "5.14",
        "200512": "6.54",
        "200601": "7.30",
        "200602": "6.10",
        "200603": "5.94",
        "200604": "5.79",
        "200605": "5.27",
        "200606": "4.74",
        "200607": "3.65",
        "200608": "3.20",
        "200609": "2.70",
        "200610": "2.82",
        "200611": "4.27",
        "200612": "5.16",
        "200701": "5.51",
        "200702": "5.11",
        "200703": "5.27",
        "200704": "6.86",
        "200705": "8.71",
        "200706": "8.72",
        "200707": "11.94",
        "200708": "9.10",
        "200709": "9.26",
        "200710": "8.41",
        "200711": "6.10",
        "200712": "5.18",
        "200801": "4.66",
        "200802": "4.29",
        "200803": "4.59",
        "200804": "4.23",
        "200805": "3.39",
        "200806": "3.50",
        "200807": "3.72",
        "200808": "3.88",
        "200809": "3.03",
        "200810": "8.11",
        "200811": "7.94",
        "200812": "8.17",
        "200901": "8.13",
        "200902": "8.37",
        "200903": "7.81",
        "200904": "8.32",
        "200905": "12.40",
        "200906": "15.54",
        "200907": "19.07",
        "200908": "25.27",
        "200909": "26.27",
        "200910": "23.75",
        "200911": "23.21",
        "200912": "36.93",
        "201001": "36.07",
        "201002": "35.08",
        "201003": "42.90",
        "201004": "45.35",
        "201005": "39.14",
        "201006": "37.58",
        "201007": "40.34",
        "201008": "41.05",
        "201009": "36.53",
        "201010": "37.10",
        "201011": "34.20",
        "201012": "33.69",
        "201101": "35.22",
        "201102": "32.06",
        "201103": "28.39",
        "201104": "26.97",
        "201105": "28.50",
        "201106": "32.32",
        "201107": "28.23",
        "201108": "22.48",
        "201109": "21.71",
        "201110": "19.52",
        "201111": "19.80",
        "201112": "18.22",
        "201201": "18.86",
        "201202": "24.05",
        "201203": "25.77",
        "201204": "25.95",
        "201205": "26.69",
        "201206": "25.15",
        "201207": "24.26",
        "201208": "27.65",
        "201209": "27.11",
        "201210": "25.10",
        "201211": "21.70",
        "201212": "18.21",
        "201301": "17.81",
        "201302": "18.13",
        "201303": "21.26",
        "201304": "22.69",
        "201305": "22.72",
        "201306": "21.86",
        "201307": "22.50",
        "201308": "25.66",
        "201309": "27.28",
        "201310": "31.11",
        "201311": "29.89",
        "201312": "29.33",
        "201401": "30.49",
        "201402": "29.29",
        "201403": "29.80",
        "201404": "27.79",
        "201405": "25.31",
        "201406": "25.18",
        "201407": "24.66",
        "201408": "23.09",
        "201409": "21.47",
        "201410": "20.99",
        "201411": "22.22",
        "201412": "20.38",
        "201501": "20.19",
        "201502": "19.79",
        "201503": "20.15",
        "201504": "20.34",
        "201505": "20.40",
        "201506": "19.20",
        "201507": "17.31",
        "201508": "13.34",
        "201509": "14.28",
        "201510": "14.19",
        "201511": "13.48",
        "201512": "12.35",
        "201601": "11.36",
        "201602": "11.61",
        "201603": "14.17",
        "201604": "13.18",
        "201605": "11.76",
        "201606": "11.60",
        "201607": "12.46",
        "201608": "12.07",
        "201609": "11.69",
        "201610": "11.50",
        "201611": "10.62",
        "201612": "10.32",
        "201701": "11.27",
        "201702": "13.52",
        "201703": "13.58",
        "201704": "13.09",
        "201705": "14.64",
        "201706": "17.12",
        "201707": "18.41",
        "201708": "18.45",
        "201709": "20.31",
        "201710": "19.98",
        "201711": "19.52",
        "201712": "17.98",
        "201801": "18.34",
        "201802": "16.62",
        "201803": "17.62",
        "201804": "16.95",
        "201805": "15.28",
        "201806": "15.84",
        "201807": "14.83",
        "201808": "14.55",
        "201809": "13.86",
        "201810": "11.40",
        "201811": "11.36",
        "201812": "11.58",
        "201901": "11.53",
        "201902": "12.45",
        "201903": "13.46",
        "201904": "14.77",
        "201905": "15.38",
        "201906": "15.68",
        "201907": "15.53",
        "201908": "14.35",
        "201909": "14.19",
        "201910": "13.97",
        "201911": "14.19",
        "201912": "14.06",
        "202001": "13.76",
        "202002": "12.44",
        "202003": "11.14",
        "202004": "12.42",
        "202005": "12.60",
        "202006": "12.48",
        "202007": "12.98",
        "202008": "12.55",
        "202009": "12.30",
        "202010": "11.83",
        "202011": "11.64",
        "202012": "11.96",
        "202101": "11.98",
        "202102": "11.68",
        "202103": "12.30",
        "202104": "13.71",
        "202105": "12.57",
        "202106": "12.88",
        "202107": "12.94",
        "202108": "12.12",
        "202109": "11.78",
        "202110": "12.36",
        "202111": "12.61",
        "202112": "13.39",
        "202201": "17.42",
        "202202": "17.63",
        "202203": "17.95",
        "202204": "21.16",
        "202205": "19.48",
        "202206": "17.61",
        "202207": "17.16",
        "202208": "19.13",
        "202209": "16.72",
        "202210": "14.52",
        "202211": "15.23",
        "202212": "15.18",
        "202301": "14.63",
        "202302": "15.13",
        "202303": "15.27",
        "202304": "15.14",
        "202305": "14.70",
        "202306": "14.45",
        "202307": "16.23",
        "202308": "15.55",
        "202309": "15.23",
        "202310": "14.71"
    },
    "quarters": {
        "20011": {
            "year_quarter": 20011,
            "year": 2001,
            "quarter": 1,
            "eps": null,
            "eps_growth_year": null,
            "eps_4q": null,
            "eps_4q_growth_year": null,
            "roe": null,
            "roe_4q": 0,
            "gross_profit": null,
            "gross_margin": null,
            "gross_margin_4q_avg": 0,
            "net_income": null,
            "net_income_4q": null,
            "revenue": null,
            "revenue_4q": null,
            "common_shares": null,
            "book_valuer_per_share": null,
            "book_valuer_per_share_4q_avg": 0,
            "equity": null,
            "current_ratio": null,
            "debt_ratio": null,
            "inventory_turnover_ratio": null,
            "account_receivable_turnover_ratio": null,
            "reinvestment_rate": null,
            "research_to_sale_ratio": null,
            "price_fair": 0,
            "eps_avg_yearly": 0,
            "eps_latest_yearly": 0,
            "eps_growth_yearly": 0
        },
        "20012": {
            "year_quarter": 20012,
            "year": 2001,
            "quarter": 2,
            "eps": null,
            "eps_growth_year": null,
            "eps_4q": null,
            "eps_4q_growth_year": null,
            "roe": null,
            "roe_4q": 0,
            "gross_profit": null,
            "gross_margin": null,
            "gross_margin_4q_avg": 0,
            "net_income": null,
            "net_income_4q": null,
            "revenue": null,
            "revenue_4q": null,
            "common_shares": null,
            "book_valuer_per_share": null,
            "book_valuer_per_share_4q_avg": 0,
            "equity": null,
            "current_ratio": null,
            "debt_ratio": null,
            "inventory_turnover_ratio": null,
            "account_receivable_turnover_ratio": null,
            "reinvestment_rate": null,
            "research_to_sale_ratio": null,
            "price_fair": 0,
            "eps_avg_yearly": 0,
            "eps_latest_yearly": 0,
            "eps_growth_yearly": 0
        },
        "20013": {
            "year_quarter": 20013,
            "year": 2001,
            "quarter": 3,
            "eps": null,
            "eps_growth_year": null,
            "eps_4q": null,
            "eps_4q_growth_year": null,
            "roe": null,
            "roe_4q": 0,
            "gross_profit": null,
            "gross_margin": null,
            "gross_margin_4q_avg": 0,
            "net_income": null,
            "net_income_4q": null,
            "revenue": null,
            "revenue_4q": null,
            "common_shares": null,
            "book_valuer_per_share": null,
            "book_valuer_per_share_4q_avg": 0,
            "equity": null,
            "current_ratio": null,
            "debt_ratio": null,
            "inventory_turnover_ratio": null,
            "account_receivable_turnover_ratio": null,
            "reinvestment_rate": null,
            "research_to_sale_ratio": null,
            "price_fair": 0,
            "eps_avg_yearly": 0,
            "eps_latest_yearly": 0,
            "eps_growth_yearly": 0
        },
        "20014": {
            "year_quarter": 20014,
            "year": 2001,
            "quarter": 4,
            "eps": null,
            "eps_growth_year": null,
            "eps_4q": null,
            "eps_4q_growth_year": null,
            "roe": null,
            "roe_4q": 0,
            "gross_profit": null,
            "gross_margin": null,
            "gross_margin_4q_avg": 0,
            "net_income": null,
            "net_income_4q": null,
            "revenue": null,
            "revenue_4q": null,
            "common_shares": 260000,
            "book_valuer_per_share": 10.89,
            "book_valuer_per_share_4q_avg": 2.72,
            "equity": 283044,
            "current_ratio": 71.04,
            "debt_ratio": 57.2,
            "inventory_turnover_ratio": null,
            "account_receivable_turnover_ratio": null,
            "reinvestment_rate": null,
            "research_to_sale_ratio": null,
            "price_fair": 0,
            "eps_avg_yearly": 0,
            "eps_latest_yearly": 0,
            "eps_growth_yearly": 0
        },
        "20021": {
            "year_quarter": 20021,
            "year": 2002,
            "quarter": 1,
            "eps": null,
            "eps_growth_year": null,
            "eps_4q": null,
            "eps_4q_growth_year": null,
            "roe": null,
            "roe_4q": 0,
            "gross_profit": null,
            "gross_margin": null,
            "gross_margin_4q_avg": 0,
            "net_income": null,
            "net_income_4q": null,
            "revenue": null,
            "revenue_4q": null,
            "common_shares": null,
            "book_valuer_per_share": null,
            "book_valuer_per_share_4q_avg": 2.72,
            "equity": null,
            "current_ratio": null,
            "debt_ratio": null,
            "inventory_turnover_ratio": null,
            "account_receivable_turnover_ratio": null,
            "reinvestment_rate": null,
            "research_to_sale_ratio": null,
            "price_fair": 0,
            "eps_avg_yearly": 0,
            "eps_latest_yearly": 0,
            "eps_growth_yearly": 0
        },
        "20022": {
            "year_quarter": 20022,
            "year": 2002,
            "quarter": 2,
            "eps": null,
            "eps_growth_year": null,
            "eps_4q": null,
            "eps_4q_growth_year": null,
            "roe": null,
            "roe_4q": 0,
            "gross_profit": null,
            "gross_margin": null,
            "gross_margin_4q_avg": 0,
            "net_income": null,
            "net_income_4q": null,
            "revenue": null,
            "revenue_4q": null,
            "common_shares": null,
            "book_valuer_per_share": null,
            "book_valuer_per_share_4q_avg": 2.72,
            "equity": null,
            "current_ratio": null,
            "debt_ratio": null,
            "inventory_turnover_ratio": null,
            "account_receivable_turnover_ratio": null,
            "reinvestment_rate": null,
            "research_to_sale_ratio": null,
            "price_fair": 0,
            "eps_avg_yearly": 0,
            "eps_latest_yearly": 0,
            "eps_growth_yearly": 0
        },
        "20023": {
            "year_quarter": 20023,
            "year": 2002,
            "quarter": 3,
            "eps": null,
            "eps_growth_year": null,
            "eps_4q": null,
            "eps_4q_growth_year": null,
            "roe": null,
            "roe_4q": 0,
            "gross_profit": null,
            "gross_margin": null,
            "gross_margin_4q_avg": 0,
            "net_income": null,
            "net_income_4q": null,
            "revenue": null,
            "revenue_4q": null,
            "common_shares": null,
            "book_valuer_per_share": null,
            "book_valuer_per_share_4q_avg": 2.72,
            "equity": null,
            "current_ratio": null,
            "debt_ratio": null,
            "inventory_turnover_ratio": null,
            "account_receivable_turnover_ratio": null,
            "reinvestment_rate": null,
            "research_to_sale_ratio": null,
            "price_fair": 0,
            "eps_avg_yearly": 0,
            "eps_latest_yearly": 0,
            "eps_growth_yearly": 0
        },
        "20024": {
            "year_quarter": 20024,
            "year": 2002,
            "quarter": 4,
            "eps": null,
            "eps_growth_year": null,
            "eps_4q": null,
            "eps_4q_growth_year": null,
            "roe": null,
            "roe_4q": 0,
            "gross_profit": null,
            "gross_margin": null,
            "gross_margin_4q_avg": 0,
            "net_income": null,
            "net_income_4q": null,
            "revenue": null,
            "revenue_4q": null,
            "common_shares": 260000,
            "book_valuer_per_share": 14.25,
            "book_valuer_per_share_4q_avg": 3.56,
            "equity": 370389,
            "current_ratio": 98.73,
            "debt_ratio": 49.1,
            "inventory_turnover_ratio": null,
            "account_receivable_turnover_ratio": null,
            "reinvestment_rate": null,
            "research_to_sale_ratio": null,
            "price_fair": 0,
            "eps_avg_yearly": 0,
            "eps_latest_yearly": 0,
            "eps_growth_yearly": 0
        },
        "20031": {
            "year_quarter": 20031,
            "year": 2003,
            "quarter": 1,
            "eps": 0.82,
            "eps_growth_year": null,
            "eps_4q": null,
            "eps_4q_growth_year": null,
            "roe": 6.41,
            "roe_4q": 6.41,
            "gross_profit": 37986,
            "gross_margin": 30.28,
            "gross_margin_4q_avg": 7.57,
            "net_income": 24520,
            "net_income_4q": null,
            "revenue": 125464,
            "revenue_4q": null,
            "common_shares": 300000,
            "book_valuer_per_share": 13.16,
            "book_valuer_per_share_4q_avg": 6.85,
            "equity": 394901,
            "current_ratio": 117.47,
            "debt_ratio": 44.39,
            "inventory_turnover_ratio": 8.34,
            "account_receivable_turnover_ratio": null,
            "reinvestment_rate": null,
            "research_to_sale_ratio": null,
            "price_fair": 0,
            "eps_avg_yearly": 0,
            "eps_latest_yearly": 0,
            "eps_growth_yearly": 0
        },
        "20032": {
            "year_quarter": 20032,
            "year": 2003,
            "quarter": 2,
            "eps": 0.32,
            "eps_growth_year": null,
            "eps_4q": null,
            "eps_4q_growth_year": null,
            "roe": 2.43,
            "roe_4q": 8.84,
            "gross_profit": 46286,
            "gross_margin": 32.66,
            "gross_margin_4q_avg": 15.74,
            "net_income": 9714,
            "net_income_4q": null,
            "revenue": 141719,
            "revenue_4q": null,
            "common_shares": 300000,
            "book_valuer_per_share": 13.47,
            "book_valuer_per_share_4q_avg": 10.22,
            "equity": 403981,
            "current_ratio": 97.17,
            "debt_ratio": 44.98,
            "inventory_turnover_ratio": 16.72,
            "account_receivable_turnover_ratio": null,
            "reinvestment_rate": null,
            "research_to_sale_ratio": null,
            "price_fair": 3.84,
            "eps_avg_yearly": 1.28,
            "eps_latest_yearly": 1.28,
            "eps_growth_yearly": -243.9
        },
        "20033": {
            "year_quarter": 20033,
            "year": 2003,
            "quarter": 3,
            "eps": 0.45,
            "eps_growth_year": null,
            "eps_4q": null,
            "eps_4q_growth_year": null,
            "roe": 3.26,
            "roe_4q": 12.1,
            "gross_profit": 48808,
            "gross_margin": 31.47,
            "gross_margin_4q_avg": 23.6,
            "net_income": 13395,
            "net_income_4q": null,
            "revenue": 155090,
            "revenue_4q": null,
            "common_shares": 300000,
            "book_valuer_per_share": 13.91,
            "book_valuer_per_share_4q_avg": 13.7,
            "equity": 417377,
            "current_ratio": 93.64,
            "debt_ratio": 44.89,
            "inventory_turnover_ratio": 16.93,
            "account_receivable_turnover_ratio": null,
            "reinvestment_rate": null,
            "research_to_sale_ratio": null,
            "price_fair": 4.62,
            "eps_avg_yearly": 1.54,
            "eps_latest_yearly": 1.8,
            "eps_growth_yearly": -40.7
        },
        "20034": {
            "year_quarter": 20034,
            "year": 2003,
            "quarter": 4,
            "eps": 1.08,
            "eps_growth_year": null,
            "eps_4q": 2.52,
            "eps_4q_growth_year": null,
            "roe": 8.23,
            "roe_4q": 20.33,
            "gross_profit": 70912,
            "gross_margin": 39.63,
            "gross_margin_4q_avg": 33.51,
            "net_income": 35756,
            "net_income_4q": null,
            "revenue": 178916,
            "revenue_4q": null,
            "common_shares": 330625,
            "book_valuer_per_share": 13.67,
            "book_valuer_per_share_4q_avg": 13.55,
            "equity": 451993,
            "current_ratio": 89.22,
            "debt_ratio": 53.4,
            "inventory_turnover_ratio": 12.44,
            "account_receivable_turnover_ratio": null,
            "reinvestment_rate": null,
            "research_to_sale_ratio": null,
            "price_fair": 86.33,
            "eps_avg_yearly": 2.47,
            "eps_latest_yearly": 4.32,
            "eps_growth_yearly": 159.53
        },
        "20041": {
            "year_quarter": 20041,
            "year": 2004,
            "quarter": 1,
            "eps": 1.03,
            "eps_growth_year": 25.61,
            "eps_4q": 2.82,
            "eps_4q_growth_year": null,
            "roe": 7.23,
            "roe_4q": 21.15,
            "gross_profit": 51631,
            "gross_margin": 33.45,
            "gross_margin_4q_avg": 34.3,
            "net_income": 33920,
            "net_income_4q": null,
            "revenue": 154375,
            "revenue_4q": null,
            "common_shares": 330625,
            "book_valuer_per_share": 14.7,
            "book_valuer_per_share_4q_avg": 13.94,
            "equity": 485905,
            "current_ratio": 97.15,
            "debt_ratio": 49.28,
            "inventory_turnover_ratio": 5.79,
            "account_receivable_turnover_ratio": null,
            "reinvestment_rate": null,
            "research_to_sale_ratio": null,
            "price_fair": 100.8,
            "eps_avg_yearly": 2.88,
            "eps_latest_yearly": 4.12,
            "eps_growth_yearly": 115.02
        },
        "20042": {
            "year_quarter": 20042,
            "year": 2004,
            "quarter": 2,
            "eps": 0.51,
            "eps_growth_year": 59.38,
            "eps_4q": 3.02,
            "eps_4q_growth_year": null,
            "roe": 3.52,
            "roe_4q": 22.240000000000002,
            "gross_profit": 44088,
            "gross_margin": 30.15,
            "gross_margin_4q_avg": 33.68,
            "net_income": 16896,
            "net_income_4q": null,
            "revenue": 146246,
            "revenue_4q": null,
            "common_shares": 330625,
            "book_valuer_per_share": 14.32,
            "book_valuer_per_share_4q_avg": 14.15,
            "equity": 473462,
            "current_ratio": 87.43,
            "debt_ratio": 48.74,
            "inventory_turnover_ratio": 4.19,
            "account_receivable_turnover_ratio": null,
            "reinvestment_rate": null,
            "research_to_sale_ratio": null,
            "price_fair": 94.92,
            "eps_avg_yearly": 2.71,
            "eps_latest_yearly": 2.04,
            "eps_growth_yearly": 51.63
        },
        "20043": {
            "year_quarter": 20043,
            "year": 2004,
            "quarter": 3,
            "eps": 0.31,
            "eps_growth_year": -31.11,
            "eps_4q": 2.65,
            "eps_4q_growth_year": null,
            "roe": 2.39,
            "roe_4q": 21.37,
            "gross_profit": 43499,
            "gross_margin": 25.69,
            "gross_margin_4q_avg": 32.23,
            "net_income": 11460,
            "net_income_4q": null,
            "revenue": 169316,
            "revenue_4q": null,
            "common_shares": 365287,
            "book_valuer_per_share": 13.27,
            "book_valuer_per_share_4q_avg": 13.99,
            "equity": 484915,
            "current_ratio": 138.43,
            "debt_ratio": 50.04,
            "inventory_turnover_ratio": 4.4,
            "account_receivable_turnover_ratio": null,
            "reinvestment_rate": null,
            "research_to_sale_ratio": null,
            "price_fair": 66.3,
            "eps_avg_yearly": 2.47,
            "eps_latest_yearly": 1.24,
            "eps_growth_yearly": 16.88
        },
        "20044": {
            "year_quarter": 20044,
            "year": 2004,
            "quarter": 4,
            "eps": 0.73,
            "eps_growth_year": -32.41,
            "eps_4q": 2.44,
            "eps_4q_growth_year": -3.3,
            "roe": 5.3,
            "roe_4q": 18.439999999999998,
            "gross_profit": 47863,
            "gross_margin": 21.75,
            "gross_margin_4q_avg": 27.76,
            "net_income": 26655,
            "net_income_4q": null,
            "revenue": 220016,
            "revenue_4q": null,
            "common_shares": 365288,
            "book_valuer_per_share": 14.28,
            "book_valuer_per_share_4q_avg": 14.14,
            "equity": 521770,
            "current_ratio": 132.83,
            "debt_ratio": 49.86,
            "inventory_turnover_ratio": 4.29,
            "account_receivable_turnover_ratio": null,
            "reinvestment_rate": null,
            "research_to_sale_ratio": null,
            "price_fair": 88.6,
            "eps_avg_yearly": 2.53,
            "eps_latest_yearly": 2.92,
            "eps_growth_yearly": 91.89
        },
        "20051": {
            "year_quarter": 20051,
            "year": 2005,
            "quarter": 1,
            "eps": -0.69,
            "eps_growth_year": -166.99,
            "eps_4q": 0.79,
            "eps_4q_growth_year": -71.89,
            "roe": -4.96,
            "roe_4q": 6.25,
            "gross_profit": 392,
            "gross_margin": 0.28,
            "gross_margin_4q_avg": 19.47,
            "net_income": -25614,
            "net_income_4q": null,
            "revenue": 137846,
            "revenue_4q": null,
            "common_shares": 370430,
            "book_valuer_per_share": 13.8,
            "book_valuer_per_share_4q_avg": 13.92,
            "equity": 511103,
            "current_ratio": 134.78,
            "debt_ratio": 46.1,
            "inventory_turnover_ratio": 3.79,
            "account_receivable_turnover_ratio": null,
            "reinvestment_rate": null,
            "research_to_sale_ratio": null,
            "price_fair": 88.6,
            "eps_avg_yearly": 2.53,
            "eps_latest_yearly": 2.92,
            "eps_growth_yearly": 91.89
        },
        "20052": {
            "year_quarter": 20052,
            "year": 2005,
            "quarter": 2,
            "eps": -1.14,
            "eps_growth_year": -323.53,
            "eps_4q": -0.86,
            "eps_4q_growth_year": -128.52,
            "roe": -9.64,
            "roe_4q": -6.91,
            "gross_profit": 833,
            "gross_margin": 0.64,
            "gross_margin_4q_avg": 12.09,
            "net_income": -45107,
            "net_income_4q": null,
            "revenue": 130351,
            "revenue_4q": null,
            "common_shares": 378944,
            "book_valuer_per_share": 11.21,
            "book_valuer_per_share_4q_avg": 13.14,
            "equity": 424834,
            "current_ratio": 139.84,
            "debt_ratio": 52.79,
            "inventory_turnover_ratio": 4.1,
            "account_receivable_turnover_ratio": null,
            "reinvestment_rate": null,
            "research_to_sale_ratio": null,
            "price_fair": 88.6,
            "eps_avg_yearly": 2.53,
            "eps_latest_yearly": 2.92,
            "eps_growth_yearly": 91.89
        },
        "20053": {
            "year_quarter": 20053,
            "year": 2005,
            "quarter": 3,
            "eps": -0.26,
            "eps_growth_year": -183.87,
            "eps_4q": -1.37,
            "eps_4q_growth_year": -151.49,
            "roe": -2.48,
            "roe_4q": -11.780000000000001,
            "gross_profit": 5887,
            "gross_margin": 3.96,
            "gross_margin_4q_avg": 6.66,
            "net_income": -10403,
            "net_income_4q": null,
            "revenue": 148532,
            "revenue_4q": null,
            "common_shares": 398910,
            "book_valuer_per_share": 10.39,
            "book_valuer_per_share_4q_avg": 12.42,
            "equity": 414423,
            "current_ratio": 149.02,
            "debt_ratio": 50.99,
            "inventory_turnover_ratio": 4.32,
            "account_receivable_turnover_ratio": null,
            "reinvestment_rate": null,
            "research_to_sale_ratio": null,
            "price_fair": 88.6,
            "eps_avg_yearly": 2.53,
            "eps_latest_yearly": 2.92,
            "eps_growth_yearly": 91.89
        },
        "20054": {
            "year_quarter": 20054,
            "year": 2005,
            "quarter": 4,
            "eps": -0.46,
            "eps_growth_year": -163.01,
            "eps_4q": -2.5,
            "eps_4q_growth_year": -202.65,
            "roe": -4.46,
            "roe_4q": -21.54,
            "gross_profit": 20815,
            "gross_margin": 12.62,
            "gross_margin_4q_avg": 4.38,
            "net_income": -18152,
            "net_income_4q": null,
            "revenue": 165000,
            "revenue_4q": null,
            "common_shares": 398911,
            "book_valuer_per_share": 10.03,
            "book_valuer_per_share_4q_avg": 11.36,
            "equity": 400225,
            "current_ratio": 74.47,
            "debt_ratio": 53.06,
            "inventory_turnover_ratio": 5.53,
            "account_receivable_turnover_ratio": null,
            "reinvestment_rate": null,
            "research_to_sale_ratio": null,
            "price_fair": 88.6,
            "eps_avg_yearly": 2.53,
            "eps_latest_yearly": 2.92,
            "eps_growth_yearly": 91.89
        },
        "20061": {
            "year_quarter": 20061,
            "year": 2006,
            "quarter": 1,
            "eps": -0.7,
            "eps_growth_year": null,
            "eps_4q": -2.55,
            "eps_4q_growth_year": -421.38,
            "roe": -7.23,
            "roe_4q": -23.810000000000002,
            "gross_profit": -8047,
            "gross_margin": -7.92,
            "gross_margin_4q_avg": 2.33,
            "net_income": -27947,
            "net_income_4q": null,
            "revenue": 101652,
            "revenue_4q": null,
            "common_shares": 398910,
            "book_valuer_per_share": 9.34,
            "book_valuer_per_share_4q_avg": 10.24,
            "equity": 372482,
            "current_ratio": 70.96,
            "debt_ratio": 53.24,
            "inventory_turnover_ratio": 5.67,
            "account_receivable_turnover_ratio": null,
            "reinvestment_rate": null,
            "research_to_sale_ratio": null,
            "price_fair": 88.6,
            "eps_avg_yearly": 2.53,
            "eps_latest_yearly": 2.92,
            "eps_growth_yearly": 91.89
        },
        "20062": {
            "year_quarter": 20062,
            "year": 2006,
            "quarter": 2,
            "eps": -0.75,
            "eps_growth_year": null,
            "eps_4q": -2.17,
            "eps_4q_growth_year": null,
            "roe": -8.37,
            "roe_4q": -22.54,
            "gross_profit": 2912,
            "gross_margin": 2.89,
            "gross_margin_4q_avg": 2.89,
            "net_income": -29939,
            "net_income_4q": null,
            "revenue": 100907,
            "revenue_4q": null,
            "common_shares": 398910,
            "book_valuer_per_share": 8.59,
            "book_valuer_per_share_4q_avg": 9.59,
            "equity": 342615,
            "current_ratio": 57.59,
            "debt_ratio": 51.14,
            "inventory_turnover_ratio": 7.63,
            "account_receivable_turnover_ratio": null,
            "reinvestment_rate": null,
            "research_to_sale_ratio": null,
            "price_fair": 88.6,
            "eps_avg_yearly": 2.53,
            "eps_latest_yearly": 2.92,
            "eps_growth_yearly": 91.89
        },
        "20063": {
            "year_quarter": 20063,
            "year": 2006,
            "quarter": 3,
            "eps": -0.24,
            "eps_growth_year": null,
            "eps_4q": -2.15,
            "eps_4q_growth_year": null,
            "roe": -2.86,
            "roe_4q": -22.92,
            "gross_profit": 18267,
            "gross_margin": 15.69,
            "gross_margin_4q_avg": 5.82,
            "net_income": -9681,
            "net_income_4q": null,
            "revenue": 116391,
            "revenue_4q": null,
            "common_shares": 398910,
            "book_valuer_per_share": 8.36,
            "book_valuer_per_share_4q_avg": 9.08,
            "equity": 333328,
            "current_ratio": 58.68,
            "debt_ratio": 49.78,
            "inventory_turnover_ratio": 6.65,
            "account_receivable_turnover_ratio": null,
            "reinvestment_rate": null,
            "research_to_sale_ratio": null,
            "price_fair": 88.6,
            "eps_avg_yearly": 2.53,
            "eps_latest_yearly": 2.92,
            "eps_growth_yearly": 91.89
        },
        "20064": {
            "year_quarter": 20064,
            "year": 2006,
            "quarter": 4,
            "eps": -0.28,
            "eps_growth_year": null,
            "eps_4q": -1.97,
            "eps_4q_growth_year": null,
            "roe": -3.4,
            "roe_4q": -21.86,
            "gross_profit": 49324,
            "gross_margin": 28.62,
            "gross_margin_4q_avg": 9.82,
            "net_income": -11130,
            "net_income_4q": null,
            "revenue": 172341,
            "revenue_4q": null,
            "common_shares": 398911,
            "book_valuer_per_share": 8.08,
            "book_valuer_per_share_4q_avg": 8.59,
            "equity": 322309,
            "current_ratio": 69.35,
            "debt_ratio": 54.96,
            "inventory_turnover_ratio": 4.49,
            "account_receivable_turnover_ratio": null,
            "reinvestment_rate": null,
            "research_to_sale_ratio": null,
            "price_fair": 88.6,
            "eps_avg_yearly": 2.53,
            "eps_latest_yearly": 2.92,
            "eps_growth_yearly": 91.89
        },
        "20071": {
            "year_quarter": 20071,
            "year": 2007,
            "quarter": 1,
            "eps": -0.51,
            "eps_growth_year": null,
            "eps_4q": -1.79,
            "eps_4q_growth_year": null,
            "roe": -6.47,
            "roe_4q": -21.099999999999998,
            "gross_profit": 11684,
            "gross_margin": 12.12,
            "gross_margin_4q_avg": 14.83,
            "net_income": -20273,
            "net_income_4q": null,
            "revenue": 96398,
            "revenue_4q": null,
            "common_shares": 398910,
            "book_valuer_per_share": 7.62,
            "book_valuer_per_share_4q_avg": 8.16,
            "equity": 304157,
            "current_ratio": 71.41,
            "debt_ratio": 51.29,
            "inventory_turnover_ratio": 3.76,
            "account_receivable_turnover_ratio": null,
            "reinvestment_rate": null,
            "research_to_sale_ratio": null,
            "price_fair": 88.6,
            "eps_avg_yearly": 2.53,
            "eps_latest_yearly": 2.92,
            "eps_growth_yearly": 91.89
        },
        "20072": {
            "year_quarter": 20072,
            "year": 2007,
            "quarter": 2,
            "eps": -1.63,
            "eps_growth_year": null,
            "eps_4q": -2.66,
            "eps_4q_growth_year": null,
            "roe": -23.87,
            "roe_4q": -36.6,
            "gross_profit": -11122,
            "gross_margin": -17.83,
            "gross_margin_4q_avg": 9.65,
            "net_income": -64886,
            "net_income_4q": null,
            "revenue": 62381,
            "revenue_4q": null,
            "common_shares": 398910,
            "book_valuer_per_share": 6.01,
            "book_valuer_per_share_4q_avg": 7.52,
            "equity": 239551,
            "current_ratio": 67.22,
            "debt_ratio": 55.27,
            "inventory_turnover_ratio": 8.66,
            "account_receivable_turnover_ratio": null,
            "reinvestment_rate": null,
            "research_to_sale_ratio": null,
            "price_fair": 95.9,
            "eps_avg_yearly": 2.74,
            "eps_latest_yearly": 2.92,
            "eps_growth_yearly": 147.85
        },
        "20073": {
            "year_quarter": 20073,
            "year": 2007,
            "quarter": 3,
            "eps": -0.54,
            "eps_growth_year": null,
            "eps_4q": -2.95,
            "eps_4q_growth_year": null,
            "roe": -9.35,
            "roe_4q": -43.089999999999996,
            "gross_profit": -8252,
            "gross_margin": -11.85,
            "gross_margin_4q_avg": 2.77,
            "net_income": -21393,
            "net_income_4q": null,
            "revenue": 69616,
            "revenue_4q": null,
            "common_shares": 398910,
            "book_valuer_per_share": 5.47,
            "book_valuer_per_share_4q_avg": 6.8,
            "equity": 218139,
            "current_ratio": 77.57,
            "debt_ratio": 56.82,
            "inventory_turnover_ratio": 7.43,
            "account_receivable_turnover_ratio": null,
            "reinvestment_rate": null,
            "research_to_sale_ratio": null,
            "price_fair": 102.48,
            "eps_avg_yearly": 2.93,
            "eps_latest_yearly": 2.92,
            "eps_growth_yearly": 144.92
        },
        "20074": {
            "year_quarter": 20074,
            "year": 2007,
            "quarter": 4,
            "eps": -1.69,
            "eps_growth_year": null,
            "eps_4q": -4.35,
            "eps_4q_growth_year": null,
            "roe": -36.51,
            "roe_4q": -76.2,
            "gross_profit": -6774,
            "gross_margin": -8.33,
            "gross_margin_4q_avg": -6.47,
            "net_income": -67347,
            "net_income_4q": null,
            "revenue": 81301,
            "revenue_4q": null,
            "common_shares": 398910,
            "book_valuer_per_share": 3.78,
            "book_valuer_per_share_4q_avg": 5.72,
            "equity": 150816,
            "current_ratio": 75.2,
            "debt_ratio": 65.39,
            "inventory_turnover_ratio": 9.16,
            "account_receivable_turnover_ratio": null,
            "reinvestment_rate": null,
            "research_to_sale_ratio": null,
            "price_fair": 90.3,
            "eps_avg_yearly": 2.58,
            "eps_latest_yearly": 2.92,
            "eps_growth_yearly": 41.15
        },
        "20081": {
            "year_quarter": 20081,
            "year": 2008,
            "quarter": 1,
            "eps": -0.19,
            "eps_growth_year": null,
            "eps_4q": -4.03,
            "eps_4q_growth_year": null,
            "roe": -5.16,
            "roe_4q": -74.89,
            "gross_profit": 8762,
            "gross_margin": 10.67,
            "gross_margin_4q_avg": -6.84,
            "net_income": -7592,
            "net_income_4q": null,
            "revenue": 82118,
            "revenue_4q": null,
            "common_shares": 398910,
            "book_valuer_per_share": 3.6,
            "book_valuer_per_share_4q_avg": 4.72,
            "equity": 143612,
            "current_ratio": 67.36,
            "debt_ratio": 63.54,
            "inventory_turnover_ratio": 10.09,
            "account_receivable_turnover_ratio": null,
            "reinvestment_rate": null,
            "research_to_sale_ratio": null,
            "price_fair": 72.33,
            "eps_avg_yearly": 2.07,
            "eps_latest_yearly": 2.92,
            "eps_growth_yearly": 61.04
        },
        "20082": {
            "year_quarter": 20082,
            "year": 2008,
            "quarter": 2,
            "eps": -0.04,
            "eps_growth_year": null,
            "eps_4q": -2.45,
            "eps_4q_growth_year": null,
            "roe": -1.11,
            "roe_4q": -52.13,
            "gross_profit": 9362,
            "gross_margin": 13.13,
            "gross_margin_4q_avg": 0.91,
            "net_income": -1589,
            "net_income_4q": null,
            "revenue": 71293,
            "revenue_4q": null,
            "common_shares": 398910,
            "book_valuer_per_share": 3.56,
            "book_valuer_per_share_4q_avg": 4.1,
            "equity": 141987,
            "current_ratio": 80.98,
            "debt_ratio": 62.42,
            "inventory_turnover_ratio": 6.97,
            "account_receivable_turnover_ratio": null,
            "reinvestment_rate": null,
            "research_to_sale_ratio": null,
            "price_fair": 72.8,
            "eps_avg_yearly": 2.08,
            "eps_latest_yearly": 2.92,
            "eps_growth_yearly": 192.54
        },
        "20083": {
            "year_quarter": 20083,
            "year": 2008,
            "quarter": 3,
            "eps": -0.27,
            "eps_growth_year": null,
            "eps_4q": -5.83,
            "eps_4q_growth_year": null,
            "roe": -2.69,
            "roe_4q": -45.47,
            "gross_profit": 3900,
            "gross_margin": 5,
            "gross_margin_4q_avg": 5.12,
            "net_income": -3758,
            "net_income_4q": null,
            "revenue": 77953,
            "revenue_4q": null,
            "common_shares": 137743,
            "book_valuer_per_share": 10,
            "book_valuer_per_share_4q_avg": 5.24,
            "equity": 137774,
            "current_ratio": 70.57,
            "debt_ratio": 61.28,
            "inventory_turnover_ratio": 8.46,
            "account_receivable_turnover_ratio": null,
            "reinvestment_rate": null,
            "research_to_sale_ratio": null,
            "price_fair": 102.2,
            "eps_avg_yearly": 2.92,
            "eps_latest_yearly": 2.92,
            "eps_growth_yearly": 541.94
        },
        "20084": {
            "year_quarter": 20084,
            "year": 2008,
            "quarter": 4,
            "eps": 0.07,
            "eps_growth_year": null,
            "eps_4q": -0.82,
            "eps_4q_growth_year": null,
            "roe": 0.74,
            "roe_4q": -8.22,
            "gross_profit": 15815,
            "gross_margin": 19.85,
            "gross_margin_4q_avg": 12.16,
            "net_income": 1017,
            "net_income_4q": null,
            "revenue": 79661,
            "revenue_4q": null,
            "common_shares": 137743,
            "book_valuer_per_share": 10.08,
            "book_valuer_per_share_4q_avg": 6.81,
            "equity": 138809,
            "current_ratio": 83.42,
            "debt_ratio": 59.07,
            "inventory_turnover_ratio": 8.59,
            "account_receivable_turnover_ratio": 1.81,
            "reinvestment_rate": null,
            "research_to_sale_ratio": null,
            "price_fair": 0,
            "eps_avg_yearly": 0,
            "eps_latest_yearly": 0,
            "eps_growth_yearly": 0
        },
        "20091": {
            "year_quarter": 20091,
            "year": 2009,
            "quarter": 1,
            "eps": 0.16,
            "eps_growth_year": null,
            "eps_4q": -0.16,
            "eps_4q_growth_year": null,
            "roe": 1.55,
            "roe_4q": -1.51,
            "gross_profit": 12608,
            "gross_margin": 17.36,
            "gross_margin_4q_avg": 13.84,
            "net_income": 2164,
            "net_income_4q": null,
            "revenue": 72637,
            "revenue_4q": null,
            "common_shares": 137743,
            "book_valuer_per_share": 10.22,
            "book_valuer_per_share_4q_avg": 8.47,
            "equity": 140790,
            "current_ratio": 91.2,
            "debt_ratio": 57.29,
            "inventory_turnover_ratio": 11.68,
            "account_receivable_turnover_ratio": 0.83,
            "reinvestment_rate": null,
            "research_to_sale_ratio": null,
            "price_fair": 22.4,
            "eps_avg_yearly": 0.64,
            "eps_latest_yearly": 0.64,
            "eps_growth_yearly": 514.29
        },
        "20092": {
            "year_quarter": 20092,
            "year": 2009,
            "quarter": 2,
            "eps": 0.29,
            "eps_growth_year": null,
            "eps_4q": 0.25,
            "eps_4q_growth_year": null,
            "roe": 2.76,
            "roe_4q": 2.36,
            "gross_profit": 21135,
            "gross_margin": 26.08,
            "gross_margin_4q_avg": 17.07,
            "net_income": 3939,
            "net_income_4q": null,
            "revenue": 81050,
            "revenue_4q": null,
            "common_shares": 137743,
            "book_valuer_per_share": 10.53,
            "book_valuer_per_share_4q_avg": 10.21,
            "equity": 145007,
            "current_ratio": 118.2,
            "debt_ratio": 56.72,
            "inventory_turnover_ratio": 16.88,
            "account_receivable_turnover_ratio": 0.91,
            "reinvestment_rate": null,
            "research_to_sale_ratio": null,
            "price_fair": 31.5,
            "eps_avg_yearly": 0.9,
            "eps_latest_yearly": 1.16,
            "eps_growth_yearly": 419.64
        },
        "20093": {
            "year_quarter": 20093,
            "year": 2009,
            "quarter": 3,
            "eps": 0.08,
            "eps_growth_year": null,
            "eps_4q": 0.23,
            "eps_4q_growth_year": null,
            "roe": 0.81,
            "roe_4q": 5.86,
            "gross_profit": 23519,
            "gross_margin": 14.65,
            "gross_margin_4q_avg": 19.49,
            "net_income": 2976,
            "net_income_4q": null,
            "revenue": 160504,
            "revenue_4q": null,
            "common_shares": 337743,
            "book_valuer_per_share": 10.54,
            "book_valuer_per_share_4q_avg": 10.34,
            "equity": 588879,
            "current_ratio": 127.91,
            "debt_ratio": 50.2,
            "inventory_turnover_ratio": 2.01,
            "account_receivable_turnover_ratio": 0.73,
            "reinvestment_rate": null,
            "research_to_sale_ratio": null,
            "price_fair": 24.73,
            "eps_avg_yearly": 0.71,
            "eps_latest_yearly": 0.32,
            "eps_growth_yearly": 183.21
        },
        "20094": {
            "year_quarter": 20094,
            "year": 2009,
            "quarter": 4,
            "eps": 0.37,
            "eps_growth_year": 428.57,
            "eps_4q": 0.46,
            "eps_4q_growth_year": null,
            "roe": 1.94,
            "roe_4q": 7.06,
            "gross_profit": 37814,
            "gross_margin": 11.56,
            "gross_margin_4q_avg": 17.41,
            "net_income": 11413,
            "net_income_4q": null,
            "revenue": 327042,
            "revenue_4q": null,
            "common_shares": 337743,
            "book_valuer_per_share": 10.78,
            "book_valuer_per_share_4q_avg": 10.52,
            "equity": 585964,
            "current_ratio": 148.88,
            "debt_ratio": 44.21,
            "inventory_turnover_ratio": 1.98,
            "account_receivable_turnover_ratio": 2.65,
            "reinvestment_rate": null,
            "research_to_sale_ratio": null,
            "price_fair": 31.5,
            "eps_avg_yearly": 0.9,
            "eps_latest_yearly": 1.48,
            "eps_growth_yearly": 499.91
        },
        "20101": {
            "year_quarter": 20101,
            "year": 2010,
            "quarter": 1,
            "eps": 0.1,
            "eps_growth_year": -37.5,
            "eps_4q": 0.49,
            "eps_4q_growth_year": null,
            "roe": 1.77,
            "roe_4q": 7.279999999999999,
            "gross_profit": 36494,
            "gross_margin": 9.72,
            "gross_margin_4q_avg": 15.5,
            "net_income": 10471,
            "net_income_4q": null,
            "revenue": 375495,
            "revenue_4q": null,
            "common_shares": 337743,
            "book_valuer_per_share": 10.86,
            "book_valuer_per_share_4q_avg": 10.68,
            "equity": 595378,
            "current_ratio": 153.94,
            "debt_ratio": 44.92,
            "inventory_turnover_ratio": 2.11,
            "account_receivable_turnover_ratio": 1.5,
            "reinvestment_rate": null,
            "research_to_sale_ratio": 0.2,
            "price_fair": 28,
            "eps_avg_yearly": 0.8,
            "eps_latest_yearly": 0.4,
            "eps_growth_yearly": 341.55
        },
        "20102": {
            "year_quarter": 20102,
            "year": 2010,
            "quarter": 2,
            "eps": 0.07,
            "eps_growth_year": -74.23,
            "eps_4q": 0.45,
            "eps_4q_growth_year": 82.85,
            "roe": 1.14,
            "roe_4q": 5.66,
            "gross_profit": 38473,
            "gross_margin": 16,
            "gross_margin_4q_avg": 12.98,
            "net_income": 6773,
            "net_income_4q": null,
            "revenue": 240482,
            "revenue_4q": null,
            "common_shares": 337743,
            "book_valuer_per_share": 11.1,
            "book_valuer_per_share_4q_avg": 10.82,
            "equity": 597178,
            "current_ratio": 146.18,
            "debt_ratio": 47.49,
            "inventory_turnover_ratio": 0.98,
            "account_receivable_turnover_ratio": 0.95,
            "reinvestment_rate": null,
            "research_to_sale_ratio": 0.22,
            "price_fair": 24.97,
            "eps_avg_yearly": 0.71,
            "eps_latest_yearly": 0.28,
            "eps_growth_yearly": 264.62
        },
        "20103": {
            "year_quarter": 20103,
            "year": 2010,
            "quarter": 3,
            "eps": 0.15,
            "eps_growth_year": 90.53,
            "eps_4q": 0.57,
            "eps_4q_growth_year": 150.08,
            "roe": 2.04,
            "roe_4q": 6.889999999999999,
            "gross_profit": 47943,
            "gross_margin": 10.01,
            "gross_margin_4q_avg": 11.82,
            "net_income": 12332,
            "net_income_4q": null,
            "revenue": 478881,
            "revenue_4q": null,
            "common_shares": 337743,
            "book_valuer_per_share": 11.22,
            "book_valuer_per_share_4q_avg": 10.99,
            "equity": 614247,
            "current_ratio": 149.3,
            "debt_ratio": 48.86,
            "inventory_turnover_ratio": 1.9,
            "account_receivable_turnover_ratio": 1.65,
            "reinvestment_rate": null,
            "research_to_sale_ratio": 0.12,
            "price_fair": 24.4,
            "eps_avg_yearly": 0.7,
            "eps_latest_yearly": 0.6,
            "eps_growth_yearly": 292.13
        },
        "20104": {
            "year_quarter": 20104,
            "year": 2010,
            "quarter": 4,
            "eps": 0.16,
            "eps_growth_year": -57.69,
            "eps_4q": 0.48,
            "eps_4q_growth_year": 4.34,
            "roe": 0.68,
            "roe_4q": 5.630000000000001,
            "gross_profit": 39566,
            "gross_margin": 9.49,
            "gross_margin_4q_avg": 11.31,
            "net_income": 4143,
            "net_income_4q": null,
            "revenue": 416750,
            "revenue_4q": null,
            "common_shares": 337743,
            "book_valuer_per_share": 11.24,
            "book_valuer_per_share_4q_avg": 11.11,
            "equity": 608335,
            "current_ratio": 147.38,
            "debt_ratio": 49.01,
            "inventory_turnover_ratio": 1.89,
            "account_receivable_turnover_ratio": 1.23,
            "reinvestment_rate": null,
            "research_to_sale_ratio": 0.12,
            "price_fair": 24.15,
            "eps_avg_yearly": 0.69,
            "eps_latest_yearly": 0.64,
            "eps_growth_yearly": 258.94
        },
        "20111": {
            "year_quarter": 20111,
            "year": 2011,
            "quarter": 1,
            "eps": 0.29,
            "eps_growth_year": 190,
            "eps_4q": 0.68,
            "eps_4q_growth_year": 37.13,
            "roe": 0.9,
            "roe_4q": 4.76,
            "gross_profit": 33580,
            "gross_margin": 9.07,
            "gross_margin_4q_avg": 11.14,
            "net_income": 5863,
            "net_income_4q": null,
            "revenue": 370300,
            "revenue_4q": null,
            "common_shares": 337743,
            "book_valuer_per_share": 11.84,
            "book_valuer_per_share_4q_avg": 11.35,
            "equity": 701418,
            "current_ratio": 176.33,
            "debt_ratio": 42.02,
            "inventory_turnover_ratio": 1.59,
            "account_receivable_turnover_ratio": 1.17,
            "reinvestment_rate": null,
            "research_to_sale_ratio": 0.39,
            "price_fair": 25.98,
            "eps_avg_yearly": 0.74,
            "eps_latest_yearly": 1.16,
            "eps_growth_yearly": 266.28
        },
        "20112": {
            "year_quarter": 20112,
            "year": 2011,
            "quarter": 2,
            "eps": 0.66,
            "eps_growth_year": 784.2,
            "eps_4q": 1.26,
            "eps_4q_growth_year": 179.31,
            "roe": 2.64,
            "roe_4q": 6.26,
            "gross_profit": 59364,
            "gross_margin": 11.74,
            "gross_margin_4q_avg": 10.08,
            "net_income": 18420,
            "net_income_4q": null,
            "revenue": 505686,
            "revenue_4q": null,
            "common_shares": 337743,
            "book_valuer_per_share": 12.06,
            "book_valuer_per_share_4q_avg": 11.59,
            "equity": 691805,
            "current_ratio": 152.64,
            "debt_ratio": 50.3,
            "inventory_turnover_ratio": 1.86,
            "account_receivable_turnover_ratio": 1.47,
            "reinvestment_rate": null,
            "research_to_sale_ratio": 0.32,
            "price_fair": 32.62,
            "eps_avg_yearly": 0.93,
            "eps_latest_yearly": 2.64,
            "eps_growth_yearly": 290.69
        },
        "20113": {
            "year_quarter": 20113,
            "year": 2011,
            "quarter": 3,
            "eps": 0.36,
            "eps_growth_year": 134.15,
            "eps_4q": 1.47,
            "eps_4q_growth_year": 159.3,
            "roe": 4.07,
            "roe_4q": 8.290000000000001,
            "gross_profit": 54660,
            "gross_margin": 11.06,
            "gross_margin_4q_avg": 10.34,
            "net_income": 29119,
            "net_income_4q": null,
            "revenue": 494128,
            "revenue_4q": null,
            "common_shares": 337743,
            "book_valuer_per_share": 12.61,
            "book_valuer_per_share_4q_avg": 11.94,
            "equity": 738602,
            "current_ratio": 154.3,
            "debt_ratio": 48.84,
            "inventory_turnover_ratio": 1.81,
            "account_receivable_turnover_ratio": 1.13,
            "reinvestment_rate": null,
            "research_to_sale_ratio": 0.44,
            "price_fair": 34.24,
            "eps_avg_yearly": 0.98,
            "eps_latest_yearly": 1.44,
            "eps_growth_yearly": 247.73
        },
        "20114": {
            "year_quarter": 20114,
            "year": 2011,
            "quarter": 4,
            "eps": 0.41,
            "eps_growth_year": 162.93,
            "eps_4q": 1.72,
            "eps_4q_growth_year": 258.25,
            "roe": 2.05,
            "roe_4q": 9.66,
            "gross_profit": 65055,
            "gross_margin": 16.37,
            "gross_margin_4q_avg": 12.06,
            "net_income": 16129,
            "net_income_4q": null,
            "revenue": 397518,
            "revenue_4q": null,
            "common_shares": 337743,
            "book_valuer_per_share": 12.93,
            "book_valuer_per_share_4q_avg": 12.36,
            "equity": 834776,
            "current_ratio": 147.7,
            "debt_ratio": 46.39,
            "inventory_turnover_ratio": 1.27,
            "account_receivable_turnover_ratio": 0.97,
            "reinvestment_rate": 404.25,
            "research_to_sale_ratio": 0.54,
            "price_fair": 36.17,
            "eps_avg_yearly": 1.03,
            "eps_latest_yearly": 1.64,
            "eps_growth_yearly": 231.72
        },
        "20121": {
            "year_quarter": 20121,
            "year": 2012,
            "quarter": 1,
            "eps": 1.58,
            "eps_growth_year": 444.83,
            "eps_4q": 3.01,
            "eps_4q_growth_year": 343.22,
            "roe": 7.41,
            "roe_4q": 16.17,
            "gross_profit": 66042,
            "gross_margin": 23.85,
            "gross_margin_4q_avg": 15.76,
            "net_income": 51912,
            "net_income_4q": null,
            "revenue": 276945,
            "revenue_4q": null,
            "common_shares": 337743,
            "book_valuer_per_share": 14.46,
            "book_valuer_per_share_4q_avg": 13.02,
            "equity": 566506,
            "current_ratio": 175.34,
            "debt_ratio": 45.55,
            "inventory_turnover_ratio": 1.18,
            "account_receivable_turnover_ratio": 0.96,
            "reinvestment_rate": 104.04,
            "research_to_sale_ratio": 0.24,
            "price_fair": 50.4,
            "eps_avg_yearly": 1.44,
            "eps_latest_yearly": 6.32,
            "eps_growth_yearly": 301.7
        },
        "20122": {
            "year_quarter": 20122,
            "year": 2012,
            "quarter": 2,
            "eps": -0.89,
            "eps_growth_year": -234.14,
            "eps_4q": 1.46,
            "eps_4q_growth_year": 15.36,
            "roe": -3.99,
            "roe_4q": 9.54,
            "gross_profit": 93202,
            "gross_margin": 36.26,
            "gross_margin_4q_avg": 21.89,
            "net_income": -20891,
            "net_income_4q": null,
            "revenue": 257034,
            "revenue_4q": null,
            "common_shares": 337743,
            "book_valuer_per_share": 12.18,
            "book_valuer_per_share_4q_avg": 13.05,
            "equity": 479733,
            "current_ratio": 147.89,
            "debt_ratio": 54.04,
            "inventory_turnover_ratio": 2.63,
            "account_receivable_turnover_ratio": 1,
            "reinvestment_rate": 154.54,
            "research_to_sale_ratio": 0.34,
            "price_fair": 50.4,
            "eps_avg_yearly": 1.44,
            "eps_latest_yearly": 6.32,
            "eps_growth_yearly": 301.7
        },
        "20123": {
            "year_quarter": 20123,
            "year": 2012,
            "quarter": 3,
            "eps": 0.28,
            "eps_growth_year": -22.76,
            "eps_4q": 1.38,
            "eps_4q_growth_year": -6.23,
            "roe": 3.25,
            "roe_4q": 8.719999999999999,
            "gross_profit": 76852,
            "gross_margin": 28.37,
            "gross_margin_4q_avg": 26.21,
            "net_income": 15973,
            "net_income_4q": null,
            "revenue": 270877,
            "revenue_4q": null,
            "common_shares": 337743,
            "book_valuer_per_share": 12.59,
            "book_valuer_per_share_4q_avg": 13.04,
            "equity": 504645,
            "current_ratio": 147.17,
            "debt_ratio": 55.57,
            "inventory_turnover_ratio": 3.48,
            "account_receivable_turnover_ratio": 0.96,
            "reinvestment_rate": 286.41,
            "research_to_sale_ratio": 0.27,
            "price_fair": 50.4,
            "eps_avg_yearly": 1.44,
            "eps_latest_yearly": 6.32,
            "eps_growth_yearly": 301.7
        },
        "20124": {
            "year_quarter": 20124,
            "year": 2012,
            "quarter": 4,
            "eps": 0.32,
            "eps_growth_year": -23.21,
            "eps_4q": 1.28,
            "eps_4q_growth_year": -25.65,
            "roe": 2.84,
            "roe_4q": 9.51,
            "gross_profit": 60813,
            "gross_margin": 15.94,
            "gross_margin_4q_avg": 26.11,
            "net_income": 16233,
            "net_income_4q": null,
            "revenue": 381542,
            "revenue_4q": null,
            "common_shares": 337743,
            "book_valuer_per_share": 12.8,
            "book_valuer_per_share_4q_avg": 13.01,
            "equity": 638035,
            "current_ratio": 140.21,
            "debt_ratio": 52.52,
            "inventory_turnover_ratio": 4.72,
            "account_receivable_turnover_ratio": 1.24,
            "reinvestment_rate": 367.37,
            "research_to_sale_ratio": 0.25,
            "price_fair": 50,
            "eps_avg_yearly": 1.43,
            "eps_latest_yearly": 1.28,
            "eps_growth_yearly": 284.23
        },
        "20131": {
            "year_quarter": 20131,
            "year": 2013,
            "quarter": 1,
            "eps": 0.19,
            "eps_growth_year": -87.97,
            "eps_4q": -0.1,
            "eps_4q_growth_year": -103.42,
            "roe": 1.46,
            "roe_4q": 3.5599999999999996,
            "gross_profit": 74038,
            "gross_margin": 21.25,
            "gross_margin_4q_avg": 25.46,
            "net_income": 9607,
            "net_income_4q": null,
            "revenue": 348377,
            "revenue_4q": null,
            "common_shares": 337743,
            "book_valuer_per_share": 13.09,
            "book_valuer_per_share_4q_avg": 12.67,
            "equity": 676981,
            "current_ratio": 138.12,
            "debt_ratio": 51,
            "inventory_turnover_ratio": 3.27,
            "account_receivable_turnover_ratio": 1.06,
            "reinvestment_rate": 119.48,
            "research_to_sale_ratio": 0.24,
            "price_fair": 50.3,
            "eps_avg_yearly": 1.44,
            "eps_latest_yearly": 0.76,
            "eps_growth_yearly": 235.89
        },
        "20132": {
            "year_quarter": 20132,
            "year": 2013,
            "quarter": 2,
            "eps": 1.19,
            "eps_growth_year": null,
            "eps_4q": 1.78,
            "eps_4q_growth_year": 21.99,
            "roe": 7.18,
            "roe_4q": 14.73,
            "gross_profit": 74286,
            "gross_margin": 15.97,
            "gross_margin_4q_avg": 20.38,
            "net_income": 53810,
            "net_income_4q": null,
            "revenue": 465029,
            "revenue_4q": null,
            "common_shares": 407743,
            "book_valuer_per_share": 14.25,
            "book_valuer_per_share_4q_avg": 13.18,
            "equity": 822446,
            "current_ratio": 162.7,
            "debt_ratio": 42.29,
            "inventory_turnover_ratio": 4.8,
            "account_receivable_turnover_ratio": 1.4,
            "reinvestment_rate": 102.74,
            "research_to_sale_ratio": 0.18,
            "price_fair": 59.3,
            "eps_avg_yearly": 1.69,
            "eps_latest_yearly": 4.76,
            "eps_growth_yearly": 363.05
        },
        "20133": {
            "year_quarter": 20133,
            "year": 2013,
            "quarter": 3,
            "eps": 0.24,
            "eps_growth_year": -12.94,
            "eps_4q": 1.79,
            "eps_4q_growth_year": 30.28,
            "roe": 2.54,
            "roe_4q": 14.02,
            "gross_profit": 83702,
            "gross_margin": 17.4,
            "gross_margin_4q_avg": 17.64,
            "net_income": 20936,
            "net_income_4q": null,
            "revenue": 480976,
            "revenue_4q": null,
            "common_shares": 407743,
            "book_valuer_per_share": 14.41,
            "book_valuer_per_share_4q_avg": 13.64,
            "equity": 828659,
            "current_ratio": 188.49,
            "debt_ratio": 45.6,
            "inventory_turnover_ratio": 5.52,
            "account_receivable_turnover_ratio": 1.42,
            "reinvestment_rate": -27.65,
            "research_to_sale_ratio": 0.21,
            "price_fair": 60.9,
            "eps_avg_yearly": 1.74,
            "eps_latest_yearly": 0.96,
            "eps_growth_yearly": 360.93
        },
        "20134": {
            "year_quarter": 20134,
            "year": 2013,
            "quarter": 4,
            "eps": 0.22,
            "eps_growth_year": -31.74,
            "eps_4q": 1.75,
            "eps_4q_growth_year": 36.4,
            "roe": 2.05,
            "roe_4q": 13.23,
            "gross_profit": 82460,
            "gross_margin": 15.96,
            "gross_margin_4q_avg": 17.65,
            "net_income": 14825,
            "net_income_4q": null,
            "revenue": 516555,
            "revenue_4q": null,
            "common_shares": 407743,
            "book_valuer_per_share": 14.54,
            "book_valuer_per_share_4q_avg": 14.07,
            "equity": 618004,
            "current_ratio": 137.17,
            "debt_ratio": 58.54,
            "inventory_turnover_ratio": 5.53,
            "account_receivable_turnover_ratio": 1.4,
            "reinvestment_rate": -21.3,
            "research_to_sale_ratio": 0.17,
            "price_fair": 59.4,
            "eps_avg_yearly": 1.7,
            "eps_latest_yearly": 0.88,
            "eps_growth_yearly": 254.98
        },
        "20141": {
            "year_quarter": 20141,
            "year": 2014,
            "quarter": 1,
            "eps": 0.19,
            "eps_growth_year": 0,
            "eps_4q": 1.78,
            "eps_4q_growth_year": null,
            "roe": 1.81,
            "roe_4q": 13.58,
            "gross_profit": 77334,
            "gross_margin": 15.72,
            "gross_margin_4q_avg": 16.26,
            "net_income": 11335,
            "net_income_4q": null,
            "revenue": 491985,
            "revenue_4q": null,
            "common_shares": 407743,
            "book_valuer_per_share": 14.93,
            "book_valuer_per_share_4q_avg": 14.53,
            "equity": 637265,
            "current_ratio": 139.99,
            "debt_ratio": 57.99,
            "inventory_turnover_ratio": 4.4,
            "account_receivable_turnover_ratio": 1.21,
            "reinvestment_rate": -106.95,
            "research_to_sale_ratio": 0.41,
            "price_fair": 60.3,
            "eps_avg_yearly": 1.72,
            "eps_latest_yearly": 0.76,
            "eps_growth_yearly": 271.93
        },
        "20142": {
            "year_quarter": 20142,
            "year": 2014,
            "quarter": 2,
            "eps": -0.14,
            "eps_growth_year": -111.76,
            "eps_4q": 0.51,
            "eps_4q_growth_year": -71.22,
            "roe": -0.4,
            "roe_4q": 6,
            "gross_profit": 63096,
            "gross_margin": 12.93,
            "gross_margin_4q_avg": 15.5,
            "net_income": -2385,
            "net_income_4q": null,
            "revenue": 487989,
            "revenue_4q": null,
            "common_shares": 407743,
            "book_valuer_per_share": 13.32,
            "book_valuer_per_share_4q_avg": 14.3,
            "equity": 570263,
            "current_ratio": 119.66,
            "debt_ratio": 64.81,
            "inventory_turnover_ratio": 4.22,
            "account_receivable_turnover_ratio": 1.31,
            "reinvestment_rate": -121.92,
            "research_to_sale_ratio": 0.94,
            "price_fair": 64.18,
            "eps_avg_yearly": 1.83,
            "eps_latest_yearly": 0.76,
            "eps_growth_yearly": 302.08
        },
        "20143": {
            "year_quarter": 20143,
            "year": 2014,
            "quarter": 3,
            "eps": -0.01,
            "eps_growth_year": -104.17,
            "eps_4q": 0.2,
            "eps_4q_growth_year": -88.71,
            "roe": 0.8,
            "roe_4q": 4.26,
            "gross_profit": 74072,
            "gross_margin": 13.38,
            "gross_margin_4q_avg": 14.5,
            "net_income": 5606,
            "net_income_4q": null,
            "revenue": 553502,
            "revenue_4q": null,
            "common_shares": 522743,
            "book_valuer_per_share": 15.18,
            "book_valuer_per_share_4q_avg": 14.49,
            "equity": 826586,
            "current_ratio": 151.07,
            "debt_ratio": 48.68,
            "inventory_turnover_ratio": 4.88,
            "account_receivable_turnover_ratio": 1.52,
            "reinvestment_rate": -84.95,
            "research_to_sale_ratio": 0.2,
            "price_fair": 67.78,
            "eps_avg_yearly": 1.94,
            "eps_latest_yearly": 0.76,
            "eps_growth_yearly": 289.16
        },
        "20144": {
            "year_quarter": 20144,
            "year": 2014,
            "quarter": 4,
            "eps": 0.03,
            "eps_growth_year": -86.88,
            "eps_4q": 0.06,
            "eps_4q_growth_year": -96.42,
            "roe": 0.78,
            "roe_4q": 2.99,
            "gross_profit": 74807,
            "gross_margin": 15.44,
            "gross_margin_4q_avg": 14.37,
            "net_income": 6570,
            "net_income_4q": null,
            "revenue": 484421,
            "revenue_4q": null,
            "common_shares": 522743,
            "book_valuer_per_share": 15.66,
            "book_valuer_per_share_4q_avg": 14.77,
            "equity": 857205,
            "current_ratio": 149.43,
            "debt_ratio": 50.36,
            "inventory_turnover_ratio": 4.13,
            "account_receivable_turnover_ratio": 1.28,
            "reinvestment_rate": -84.56,
            "research_to_sale_ratio": 0.28,
            "price_fair": 71.91,
            "eps_avg_yearly": 2.05,
            "eps_latest_yearly": 0.76,
            "eps_growth_yearly": 313.02
        },
        "20151": {
            "year_quarter": 20151,
            "year": 2015,
            "quarter": 1,
            "eps": 0.59,
            "eps_growth_year": 210.53,
            "eps_4q": 0.5,
            "eps_4q_growth_year": -72.19,
            "roe": 3.52,
            "roe_4q": 4.699999999999999,
            "gross_profit": 90581,
            "gross_margin": 16.45,
            "gross_margin_4q_avg": 14.55,
            "net_income": 31456,
            "net_income_4q": null,
            "revenue": 550626,
            "revenue_4q": null,
            "common_shares": 522743,
            "book_valuer_per_share": 15.96,
            "book_valuer_per_share_4q_avg": 15.03,
            "equity": 927930,
            "current_ratio": 145.83,
            "debt_ratio": 49.97,
            "inventory_turnover_ratio": 3.31,
            "account_receivable_turnover_ratio": 1.44,
            "reinvestment_rate": -39.58,
            "research_to_sale_ratio": 0.47,
            "price_fair": 75.73,
            "eps_avg_yearly": 2.16,
            "eps_latest_yearly": 2.36,
            "eps_growth_yearly": 962.26
        },
        "20152": {
            "year_quarter": 20152,
            "year": 2015,
            "quarter": 2,
            "eps": -0.13,
            "eps_growth_year": null,
            "eps_4q": 0.48,
            "eps_4q_growth_year": -7.08,
            "roe": -0.63,
            "roe_4q": 4.47,
            "gross_profit": 69277,
            "gross_margin": 12.71,
            "gross_margin_4q_avg": 14.5,
            "net_income": -5811,
            "net_income_4q": null,
            "revenue": 545013,
            "revenue_4q": null,
            "common_shares": 522743,
            "book_valuer_per_share": 15.58,
            "book_valuer_per_share_4q_avg": 15.6,
            "equity": 915341,
            "current_ratio": 137.44,
            "debt_ratio": 52,
            "inventory_turnover_ratio": 2.54,
            "account_receivable_turnover_ratio": 1.35,
            "reinvestment_rate": -4.97,
            "research_to_sale_ratio": 0.69,
            "price_fair": 74.06,
            "eps_avg_yearly": 2.12,
            "eps_latest_yearly": 2.36,
            "eps_growth_yearly": 1007.46
        },
        "20153": {
            "year_quarter": 20153,
            "year": 2015,
            "quarter": 3,
            "eps": -0.28,
            "eps_growth_year": null,
            "eps_4q": 0.2,
            "eps_4q_growth_year": -1.71,
            "roe": -1.76,
            "roe_4q": 1.91,
            "gross_profit": 81558,
            "gross_margin": 13.27,
            "gross_margin_4q_avg": 14.47,
            "net_income": -16037,
            "net_income_4q": null,
            "revenue": 614462,
            "revenue_4q": null,
            "common_shares": 522743,
            "book_valuer_per_share": 15.49,
            "book_valuer_per_share_4q_avg": 15.67,
            "equity": 905838,
            "current_ratio": 140.53,
            "debt_ratio": 54.21,
            "inventory_turnover_ratio": 2.71,
            "account_receivable_turnover_ratio": 1.38,
            "reinvestment_rate": -14.41,
            "research_to_sale_ratio": 0.71,
            "price_fair": 76.69,
            "eps_avg_yearly": 2.19,
            "eps_latest_yearly": 2.36,
            "eps_growth_yearly": 1139.6
        },
        "20154": {
            "year_quarter": 20154,
            "year": 2015,
            "quarter": 4,
            "eps": 0.04,
            "eps_growth_year": 43.55,
            "eps_4q": 0.21,
            "eps_4q_growth_year": 238.28,
            "roe": -0.56,
            "roe_4q": 0.5699999999999998,
            "gross_profit": 92821,
            "gross_margin": 16.15,
            "gross_margin_4q_avg": 14.65,
            "net_income": -4972,
            "net_income_4q": null,
            "revenue": 574744,
            "revenue_4q": null,
            "common_shares": 518543,
            "book_valuer_per_share": 15.25,
            "book_valuer_per_share_4q_avg": 15.57,
            "equity": 884095,
            "current_ratio": 137.33,
            "debt_ratio": 55.74,
            "inventory_turnover_ratio": 2.43,
            "account_receivable_turnover_ratio": 1.2,
            "reinvestment_rate": -37.97,
            "research_to_sale_ratio": 0.62,
            "price_fair": 79.1,
            "eps_avg_yearly": 2.26,
            "eps_latest_yearly": 2.36,
            "eps_growth_yearly": 1275.1
        },
        "20161": {
            "year_quarter": 20161,
            "year": 2016,
            "quarter": 1,
            "eps": -0.21,
            "eps_growth_year": -135.59,
            "eps_4q": -0.59,
            "eps_4q_growth_year": -218.8,
            "roe": -1.98,
            "roe_4q": -4.93,
            "gross_profit": 76081,
            "gross_margin": 14.2,
            "gross_margin_4q_avg": 14.08,
            "net_income": -17343,
            "net_income_4q": null,
            "revenue": 535672,
            "revenue_4q": null,
            "common_shares": 518543,
            "book_valuer_per_share": 14.78,
            "book_valuer_per_share_4q_avg": 15.28,
            "equity": 866556,
            "current_ratio": 138.15,
            "debt_ratio": 56.05,
            "inventory_turnover_ratio": 2.25,
            "account_receivable_turnover_ratio": 1.26,
            "reinvestment_rate": 152.86,
            "research_to_sale_ratio": 1.07,
            "price_fair": 58.8,
            "eps_avg_yearly": 1.68,
            "eps_latest_yearly": 2.36,
            "eps_growth_yearly": 1294.2
        },
        "20162": {
            "year_quarter": 20162,
            "year": 2016,
            "quarter": 2,
            "eps": 0.22,
            "eps_growth_year": null,
            "eps_4q": -0.23,
            "eps_4q_growth_year": -148.87,
            "roe": 1.5,
            "roe_4q": -2.8,
            "gross_profit": 68870,
            "gross_margin": 12.45,
            "gross_margin_4q_avg": 14.02,
            "net_income": 12829,
            "net_income_4q": null,
            "revenue": 552988,
            "revenue_4q": null,
            "common_shares": 518543,
            "book_valuer_per_share": 14.58,
            "book_valuer_per_share_4q_avg": 15.03,
            "equity": 848622,
            "current_ratio": 132.77,
            "debt_ratio": 55.15,
            "inventory_turnover_ratio": 2.54,
            "account_receivable_turnover_ratio": 1.44,
            "reinvestment_rate": 112.6,
            "research_to_sale_ratio": 1.01,
            "price_fair": 58.8,
            "eps_avg_yearly": 1.68,
            "eps_latest_yearly": 2.36,
            "eps_growth_yearly": 1294.2
        },
        "20163": {
            "year_quarter": 20163,
            "year": 2016,
            "quarter": 3,
            "eps": -0.1,
            "eps_growth_year": null,
            "eps_4q": -0.05,
            "eps_4q_growth_year": -124.36,
            "roe": -1.03,
            "roe_4q": -2.0700000000000003,
            "gross_profit": 82739,
            "gross_margin": 14.93,
            "gross_margin_4q_avg": 14.43,
            "net_income": -8598,
            "net_income_4q": null,
            "revenue": 554337,
            "revenue_4q": null,
            "common_shares": 518543,
            "book_valuer_per_share": 14.12,
            "book_valuer_per_share_4q_avg": 14.68,
            "equity": 821349,
            "current_ratio": 130.71,
            "debt_ratio": 55.59,
            "inventory_turnover_ratio": 2.63,
            "account_receivable_turnover_ratio": 1.44,
            "reinvestment_rate": -34.78,
            "research_to_sale_ratio": 0.95,
            "price_fair": 58.8,
            "eps_avg_yearly": 1.68,
            "eps_latest_yearly": 2.36,
            "eps_growth_yearly": 1294.2
        },
        "20164": {
            "year_quarter": 20164,
            "year": 2016,
            "quarter": 4,
            "eps": 0.21,
            "eps_growth_year": 412.53,
            "eps_4q": 0.12,
            "eps_4q_growth_year": -43.8,
            "roe": 1.77,
            "roe_4q": 0.26000000000000023,
            "gross_profit": 106257,
            "gross_margin": 19.21,
            "gross_margin_4q_avg": 15.2,
            "net_income": 14644,
            "net_income_4q": null,
            "revenue": 553276,
            "revenue_4q": null,
            "common_shares": 518543,
            "book_valuer_per_share": 14.21,
            "book_valuer_per_share_4q_avg": 14.42,
            "equity": 829759,
            "current_ratio": 122.33,
            "debt_ratio": 58.06,
            "inventory_turnover_ratio": 2.4,
            "account_receivable_turnover_ratio": 1.39,
            "reinvestment_rate": -149.64,
            "research_to_sale_ratio": 0.92,
            "price_fair": 61.13,
            "eps_avg_yearly": 1.75,
            "eps_latest_yearly": 2.36,
            "eps_growth_yearly": 1500.37
        },
        "20171": {
            "year_quarter": 20171,
            "year": 2017,
            "quarter": 1,
            "eps": 0.06,
            "eps_growth_year": null,
            "eps_4q": 0.39,
            "eps_4q_growth_year": null,
            "roe": 0.22,
            "roe_4q": 2.46,
            "gross_profit": 97516,
            "gross_margin": 17.68,
            "gross_margin_4q_avg": 16.07,
            "net_income": 1785,
            "net_income_4q": null,
            "revenue": 551636,
            "revenue_4q": null,
            "common_shares": 518543,
            "book_valuer_per_share": 13.35,
            "book_valuer_per_share_4q_avg": 14.07,
            "equity": 827254,
            "current_ratio": 112.44,
            "debt_ratio": 61.98,
            "inventory_turnover_ratio": 2.23,
            "account_receivable_turnover_ratio": 1.23,
            "reinvestment_rate": 344.51,
            "research_to_sale_ratio": 0.86,
            "price_fair": 58.1,
            "eps_avg_yearly": 1.66,
            "eps_latest_yearly": 0.24,
            "eps_growth_yearly": 1479.83
        },
        "20172": {
            "year_quarter": 20172,
            "year": 2017,
            "quarter": 2,
            "eps": 0.44,
            "eps_growth_year": 100,
            "eps_4q": 0.61,
            "eps_4q_growth_year": null,
            "roe": 3.41,
            "roe_4q": 4.37,
            "gross_profit": 224007,
            "gross_margin": 20.39,
            "gross_margin_4q_avg": 18.05,
            "net_income": 33007,
            "net_income_4q": null,
            "revenue": 1098549,
            "revenue_4q": null,
            "common_shares": 518543,
            "book_valuer_per_share": 13.79,
            "book_valuer_per_share_4q_avg": 13.87,
            "equity": 1106349,
            "current_ratio": 110.19,
            "debt_ratio": 65.16,
            "inventory_turnover_ratio": 2.75,
            "account_receivable_turnover_ratio": 1.73,
            "reinvestment_rate": 717.84,
            "research_to_sale_ratio": 0.49,
            "price_fair": 40.6,
            "eps_avg_yearly": 1.16,
            "eps_latest_yearly": 1.76,
            "eps_growth_yearly": 1551.18
        },
        "20173": {
            "year_quarter": 20173,
            "year": 2017,
            "quarter": 3,
            "eps": 0.41,
            "eps_growth_year": null,
            "eps_4q": 1.12,
            "eps_4q_growth_year": null,
            "roe": 2.79,
            "roe_4q": 8.19,
            "gross_profit": 218479,
            "gross_margin": 19.08,
            "gross_margin_4q_avg": 19.09,
            "net_income": 31205,
            "net_income_4q": null,
            "revenue": 1145260,
            "revenue_4q": null,
            "common_shares": 518543,
            "book_valuer_per_share": 14.41,
            "book_valuer_per_share_4q_avg": 13.94,
            "equity": 1127413,
            "current_ratio": 112.71,
            "debt_ratio": 64.39,
            "inventory_turnover_ratio": 2.18,
            "account_receivable_turnover_ratio": 1.45,
            "reinvestment_rate": 693.41,
            "research_to_sale_ratio": 0.78,
            "price_fair": 44.57,
            "eps_avg_yearly": 1.27,
            "eps_latest_yearly": 1.64,
            "eps_growth_yearly": 1599.86
        },
        "20174": {
            "year_quarter": 20174,
            "year": 2017,
            "quarter": 4,
            "eps": 0.02,
            "eps_growth_year": -88.67,
            "eps_4q": 0.93,
            "eps_4q_growth_year": 682.85,
            "roe": -0.17,
            "roe_4q": 6.25,
            "gross_profit": 284599,
            "gross_margin": 18.34,
            "gross_margin_4q_avg": 18.87,
            "net_income": -1892,
            "net_income_4q": null,
            "revenue": 1551614,
            "revenue_4q": null,
            "common_shares": 518543,
            "book_valuer_per_share": 14.4,
            "book_valuer_per_share_4q_avg": 13.99,
            "equity": 1134797,
            "current_ratio": 112.75,
            "debt_ratio": 64.7,
            "inventory_turnover_ratio": 3.03,
            "account_receivable_turnover_ratio": 1.92,
            "reinvestment_rate": 914.25,
            "research_to_sale_ratio": 0.36,
            "price_fair": 39.9,
            "eps_avg_yearly": 1.14,
            "eps_latest_yearly": 0.08,
            "eps_growth_yearly": 1542
        },
        "20181": {
            "year_quarter": 20181,
            "year": 2018,
            "quarter": 1,
            "eps": 0.04,
            "eps_growth_year": -33.33,
            "eps_4q": 0.91,
            "eps_4q_growth_year": 133.99,
            "roe": 0.48,
            "roe_4q": 6.51,
            "gross_profit": 211314,
            "gross_margin": 20.35,
            "gross_margin_4q_avg": 19.54,
            "net_income": 5500,
            "net_income_4q": null,
            "revenue": 1038370,
            "revenue_4q": null,
            "common_shares": 518543,
            "book_valuer_per_share": 14.53,
            "book_valuer_per_share_4q_avg": 14.28,
            "equity": 1145085,
            "current_ratio": 109.12,
            "debt_ratio": 65.12,
            "inventory_turnover_ratio": 1.85,
            "account_receivable_turnover_ratio": 1.34,
            "reinvestment_rate": 903.14,
            "research_to_sale_ratio": 0.57,
            "price_fair": 36.4,
            "eps_avg_yearly": 1.04,
            "eps_latest_yearly": 0.16,
            "eps_growth_yearly": 1617.75
        },
        "20182": {
            "year_quarter": 20182,
            "year": 2018,
            "quarter": 2,
            "eps": 0.44,
            "eps_growth_year": 0,
            "eps_4q": 0.91,
            "eps_4q_growth_year": 49.21,
            "roe": 3.36,
            "roe_4q": 6.46,
            "gross_profit": 231520,
            "gross_margin": 18.69,
            "gross_margin_4q_avg": 19.12,
            "net_income": 37898,
            "net_income_4q": null,
            "revenue": 1238642,
            "revenue_4q": null,
            "common_shares": 518543,
            "book_valuer_per_share": 14.52,
            "book_valuer_per_share_4q_avg": 14.47,
            "equity": 1111526,
            "current_ratio": 107.78,
            "debt_ratio": 67.71,
            "inventory_turnover_ratio": 2.12,
            "account_receivable_turnover_ratio": 1.51,
            "reinvestment_rate": 704.01,
            "research_to_sale_ratio": 0.49,
            "price_fair": 40,
            "eps_avg_yearly": 1.14,
            "eps_latest_yearly": 1.76,
            "eps_growth_yearly": 1958.08
        },
        "20183": {
            "year_quarter": 20183,
            "year": 2018,
            "quarter": 3,
            "eps": 0.26,
            "eps_growth_year": -36.59,
            "eps_4q": 0.77,
            "eps_4q_growth_year": -31.43,
            "roe": 2.07,
            "roe_4q": 5.74,
            "gross_profit": 259277,
            "gross_margin": 18.42,
            "gross_margin_4q_avg": 18.95,
            "net_income": 22993,
            "net_income_4q": null,
            "revenue": 1407684,
            "revenue_4q": null,
            "common_shares": 518543,
            "book_valuer_per_share": 14.39,
            "book_valuer_per_share_4q_avg": 14.46,
            "equity": 1114530,
            "current_ratio": 109.25,
            "debt_ratio": 68.65,
            "inventory_turnover_ratio": 2.38,
            "account_receivable_turnover_ratio": 1.49,
            "reinvestment_rate": 480.45,
            "research_to_sale_ratio": 0.57,
            "price_fair": 39.55,
            "eps_avg_yearly": 1.13,
            "eps_latest_yearly": 1.04,
            "eps_growth_yearly": 1692.86
        },
        "20184": {
            "year_quarter": 20184,
            "year": 2018,
            "quarter": 4,
            "eps": 0.36,
            "eps_growth_year": 1429.13,
            "eps_4q": 1.1,
            "eps_4q_growth_year": 18.31,
            "roe": 3.26,
            "roe_4q": 9.17,
            "gross_profit": 288098,
            "gross_margin": 18.28,
            "gross_margin_4q_avg": 18.94,
            "net_income": 36954,
            "net_income_4q": null,
            "revenue": 1575804,
            "revenue_4q": null,
            "common_shares": 518543,
            "book_valuer_per_share": 14.78,
            "book_valuer_per_share_4q_avg": 14.56,
            "equity": 1152053,
            "current_ratio": 111.92,
            "debt_ratio": 68.91,
            "inventory_turnover_ratio": 2.61,
            "account_receivable_turnover_ratio": 1.6,
            "reinvestment_rate": 401.97,
            "research_to_sale_ratio": 0.27,
            "price_fair": 40.76,
            "eps_avg_yearly": 1.16,
            "eps_latest_yearly": 1.44,
            "eps_growth_yearly": 1521.86
        },
        "20191": {
            "year_quarter": 20191,
            "year": 2019,
            "quarter": 1,
            "eps": 0.5,
            "eps_growth_year": 1150,
            "eps_4q": 1.56,
            "eps_4q_growth_year": 70.08,
            "roe": 3.49,
            "roe_4q": 12.18,
            "gross_profit": 242504,
            "gross_margin": 17.87,
            "gross_margin_4q_avg": 18.32,
            "net_income": 41320,
            "net_income_4q": null,
            "revenue": 1357334,
            "revenue_4q": null,
            "common_shares": 518543,
            "book_valuer_per_share": 15.68,
            "book_valuer_per_share_4q_avg": 14.84,
            "equity": 1213953,
            "current_ratio": 114.7,
            "debt_ratio": 68.13,
            "inventory_turnover_ratio": 2.24,
            "account_receivable_turnover_ratio": 1.43,
            "reinvestment_rate": 332.57,
            "research_to_sale_ratio": 0.21,
            "price_fair": 39.36,
            "eps_avg_yearly": 1.12,
            "eps_latest_yearly": 2,
            "eps_growth_yearly": 709.51
        },
        "20192": {
            "year_quarter": 20192,
            "year": 2019,
            "quarter": 2,
            "eps": 0.33,
            "eps_growth_year": -25,
            "eps_4q": 1.45,
            "eps_4q_growth_year": 59.95,
            "roe": 2.78,
            "roe_4q": 11.6,
            "gross_profit": 234805,
            "gross_margin": 18.26,
            "gross_margin_4q_avg": 18.21,
            "net_income": 33147,
            "net_income_4q": null,
            "revenue": 1285946,
            "revenue_4q": null,
            "common_shares": 518543,
            "book_valuer_per_share": 15.18,
            "book_valuer_per_share_4q_avg": 15.01,
            "equity": 1166941,
            "current_ratio": 110.73,
            "debt_ratio": 69.4,
            "inventory_turnover_ratio": 2.13,
            "account_receivable_turnover_ratio": 1.43,
            "reinvestment_rate": 238.42,
            "research_to_sale_ratio": 0.29,
            "price_fair": 40.04,
            "eps_avg_yearly": 1.14,
            "eps_latest_yearly": 1.32,
            "eps_growth_yearly": 624.96
        },
        "20193": {
            "year_quarter": 20193,
            "year": 2019,
            "quarter": 3,
            "eps": 0.38,
            "eps_growth_year": 46.15,
            "eps_4q": 1.57,
            "eps_4q_growth_year": 104.98,
            "roe": 2.16,
            "roe_4q": 11.69,
            "gross_profit": 234273,
            "gross_margin": 21.25,
            "gross_margin_4q_avg": 18.92,
            "net_income": 25378,
            "net_income_4q": null,
            "revenue": 1102697,
            "revenue_4q": null,
            "common_shares": 518543,
            "book_valuer_per_share": 15.11,
            "book_valuer_per_share_4q_avg": 15.19,
            "equity": 1179316,
            "current_ratio": 111.97,
            "debt_ratio": 69.37,
            "inventory_turnover_ratio": 1.82,
            "account_receivable_turnover_ratio": 1.27,
            "reinvestment_rate": 183.8,
            "research_to_sale_ratio": 0.29,
            "price_fair": 41.24,
            "eps_avg_yearly": 1.18,
            "eps_latest_yearly": 1.52,
            "eps_growth_yearly": 573.66
        },
        "20194": {
            "year_quarter": 20194,
            "year": 2019,
            "quarter": 4,
            "eps": 0.14,
            "eps_growth_year": -60.31,
            "eps_4q": 1.35,
            "eps_4q_growth_year": 22.59,
            "roe": 1.18,
            "roe_4q": 9.61,
            "gross_profit": 254170,
            "gross_margin": 22.94,
            "gross_margin_4q_avg": 20.08,
            "net_income": 13870,
            "net_income_4q": null,
            "revenue": 1108024,
            "revenue_4q": null,
            "common_shares": 518543,
            "book_valuer_per_share": 14.88,
            "book_valuer_per_share_4q_avg": 15.21,
            "equity": 1180414,
            "current_ratio": 113.94,
            "debt_ratio": 68.61,
            "inventory_turnover_ratio": 1.84,
            "account_receivable_turnover_ratio": 1.32,
            "reinvestment_rate": 186.13,
            "research_to_sale_ratio": 0.34,
            "price_fair": 39.43,
            "eps_avg_yearly": 1.13,
            "eps_latest_yearly": 0.56,
            "eps_growth_yearly": 504.8
        },
        "20201": {
            "year_quarter": 20201,
            "year": 2020,
            "quarter": 1,
            "eps": 0,
            "eps_growth_year": -100,
            "eps_4q": 0.86,
            "eps_4q_growth_year": -44.94,
            "roe": 0.8,
            "roe_4q": 6.92,
            "gross_profit": 191806,
            "gross_margin": 22.75,
            "gross_margin_4q_avg": 21.3,
            "net_income": 9472,
            "net_income_4q": null,
            "revenue": 843150,
            "revenue_4q": null,
            "common_shares": 518543,
            "book_valuer_per_share": 14.69,
            "book_valuer_per_share_4q_avg": 14.97,
            "equity": 1180159,
            "current_ratio": 114.54,
            "debt_ratio": 67.03,
            "inventory_turnover_ratio": 1.35,
            "account_receivable_turnover_ratio": 1.07,
            "reinvestment_rate": 182.06,
            "research_to_sale_ratio": 0.32,
            "price_fair": 39.43,
            "eps_avg_yearly": 1.13,
            "eps_latest_yearly": 0.56,
            "eps_growth_yearly": 504.8
        },
        "20202": {
            "year_quarter": 20202,
            "year": 2020,
            "quarter": 2,
            "eps": 0.16,
            "eps_growth_year": -51.52,
            "eps_4q": 0.69,
            "eps_4q_growth_year": -52.81,
            "roe": 1.41,
            "roe_4q": 5.55,
            "gross_profit": 198212,
            "gross_margin": 21.11,
            "gross_margin_4q_avg": 22.01,
            "net_income": 16104,
            "net_income_4q": null,
            "revenue": 939154,
            "revenue_4q": null,
            "common_shares": 518543,
            "book_valuer_per_share": 14.26,
            "book_valuer_per_share_4q_avg": 14.74,
            "equity": 1111153,
            "current_ratio": 109.4,
            "debt_ratio": 69.29,
            "inventory_turnover_ratio": 1.43,
            "account_receivable_turnover_ratio": 1.27,
            "reinvestment_rate": 184.56,
            "research_to_sale_ratio": 0.3,
            "price_fair": 39.43,
            "eps_avg_yearly": 1.13,
            "eps_latest_yearly": 0.56,
            "eps_growth_yearly": 504.8
        },
        "20203": {
            "year_quarter": 20203,
            "year": 2020,
            "quarter": 3,
            "eps": 0.09,
            "eps_growth_year": -76.32,
            "eps_4q": 0.39,
            "eps_4q_growth_year": -75.19,
            "roe": 1.3,
            "roe_4q": 4.6899999999999995,
            "gross_profit": 201847,
            "gross_margin": 20.16,
            "gross_margin_4q_avg": 21.74,
            "net_income": 14652,
            "net_income_4q": null,
            "revenue": 1001430,
            "revenue_4q": null,
            "common_shares": 518543,
            "book_valuer_per_share": 14.55,
            "book_valuer_per_share_4q_avg": 14.6,
            "equity": 1141213,
            "current_ratio": 113.24,
            "debt_ratio": 69.25,
            "inventory_turnover_ratio": 1.54,
            "account_receivable_turnover_ratio": 1.28,
            "reinvestment_rate": 199.03,
            "research_to_sale_ratio": 0.22,
            "price_fair": 37.37,
            "eps_avg_yearly": 1.07,
            "eps_latest_yearly": 0.36,
            "eps_growth_yearly": 452.51
        },
        "20204": {
            "year_quarter": 20204,
            "year": 2020,
            "quarter": 4,
            "eps": 0.03,
            "eps_growth_year": -76.04,
            "eps_4q": 0.28,
            "eps_4q_growth_year": -79.25,
            "roe": 0.56,
            "roe_4q": 4.07,
            "gross_profit": 225713,
            "gross_margin": 20.86,
            "gross_margin_4q_avg": 21.22,
            "net_income": 6373,
            "net_income_4q": null,
            "revenue": 1081955,
            "revenue_4q": null,
            "common_shares": 518543,
            "book_valuer_per_share": 14.67,
            "book_valuer_per_share_4q_avg": 14.54,
            "equity": 1150238,
            "current_ratio": 112.02,
            "debt_ratio": 69.3,
            "inventory_turnover_ratio": 1.72,
            "account_receivable_turnover_ratio": 1.33,
            "reinvestment_rate": 224.71,
            "research_to_sale_ratio": 0.22,
            "price_fair": 35,
            "eps_avg_yearly": 1,
            "eps_latest_yearly": 0.12,
            "eps_growth_yearly": 401.14
        },
        "20211": {
            "year_quarter": 20211,
            "year": 2021,
            "quarter": 1,
            "eps": 0.4,
            "eps_growth_year": null,
            "eps_4q": 0.68,
            "eps_4q_growth_year": -20.4,
            "roe": 3.05,
            "roe_4q": 6.32,
            "gross_profit": 203243,
            "gross_margin": 21.63,
            "gross_margin_4q_avg": 20.94,
            "net_income": 35635,
            "net_income_4q": null,
            "revenue": 939503,
            "revenue_4q": null,
            "common_shares": 518543,
            "book_valuer_per_share": 15.03,
            "book_valuer_per_share_4q_avg": 14.63,
            "equity": 1184019,
            "current_ratio": 112.49,
            "debt_ratio": 68.24,
            "inventory_turnover_ratio": 1.55,
            "account_receivable_turnover_ratio": 1.2,
            "reinvestment_rate": 126.67,
            "research_to_sale_ratio": 0.27,
            "price_fair": 38.4,
            "eps_avg_yearly": 1.1,
            "eps_latest_yearly": 1.6,
            "eps_growth_yearly": 773.93
        },
        "20212": {
            "year_quarter": 20212,
            "year": 2021,
            "quarter": 2,
            "eps": 0.13,
            "eps_growth_year": -18.75,
            "eps_4q": 0.66,
            "eps_4q_growth_year": -4.05,
            "roe": 0.22,
            "roe_4q": 5.13,
            "gross_profit": 96601,
            "gross_margin": 16.56,
            "gross_margin_4q_avg": 19.8,
            "net_income": 2394,
            "net_income_4q": null,
            "revenue": 583506,
            "revenue_4q": null,
            "common_shares": 518543,
            "book_valuer_per_share": 15.39,
            "book_valuer_per_share_4q_avg": 14.91,
            "equity": 1036300,
            "current_ratio": 156.01,
            "debt_ratio": 58.15,
            "inventory_turnover_ratio": 1.27,
            "account_receivable_turnover_ratio": 0.92,
            "reinvestment_rate": -255.16,
            "research_to_sale_ratio": 1.16,
            "price_fair": 35.3,
            "eps_avg_yearly": 1.01,
            "eps_latest_yearly": 0.52,
            "eps_growth_yearly": 573.69
        },
        "20213": {
            "year_quarter": 20213,
            "year": 2021,
            "quarter": 3,
            "eps": 0.04,
            "eps_growth_year": -55.56,
            "eps_4q": 0.61,
            "eps_4q_growth_year": 57.15,
            "roe": 0.98,
            "roe_4q": 4.8100000000000005,
            "gross_profit": 102619,
            "gross_margin": 14.85,
            "gross_margin_4q_avg": 18.48,
            "net_income": 10176,
            "net_income_4q": null,
            "revenue": 691096,
            "revenue_4q": null,
            "common_shares": 518543,
            "book_valuer_per_share": 15.17,
            "book_valuer_per_share_4q_avg": 15.07,
            "equity": 1032668,
            "current_ratio": 154.81,
            "debt_ratio": 57.87,
            "inventory_turnover_ratio": 1.93,
            "account_receivable_turnover_ratio": 1.37,
            "reinvestment_rate": -272.75,
            "research_to_sale_ratio": 0.98,
            "price_fair": 31.6,
            "eps_avg_yearly": 0.9,
            "eps_latest_yearly": 0.16,
            "eps_growth_yearly": 555.86
        },
        "20214": {
            "year_quarter": 20214,
            "year": 2021,
            "quarter": 4,
            "eps": 0.53,
            "eps_growth_year": 1455.64,
            "eps_4q": 1.11,
            "eps_4q_growth_year": 296.09,
            "roe": 4.08,
            "roe_4q": 8.33,
            "gross_profit": 132773,
            "gross_margin": 17.23,
            "gross_margin_4q_avg": 17.57,
            "net_income": 43113,
            "net_income_4q": null,
            "revenue": 770559,
            "revenue_4q": null,
            "common_shares": 518543,
            "book_valuer_per_share": 15.83,
            "book_valuer_per_share_4q_avg": 15.36,
            "equity": 1082693,
            "current_ratio": 154.77,
            "debt_ratio": 57.35,
            "inventory_turnover_ratio": 2.05,
            "account_receivable_turnover_ratio": 1.52,
            "reinvestment_rate": -233.1,
            "research_to_sale_ratio": 0.77,
            "price_fair": 36.7,
            "eps_avg_yearly": 1.05,
            "eps_latest_yearly": 2.12,
            "eps_growth_yearly": 933.03
        },
        "20221": {
            "year_quarter": 20221,
            "year": 2022,
            "quarter": 1,
            "eps": 0.03,
            "eps_growth_year": -92.5,
            "eps_4q": 0.74,
            "eps_4q_growth_year": 8.21,
            "roe": 1.19,
            "roe_4q": 6.47,
            "gross_profit": 104376,
            "gross_margin": 16.26,
            "gross_margin_4q_avg": 16.23,
            "net_income": 13055,
            "net_income_4q": null,
            "revenue": 642000,
            "revenue_4q": null,
            "common_shares": 518543,
            "book_valuer_per_share": 16.22,
            "book_valuer_per_share_4q_avg": 15.65,
            "equity": 1113853,
            "current_ratio": 154.36,
            "debt_ratio": 56.82,
            "inventory_turnover_ratio": 1.69,
            "account_receivable_turnover_ratio": 1.24,
            "reinvestment_rate": -202.82,
            "research_to_sale_ratio": 1.13,
            "price_fair": 36.6,
            "eps_avg_yearly": 1.05,
            "eps_latest_yearly": 0.12,
            "eps_growth_yearly": 877.51
        },
        "20222": {
            "year_quarter": 20222,
            "year": 2022,
            "quarter": 2,
            "eps": 0.31,
            "eps_growth_year": 138.46,
            "eps_4q": 0.91,
            "eps_4q_growth_year": 38.03,
            "roe": 2,
            "roe_4q": 8.25,
            "gross_profit": 123726,
            "gross_margin": 18.47,
            "gross_margin_4q_avg": 16.7,
            "net_income": 21917,
            "net_income_4q": null,
            "revenue": 669731,
            "revenue_4q": null,
            "common_shares": 518543,
            "book_valuer_per_share": 15.28,
            "book_valuer_per_share_4q_avg": 15.63,
            "equity": 1077441,
            "current_ratio": 140.74,
            "debt_ratio": 60.08,
            "inventory_turnover_ratio": 1.69,
            "account_receivable_turnover_ratio": 1.3,
            "reinvestment_rate": -260.93,
            "research_to_sale_ratio": 1.53,
            "price_fair": 35.3,
            "eps_avg_yearly": 1.01,
            "eps_latest_yearly": 1.24,
            "eps_growth_yearly": 858.46
        },
        "20223": {
            "year_quarter": 20223,
            "year": 2022,
            "quarter": 3,
            "eps": 0.4,
            "eps_growth_year": 900,
            "eps_4q": 1.27,
            "eps_4q_growth_year": 107.1,
            "roe": 2.74,
            "roe_4q": 10.01,
            "gross_profit": 128823,
            "gross_margin": 19.09,
            "gross_margin_4q_avg": 17.76,
            "net_income": 29884,
            "net_income_4q": null,
            "revenue": 674788,
            "revenue_4q": null,
            "common_shares": 518543,
            "book_valuer_per_share": 15.62,
            "book_valuer_per_share_4q_avg": 15.74,
            "equity": 1101595,
            "current_ratio": 147.88,
            "debt_ratio": 57.79,
            "inventory_turnover_ratio": 1.68,
            "account_receivable_turnover_ratio": 1.33,
            "reinvestment_rate": -226.36,
            "research_to_sale_ratio": 0.96,
            "price_fair": 36.7,
            "eps_avg_yearly": 1.05,
            "eps_latest_yearly": 1.6,
            "eps_growth_yearly": 878.44
        },
        "20224": {
            "year_quarter": 20224,
            "year": 2022,
            "quarter": 4,
            "eps": -0.06,
            "eps_growth_year": -112.18,
            "eps_4q": 0.67,
            "eps_4q_growth_year": -39.81,
            "roe": -0.1,
            "roe_4q": 5.83,
            "gross_profit": 106818,
            "gross_margin": 18.86,
            "gross_margin_4q_avg": 18.17,
            "net_income": -1130,
            "net_income_4q": null,
            "revenue": 566433,
            "revenue_4q": null,
            "common_shares": 518543,
            "book_valuer_per_share": 15.13,
            "book_valuer_per_share_4q_avg": 15.56,
            "equity": 1101590,
            "current_ratio": 141.66,
            "debt_ratio": 56.81,
            "inventory_turnover_ratio": 1.46,
            "account_receivable_turnover_ratio": 1.3,
            "reinvestment_rate": -225.48,
            "research_to_sale_ratio": 0.95,
            "price_fair": 35.65,
            "eps_avg_yearly": 1.02,
            "eps_latest_yearly": 1.6,
            "eps_growth_yearly": 934.18
        },
        "20231": {
            "year_quarter": 20231,
            "year": 2023,
            "quarter": 1,
            "eps": -0.35,
            "eps_growth_year": -1266.67,
            "eps_4q": 0.29,
            "eps_4q_growth_year": -61.25,
            "roe": -1.29,
            "roe_4q": 3.35,
            "gross_profit": 80200,
            "gross_margin": 15.98,
            "gross_margin_4q_avg": 18.1,
            "net_income": -14250,
            "net_income_4q": null,
            "revenue": 501904,
            "revenue_4q": null,
            "common_shares": 518543,
            "book_valuer_per_share": 14.98,
            "book_valuer_per_share_4q_avg": 15.25,
            "equity": 1100799,
            "current_ratio": 139.95,
            "debt_ratio": 56.49,
            "inventory_turnover_ratio": 1.41,
            "account_receivable_turnover_ratio": 1.34,
            "reinvestment_rate": -280.15,
            "research_to_sale_ratio": 1.17,
            "price_fair": 32.78,
            "eps_avg_yearly": 0.94,
            "eps_latest_yearly": 1.6,
            "eps_growth_yearly": 999.07
        },
        "20232": {
            "year_quarter": 20232,
            "year": 2023,
            "quarter": 2,
            "eps": 0.01,
            "eps_growth_year": -96.77,
            "eps_4q": -0.01,
            "eps_4q_growth_year": -101.37,
            "roe": 0.47,
            "roe_4q": 1.8200000000000003,
            "gross_profit": 83275,
            "gross_margin": 16.19,
            "gross_margin_4q_avg": 17.53,
            "net_income": 4933,
            "net_income_4q": null,
            "revenue": 514498,
            "revenue_4q": null,
            "common_shares": 518543,
            "book_valuer_per_share": 13.89,
            "book_valuer_per_share_4q_avg": 14.91,
            "equity": 1019206,
            "current_ratio": 131.88,
            "debt_ratio": 58.87,
            "inventory_turnover_ratio": 1.46,
            "account_receivable_turnover_ratio": 1.36,
            "reinvestment_rate": -332.61,
            "research_to_sale_ratio": 1.17,
            "price_fair": 31.56,
            "eps_avg_yearly": 0.9,
            "eps_latest_yearly": 1.6,
            "eps_growth_yearly": 1102.26
        }
    },
    "months": {
        "2003-09": {
            "month": "2003-09",
            "price": "25.50",
            "revenue": 59152
        },
        "2003-10": {
            "month": "2003-10",
            "price": "27.54",
            "revenue": 55407
        },
        "2003-11": {
            "month": "2003-11",
            "price": "27.58",
            "revenue": 60462
        },
        "2003-12": {
            "month": "2003-12",
            "price": "25.47",
            "revenue": 62866
        },
        "2004-01": {
            "month": "2004-01",
            "price": "24.82",
            "revenue": 40853
        },
        "2004-02": {
            "month": "2004-02",
            "price": "26.63",
            "revenue": 53786
        },
        "2004-03": {
            "month": "2004-03",
            "price": "28.64",
            "revenue": 59654
        },
        "2004-04": {
            "month": "2004-04",
            "price": "33.69",
            "revenue": 49380
        },
        "2004-05": {
            "month": "2004-05",
            "price": "26.58",
            "revenue": 47852
        },
        "2004-06": {
            "month": "2004-06",
            "price": "24.75",
            "revenue": 49096
        },
        "2004-07": {
            "month": "2004-07",
            "price": "23.88",
            "revenue": 50326
        },
        "2004-08": {
            "month": "2004-08",
            "price": "20.00",
            "revenue": 60227
        },
        "2004-09": {
            "month": "2004-09",
            "price": "18.59",
            "revenue": 58764
        },
        "2004-10": {
            "month": "2004-10",
            "price": "19.82",
            "revenue": 68163
        },
        "2004-11": {
            "month": "2004-11",
            "price": "18.52",
            "revenue": 77907
        },
        "2004-12": {
            "month": "2004-12",
            "price": "17.00",
            "revenue": 73970
        },
        "2005-01": {
            "month": "2005-01",
            "price": "16.44",
            "revenue": 51884
        },
        "2005-02": {
            "month": "2005-02",
            "price": "17.35",
            "revenue": 31792
        },
        "2005-03": {
            "month": "2005-03",
            "price": "18.63",
            "revenue": 54171
        },
        "2005-04": {
            "month": "2005-04",
            "price": "15.97",
            "revenue": 41290
        },
        "2005-05": {
            "month": "2005-05",
            "price": "10.57",
            "revenue": 40594
        },
        "2005-06": {
            "month": "2005-06",
            "price": "11.52",
            "revenue": 48467
        },
        "2005-07": {
            "month": "2005-07",
            "price": "10.85",
            "revenue": 48589
        },
        "2005-08": {
            "month": "2005-08",
            "price": "11.15",
            "revenue": 45554
        },
        "2005-09": {
            "month": "2005-09",
            "price": "12.17",
            "revenue": 54389
        },
        "2005-10": {
            "month": "2005-10",
            "price": "8.83",
            "revenue": 57750
        },
        "2005-11": {
            "month": "2005-11",
            "price": "5.14",
            "revenue": 57123
        },
        "2005-12": {
            "month": "2005-12",
            "price": "6.54",
            "revenue": 50129
        },
        "2006-01": {
            "month": "2006-01",
            "price": "7.30",
            "revenue": 48173
        },
        "2006-02": {
            "month": "2006-02",
            "price": "6.10",
            "revenue": 25534
        },
        "2006-03": {
            "month": "2006-03",
            "price": "5.94",
            "revenue": 27945
        },
        "2006-04": {
            "month": "2006-04",
            "price": "5.79",
            "revenue": 22854
        },
        "2006-05": {
            "month": "2006-05",
            "price": "5.27",
            "revenue": 41986
        },
        "2006-06": {
            "month": "2006-06",
            "price": "4.74",
            "revenue": 36067
        },
        "2006-07": {
            "month": "2006-07",
            "price": "3.65",
            "revenue": 49189
        },
        "2006-08": {
            "month": "2006-08",
            "price": "3.20",
            "revenue": 35580
        },
        "2006-09": {
            "month": "2006-09",
            "price": "2.70",
            "revenue": 31617
        },
        "2006-10": {
            "month": "2006-10",
            "price": "2.82",
            "revenue": 47581
        },
        "2006-11": {
            "month": "2006-11",
            "price": "4.27",
            "revenue": 68131
        },
        "2006-12": {
            "month": "2006-12",
            "price": "5.16",
            "revenue": 56635
        },
        "2007-01": {
            "month": "2007-01",
            "price": "5.51",
            "revenue": 36948
        },
        "2007-02": {
            "month": "2007-02",
            "price": "5.11",
            "revenue": 27181
        },
        "2007-03": {
            "month": "2007-03",
            "price": "5.27",
            "revenue": 32251
        },
        "2007-04": {
            "month": "2007-04",
            "price": "6.86",
            "revenue": 18812
        },
        "2007-05": {
            "month": "2007-05",
            "price": "8.71",
            "revenue": 21703
        },
        "2007-06": {
            "month": "2007-06",
            "price": "8.72",
            "revenue": 21883
        },
        "2007-07": {
            "month": "2007-07",
            "price": "11.94",
            "revenue": 19872
        },
        "2007-08": {
            "month": "2007-08",
            "price": "9.10",
            "revenue": 30183
        },
        "2007-09": {
            "month": "2007-09",
            "price": "9.26",
            "revenue": 19561
        },
        "2007-10": {
            "month": "2007-10",
            "price": "8.41",
            "revenue": 28604
        },
        "2007-11": {
            "month": "2007-11",
            "price": "6.10",
            "revenue": 25035
        },
        "2007-12": {
            "month": "2007-12",
            "price": "5.18",
            "revenue": 27667
        },
        "2008-01": {
            "month": "2008-01",
            "price": "4.66",
            "revenue": 32050
        },
        "2008-02": {
            "month": "2008-02",
            "price": "4.29",
            "revenue": 19032
        },
        "2008-03": {
            "month": "2008-03",
            "price": "4.59",
            "revenue": 31036
        },
        "2008-04": {
            "month": "2008-04",
            "price": "4.23",
            "revenue": 28048
        },
        "2008-05": {
            "month": "2008-05",
            "price": "3.39",
            "revenue": 16690
        },
        "2008-06": {
            "month": "2008-06",
            "price": "3.50",
            "revenue": 26556
        },
        "2008-07": {
            "month": "2008-07",
            "price": "3.72",
            "revenue": 27070
        },
        "2008-08": {
            "month": "2008-08",
            "price": "3.88",
            "revenue": 27570
        },
        "2008-09": {
            "month": "2008-09",
            "price": "3.03",
            "revenue": 23313
        },
        "2008-10": {
            "month": "2008-10",
            "price": "8.11",
            "revenue": 25554
        },
        "2008-11": {
            "month": "2008-11",
            "price": "7.94",
            "revenue": 26822
        },
        "2008-12": {
            "month": "2008-12",
            "price": "8.17",
            "revenue": 27841
        },
        "2009-01": {
            "month": "2009-01",
            "price": "8.13",
            "revenue": 22300
        },
        "2009-02": {
            "month": "2009-02",
            "price": "8.37",
            "revenue": 22687
        },
        "2009-03": {
            "month": "2009-03",
            "price": "7.81",
            "revenue": 27650
        },
        "2009-04": {
            "month": "2009-04",
            "price": "8.32",
            "revenue": 29473
        },
        "2009-05": {
            "month": "2009-05",
            "price": "12.40",
            "revenue": 22411
        },
        "2009-06": {
            "month": "2009-06",
            "price": "15.54",
            "revenue": 26066
        },
        "2009-07": {
            "month": "2009-07",
            "price": "19.07",
            "revenue": 22355
        },
        "2009-08": {
            "month": "2009-08",
            "price": "25.27",
            "revenue": 23971
        },
        "2009-09": {
            "month": "2009-09",
            "price": "26.27",
            "revenue": 25123
        },
        "2009-10": {
            "month": "2009-10",
            "price": "23.75",
            "revenue": 25926
        },
        "2009-11": {
            "month": "2009-11",
            "price": "23.21",
            "revenue": 101947
        },
        "2009-12": {
            "month": "2009-12",
            "price": "36.93",
            "revenue": 106934
        },
        "2010-01": {
            "month": "2010-01",
            "price": "36.07",
            "revenue": 117555
        },
        "2010-02": {
            "month": "2010-02",
            "price": "35.08",
            "revenue": 77973
        },
        "2010-03": {
            "month": "2010-03",
            "price": "42.90",
            "revenue": 109391
        },
        "2010-04": {
            "month": "2010-04",
            "price": "45.35",
            "revenue": 101399
        },
        "2010-05": {
            "month": "2010-05",
            "price": "39.14",
            "revenue": 94804
        },
        "2010-06": {
            "month": "2010-06",
            "price": "37.58",
            "revenue": 102900
        },
        "2010-07": {
            "month": "2010-07",
            "price": "40.34",
            "revenue": 131315
        },
        "2010-08": {
            "month": "2010-08",
            "price": "41.05",
            "revenue": 148997
        },
        "2010-09": {
            "month": "2010-09",
            "price": "36.53",
            "revenue": 187145
        },
        "2010-10": {
            "month": "2010-10",
            "price": "37.10",
            "revenue": 125735
        },
        "2010-11": {
            "month": "2010-11",
            "price": "34.20",
            "revenue": 153590
        },
        "2010-12": {
            "month": "2010-12",
            "price": "33.69",
            "revenue": 119037
        },
        "2011-01": {
            "month": "2011-01",
            "price": "35.22",
            "revenue": 106455
        },
        "2011-02": {
            "month": "2011-02",
            "price": "32.06",
            "revenue": 87881
        },
        "2011-03": {
            "month": "2011-03",
            "price": "28.39",
            "revenue": 158881
        },
        "2011-04": {
            "month": "2011-04",
            "price": "26.97",
            "revenue": 168605
        },
        "2011-05": {
            "month": "2011-05",
            "price": "28.50",
            "revenue": 175072
        },
        "2011-06": {
            "month": "2011-06",
            "price": "32.32",
            "revenue": 122837
        },
        "2011-07": {
            "month": "2011-07",
            "price": "28.23",
            "revenue": 129010
        },
        "2011-08": {
            "month": "2011-08",
            "price": "22.48",
            "revenue": 151561
        },
        "2011-09": {
            "month": "2011-09",
            "price": "21.71",
            "revenue": 168625
        },
        "2011-10": {
            "month": "2011-10",
            "price": "19.52",
            "revenue": 116895
        },
        "2011-11": {
            "month": "2011-11",
            "price": "19.80",
            "revenue": 125102
        },
        "2011-12": {
            "month": "2011-12",
            "price": "18.22",
            "revenue": 115651
        },
        "2012-01": {
            "month": "2012-01",
            "price": "18.86",
            "revenue": 92167
        },
        "2012-02": {
            "month": "2012-02",
            "price": "24.05",
            "revenue": 76845
        },
        "2012-03": {
            "month": "2012-03",
            "price": "25.77",
            "revenue": 80729
        },
        "2012-04": {
            "month": "2012-04",
            "price": "25.95",
            "revenue": 79668
        },
        "2012-05": {
            "month": "2012-05",
            "price": "26.69",
            "revenue": 105450
        },
        "2012-06": {
            "month": "2012-06",
            "price": "25.15",
            "revenue": 83681
        },
        "2012-07": {
            "month": "2012-07",
            "price": "24.26",
            "revenue": 73803
        },
        "2012-08": {
            "month": "2012-08",
            "price": "27.65",
            "revenue": 96194
        },
        "2012-09": {
            "month": "2012-09",
            "price": "27.11",
            "revenue": 84386
        },
        "2012-10": {
            "month": "2012-10",
            "price": "25.10",
            "revenue": 69416
        },
        "2012-11": {
            "month": "2012-11",
            "price": "21.70",
            "revenue": 88605
        },
        "2012-12": {
            "month": "2012-12",
            "price": "18.21",
            "revenue": 89761
        },
        "2013-01": {
            "month": "2013-01",
            "price": "17.81",
            "revenue": 155726
        },
        "2013-03": {
            "month": "2013-03",
            "price": "21.26",
            "revenue": 133220
        },
        "2013-04": {
            "month": "2013-04",
            "price": "22.69",
            "revenue": 124413
        },
        "2013-05": {
            "month": "2013-05",
            "price": "22.72",
            "revenue": 144132
        },
        "2013-06": {
            "month": "2013-06",
            "price": "21.86",
            "revenue": 140805
        },
        "2013-07": {
            "month": "2013-07",
            "price": "22.50",
            "revenue": 160519
        },
        "2013-08": {
            "month": "2013-08",
            "price": "25.66",
            "revenue": 146450
        },
        "2013-09": {
            "month": "2013-09",
            "price": "27.28",
            "revenue": 154324
        },
        "2013-10": {
            "month": "2013-10",
            "price": "31.11",
            "revenue": 187524
        },
        "2013-11": {
            "month": "2013-11",
            "price": "29.89",
            "revenue": 170098
        },
        "2013-12": {
            "month": "2013-12",
            "price": "29.33",
            "revenue": 154488
        },
        "2014-01": {
            "month": "2014-01",
            "price": "30.49",
            "revenue": 163840
        },
        "2014-02": {
            "month": "2014-02",
            "price": "29.29",
            "revenue": 140890
        },
        "2014-03": {
            "month": "2014-03",
            "price": "29.80",
            "revenue": 189916
        },
        "2014-04": {
            "month": "2014-04",
            "price": "27.79",
            "revenue": 165593
        },
        "2014-05": {
            "month": "2014-05",
            "price": "25.31",
            "revenue": 157050
        },
        "2014-06": {
            "month": "2014-06",
            "price": "25.18",
            "revenue": 158070
        },
        "2014-07": {
            "month": "2014-07",
            "price": "24.66",
            "revenue": 202531
        },
        "2014-08": {
            "month": "2014-08",
            "price": "23.09",
            "revenue": 172198
        },
        "2014-09": {
            "month": "2014-09",
            "price": "21.47",
            "revenue": 178406
        },
        "2014-10": {
            "month": "2014-10",
            "price": "20.99",
            "revenue": 154264
        },
        "2014-11": {
            "month": "2014-11",
            "price": "22.22",
            "revenue": 150173
        },
        "2014-12": {
            "month": "2014-12",
            "price": "20.38",
            "revenue": 178152
        },
        "2015-01": {
            "month": "2015-01",
            "price": "20.19",
            "revenue": 197935
        },
        "2015-02": {
            "month": "2015-02",
            "price": "19.79",
            "revenue": 147982
        },
        "2015-03": {
            "month": "2015-03",
            "price": "20.15",
            "revenue": 203920
        },
        "2015-04": {
            "month": "2015-04",
            "price": "20.34",
            "revenue": 192733
        },
        "2015-05": {
            "month": "2015-05",
            "price": "20.40",
            "revenue": 174214
        },
        "2015-06": {
            "month": "2015-06",
            "price": "19.20",
            "revenue": 170288
        },
        "2015-07": {
            "month": "2015-07",
            "price": "17.31",
            "revenue": 200808
        },
        "2015-08": {
            "month": "2015-08",
            "price": "13.34",
            "revenue": 198966
        },
        "2015-09": {
            "month": "2015-09",
            "price": "14.28",
            "revenue": 220427
        },
        "2015-10": {
            "month": "2015-10",
            "price": "14.19",
            "revenue": 185186
        },
        "2015-11": {
            "month": "2015-11",
            "price": "13.48",
            "revenue": 197171
        },
        "2015-12": {
            "month": "2015-12",
            "price": "12.35",
            "revenue": 180295
        },
        "2016-01": {
            "month": "2016-01",
            "price": "11.36",
            "revenue": 195447
        },
        "2016-02": {
            "month": "2016-02",
            "price": "11.61",
            "revenue": 145434
        },
        "2016-03": {
            "month": "2016-03",
            "price": "14.17",
            "revenue": 202672
        },
        "2016-04": {
            "month": "2016-04",
            "price": "13.18",
            "revenue": 202283
        },
        "2016-05": {
            "month": "2016-05",
            "price": "11.76",
            "revenue": 172636
        },
        "2016-06": {
            "month": "2016-06",
            "price": "11.60",
            "revenue": 177905
        },
        "2016-07": {
            "month": "2016-07",
            "price": "12.46",
            "revenue": 168217
        },
        "2016-08": {
            "month": "2016-08",
            "price": "12.07",
            "revenue": 193813
        },
        "2016-09": {
            "month": "2016-09",
            "price": "11.69",
            "revenue": 178739
        },
        "2016-10": {
            "month": "2016-10",
            "price": "11.50",
            "revenue": 176291
        },
        "2016-11": {
            "month": "2016-11",
            "price": "10.62",
            "revenue": 175410
        },
        "2016-12": {
            "month": "2016-12",
            "price": "10.32",
            "revenue": 195030
        },
        "2017-01": {
            "month": "2017-01",
            "price": "11.27",
            "revenue": 175380
        },
        "2017-02": {
            "month": "2017-02",
            "price": "13.52",
            "revenue": 169112
        },
        "2017-03": {
            "month": "2017-03",
            "price": "13.58",
            "revenue": 198221
        },
        "2017-04": {
            "month": "2017-04",
            "price": "13.09",
            "revenue": 332907
        },
        "2017-05": {
            "month": "2017-05",
            "price": "14.64",
            "revenue": 369255
        },
        "2017-06": {
            "month": "2017-06",
            "price": "17.12",
            "revenue": 361347
        },
        "2017-07": {
            "month": "2017-07",
            "price": "18.41",
            "revenue": 349040
        },
        "2017-08": {
            "month": "2017-08",
            "price": "18.45",
            "revenue": 421356
        },
        "2017-09": {
            "month": "2017-09",
            "price": "20.31",
            "revenue": 382202
        },
        "2017-10": {
            "month": "2017-10",
            "price": "19.98",
            "revenue": 347923
        },
        "2017-11": {
            "month": "2017-11",
            "price": "19.52",
            "revenue": 403268
        },
        "2017-12": {
            "month": "2017-12",
            "price": "17.98",
            "revenue": 392881
        },
        "2018-01": {
            "month": "2018-01",
            "price": "18.34",
            "revenue": 375139
        },
        "2018-02": {
            "month": "2018-02",
            "price": "16.62",
            "revenue": 269922
        },
        "2018-03": {
            "month": "2018-03",
            "price": "17.62",
            "revenue": 386987
        },
        "2018-04": {
            "month": "2018-04",
            "price": "16.95",
            "revenue": 369190
        },
        "2018-05": {
            "month": "2018-05",
            "price": "15.28",
            "revenue": 407604
        },
        "2018-06": {
            "month": "2018-06",
            "price": "15.84",
            "revenue": 464036
        },
        "2018-07": {
            "month": "2018-07",
            "price": "14.83",
            "revenue": 443243
        },
        "2018-08": {
            "month": "2018-08",
            "price": "14.55",
            "revenue": 498387
        },
        "2018-09": {
            "month": "2018-09",
            "price": "13.86",
            "revenue": 460788
        },
        "2018-10": {
            "month": "2018-10",
            "price": "11.40",
            "revenue": 548367
        },
        "2018-11": {
            "month": "2018-11",
            "price": "11.36",
            "revenue": 543395
        },
        "2018-12": {
            "month": "2018-12",
            "price": "11.58",
            "revenue": 487222
        },
        "2019-01": {
            "month": "2019-01",
            "price": "11.53",
            "revenue": 513913
        },
        "2019-02": {
            "month": "2019-02",
            "price": "12.45",
            "revenue": 365909
        },
        "2019-03": {
            "month": "2019-03",
            "price": "13.46",
            "revenue": 493356
        },
        "2019-04": {
            "month": "2019-04",
            "price": "14.77",
            "revenue": 432690
        },
        "2019-05": {
            "month": "2019-05",
            "price": "15.38",
            "revenue": 473478
        },
        "2019-06": {
            "month": "2019-06",
            "price": "15.68",
            "revenue": 430888
        },
        "2019-07": {
            "month": "2019-07",
            "price": "15.53",
            "revenue": 410774
        },
        "2019-08": {
            "month": "2019-08",
            "price": "14.35",
            "revenue": 372314
        },
        "2019-09": {
            "month": "2019-09",
            "price": "14.19",
            "revenue": 366299
        },
        "2019-10": {
            "month": "2019-10",
            "price": "13.97",
            "revenue": 396925
        },
        "2019-11": {
            "month": "2019-11",
            "price": "14.19",
            "revenue": 359990
        },
        "2019-12": {
            "month": "2019-12",
            "price": "14.06",
            "revenue": 392292
        },
        "2020-01": {
            "month": "2020-01",
            "price": "13.76",
            "revenue": 282789
        },
        "2020-02": {
            "month": "2020-02",
            "price": "12.44",
            "revenue": 242711
        },
        "2020-03": {
            "month": "2020-03",
            "price": "11.14",
            "revenue": 318207
        },
        "2020-04": {
            "month": "2020-04",
            "price": "12.42",
            "revenue": 317951
        },
        "2020-05": {
            "month": "2020-05",
            "price": "12.60",
            "revenue": 305412
        },
        "2020-06": {
            "month": "2020-06",
            "price": "12.48",
            "revenue": 303035
        },
        "2020-07": {
            "month": "2020-07",
            "price": "12.98",
            "revenue": 331202
        },
        "2020-08": {
            "month": "2020-08",
            "price": "12.55",
            "revenue": 313951
        },
        "2020-09": {
            "month": "2020-09",
            "price": "12.30",
            "revenue": 347866
        },
        "2020-10": {
            "month": "2020-10",
            "price": "11.83",
            "revenue": 332928
        },
        "2020-11": {
            "month": "2020-11",
            "price": "11.64",
            "revenue": 358933
        },
        "2020-12": {
            "month": "2020-12",
            "price": "11.96",
            "revenue": 396040
        },
        "2021-01": {
            "month": "2021-01",
            "price": "11.98",
            "revenue": 321111
        },
        "2021-02": {
            "month": "2021-02",
            "price": "11.68",
            "revenue": 246050
        },
        "2021-03": {
            "month": "2021-03",
            "price": "12.30",
            "revenue": 367430
        },
        "2021-04": {
            "month": "2021-04",
            "price": "13.71",
            "revenue": 322936
        },
        "2021-05": {
            "month": "2021-05",
            "price": "12.57",
            "revenue": 318930
        },
        "2021-06": {
            "month": "2021-06",
            "price": "12.88",
            "revenue": -478320
        },
        "2021-07": {
            "month": "2021-07",
            "price": "12.94",
            "revenue": 224899
        },
        "2021-08": {
            "month": "2021-08",
            "price": "12.12",
            "revenue": 244947
        },
        "2021-09": {
            "month": "2021-09",
            "price": "11.78",
            "revenue": 220573
        },
        "2021-10": {
            "month": "2021-10",
            "price": "12.36",
            "revenue": 249608
        },
        "2021-11": {
            "month": "2021-11",
            "price": "12.61",
            "revenue": 257755
        },
        "2021-12": {
            "month": "2021-12",
            "price": "13.39",
            "revenue": 264204
        },
        "2022-01": {
            "month": "2022-01",
            "price": "17.42",
            "revenue": 229781
        },
        "2022-02": {
            "month": "2022-02",
            "price": "17.63",
            "revenue": 190425
        },
        "2022-03": {
            "month": "2022-03",
            "price": "17.95",
            "revenue": 219524
        },
        "2022-04": {
            "month": "2022-04",
            "price": "21.16",
            "revenue": 243283
        },
        "2022-05": {
            "month": "2022-05",
            "price": "19.48",
            "revenue": 208646
        },
        "2022-06": {
            "month": "2022-06",
            "price": "17.61",
            "revenue": 219769
        },
        "2022-07": {
            "month": "2022-07",
            "price": "17.16",
            "revenue": 236500
        },
        "2022-08": {
            "month": "2022-08",
            "price": "19.13",
            "revenue": 228593
        },
        "2022-09": {
            "month": "2022-09",
            "price": "16.72",
            "revenue": 205435
        },
        "2022-10": {
            "month": "2022-10",
            "price": "14.52",
            "revenue": 191085
        },
        "2022-11": {
            "month": "2022-11",
            "price": "15.23",
            "revenue": 199369
        },
        "2022-12": {
            "month": "2022-12",
            "price": "15.18",
            "revenue": 176308
        },
        "2023-01": {
            "month": "2023-01",
            "price": "14.63",
            "revenue": 150963
        },
        "2023-02": {
            "month": "2023-02",
            "price": "15.13",
            "revenue": 162672
        },
        "2023-03": {
            "month": "2023-03",
            "price": "15.27",
            "revenue": 188255
        },
        "2023-04": {
            "month": "2023-04",
            "price": "15.14",
            "revenue": 176487
        },
        "2023-05": {
            "month": "2023-05",
            "price": "14.70",
            "revenue": 169667
        },
        "2023-06": {
            "month": "2023-06",
            "price": "14.45",
            "revenue": 169579
        },
        "2023-07": {
            "month": "2023-07",
            "price": "16.23",
            "revenue": 204079
        },
        "2023-08": {
            "month": "2023-08",
            "price": "15.55",
            "revenue": 197861
        },
        "2023-09": {
            "month": "2023-09",
            "price": "15.23",
            "revenue": 184446
        }
    }
}
