{
    "summary": {
        "stock_name": "陞泰",
        "stock_id": "8072",
        "category": "電子通路",
        "main_business": "監視防盜系統製造、按裝、銷售及進口貿易業務",
        "website_url": "http://www.avtechgroup.com.tw",
        "ceo": "陳世忠",
        "pe_ratio": 34,
        "report_year_from": 2001,
        "report_year_to": 2023,
        "age": 23,
        "eps_negative_percentage": 19,
        "eps_growth_avg": {
            "last_all": -18.15,
            "last_2y": 32.63,
            "last_4y": 32.63,
            "last_8y": -32.88,
            "last_12y": -26.12,
            "last_16y": -21.64,
            "last_20y": null,
            "at_2006_last_3y": null,
            "at_2007_last_3y": -0.13,
            "at_2008_last_3y": -5.14,
            "at_2009_last_3y": -15.64,
            "at_2010_last_3y": -11.55,
            "at_2011_last_3y": -8.37,
            "at_2012_last_3y": -6.5,
            "at_2013_last_3y": -5.27,
            "at_2014_last_3y": -17.68,
            "at_2015_last_3y": -35.81,
            "at_2016_last_3y": -51.08,
            "at_2017_last_3y": -68.5,
            "at_2018_last_3y": -76.55,
            "at_2019_last_3y": -89.21,
            "at_2020_last_3y": -100,
            "at_2021_last_3y": null,
            "at_2022_last_3y": 100,
            "at_2023_last_3y": 32.63,
            "at_2024_last_3y": 32.63,
            "at_2006_last_all": -3.03,
            "at_2007_last_all": -0.13,
            "at_2008_last_all": -5.07,
            "at_2009_last_all": -10.1,
            "at_2010_last_all": -7.9,
            "at_2011_last_all": -4.25,
            "at_2012_last_all": -5.7,
            "at_2013_last_all": -8.17,
            "at_2014_last_all": -11.45,
            "at_2015_last_all": -14.77,
            "at_2016_last_all": -19.67,
            "at_2017_last_all": -25.4,
            "at_2018_last_all": -25.4,
            "at_2019_last_all": -25.4,
            "at_2020_last_all": -25.4,
            "at_2021_last_all": -25.4,
            "at_2022_last_all": -17.04,
            "at_2023_last_all": -18.15,
            "at_2024_last_all": -18.15
        },
        "latest_eps": 0.8,
        "latest_price": 27.4,
        "latest_roe": 3.18,
        "latest_gross_margin": 18.26,
        "latest_equity": 2345173,
        "latest_revenue": 328857,
        "latest_gross_profit": 60041,
        "latest_net_income": 36903,
        "latest_debt_ratio": 10.32,
        "latest_current_ratio": 720.47,
        "latest_account_receivable_turnover_ratio": 1.15,
        "latest_inventory_turnover_ratio": 1.78,
        "latest_reinvestment_rate": -13.21,
        "latest_research_to_sale_ratio": 2.07
    },
    "eps_dividends": {
        "2001": {
            "cash": 0,
            "stock": 0,
            "eps": 0
        },
        "2002": {
            "cash": 1.5,
            "stock": 2.5,
            "eps": 0
        },
        "2003": {
            "cash": 1,
            "stock": 4,
            "eps": 14.57
        },
        "2004": {
            "cash": 3.75,
            "stock": 3.25,
            "eps": 13.87
        },
        "2005": {
            "cash": 4.5,
            "stock": 1.5,
            "eps": 14.81
        },
        "2006": {
            "cash": 5.5,
            "stock": 1.5,
            "eps": 13.17
        },
        "2007": {
            "cash": 9.2,
            "stock": 0.8,
            "eps": 14.3
        },
        "2008": {
            "cash": 5.8,
            "stock": 1.05,
            "eps": 10.75
        },
        "2009": {
            "cash": 6,
            "stock": 0,
            "eps": 6.96
        },
        "2010": {
            "cash": 6,
            "stock": 0,
            "eps": 7.33
        },
        "2011": {
            "cash": 14,
            "stock": 0,
            "eps": 8.89
        },
        "2012": {
            "cash": 0,
            "stock": 0,
            "eps": 7.35
        },
        "2013": {
            "cash": 7,
            "stock": 0,
            "eps": 5.12
        },
        "2014": {
            "cash": 20,
            "stock": 0,
            "eps": 2.85
        },
        "2015": {
            "cash": 1.43,
            "stock": 0,
            "eps": 1.39
        },
        "2016": {
            "cash": 1,
            "stock": 0,
            "eps": 0.3
        },
        "2017": {
            "cash": 0.5,
            "stock": 0,
            "eps": -0.27
        },
        "2018": {
            "cash": 0.5,
            "stock": 0,
            "eps": -0.25
        },
        "2019": {
            "cash": 0.5,
            "stock": 0,
            "eps": -1.15
        },
        "2020": {
            "cash": 0.2,
            "stock": 0,
            "eps": -0.15
        },
        "2021": {
            "cash": 0.2,
            "stock": 0,
            "eps": 0.39
        },
        "2022": {
            "cash": 0.35,
            "stock": 0,
            "eps": 1.18
        },
        "2023": {
            "cash": 1,
            "stock": 0,
            "eps": 0.77
        },
        "2024": {
            "cash": 0.75,
            "stock": 0,
            "eps": 0
        }
    },
    "dividends": {
        "2002-04-23": {
            "cash": 1.5,
            "stock": 2.5
        },
        "2003-03-24": {
            "cash": 1,
            "stock": 4
        },
        "2004-03-24": {
            "cash": 3.75,
            "stock": 3.25
        },
        "2005-03-28": {
            "cash": 4.5,
            "stock": 1.5
        },
        "2006-03-23": {
            "cash": 5.5,
            "stock": 1.5
        },
        "2007-04-25": {
            "cash": 9.2,
            "stock": 0.8
        },
        "2008-04-23": {
            "cash": 5.8,
            "stock": 1.05
        },
        "2009-03-25": {
            "cash": 6,
            "stock": 0
        },
        "2010-03-26": {
            "cash": 6,
            "stock": 0
        },
        "2011-01-01": {
            "cash": 7,
            "stock": 0
        },
        "2011-03-28": {
            "cash": 7,
            "stock": 0
        },
        "2013-03-25": {
            "cash": 7,
            "stock": 0
        },
        "2014-06-13": {
            "cash": 20,
            "stock": 0
        },
        "2015-08-27": {
            "cash": 1.43,
            "stock": 0
        },
        "2016-08-03": {
            "cash": 1,
            "stock": 0
        },
        "2017-07-31": {
            "cash": 0.5,
            "stock": 0
        },
        "2018-08-03": {
            "cash": 0.5,
            "stock": 0
        },
        "2019-08-09": {
            "cash": 0.5,
            "stock": 0
        },
        "2020-08-03": {
            "cash": 0.2,
            "stock": 0
        },
        "2021-08-24": {
            "cash": 0.2,
            "stock": 0
        },
        "2022-08-05": {
            "cash": 0.35,
            "stock": 0
        },
        "2023-08-07": {
            "cash": 1,
            "stock": 0
        },
        "2024-03-13": {
            "cash": 0.75,
            "stock": 0
        }
    },
    "prices": {
        "200101": "無",
        "200102": "無",
        "200103": "無",
        "200104": "無",
        "200105": "無",
        "200106": "無",
        "200107": "無",
        "200108": "無",
        "200109": "無",
        "200110": "無",
        "200111": "無",
        "200112": "無",
        "200201": "無",
        "200202": "無",
        "200203": "無",
        "200204": "無",
        "200205": "無",
        "200206": "無",
        "200207": "無",
        "200208": "無",
        "200209": "無",
        "200210": "無",
        "200211": "無",
        "200212": "無",
        "200301": "無",
        "200302": "無",
        "200303": "無",
        "200304": "無",
        "200305": "無",
        "200306": "無",
        "200307": "無",
        "200308": "無",
        "200309": "無",
        "200310": "175.50",
        "200311": "144.33",
        "200312": "146.50",
        "200401": "149.80",
        "200402": "180.95",
        "200403": "175.17",
        "200404": "171.50",
        "200405": "152.43",
        "200406": "138.88",
        "200407": "116.91",
        "200408": "102.40",
        "200409": "115.31",
        "200410": "104.55",
        "200411": "98.02",
        "200412": "97.17",
        "200501": "95.36",
        "200502": "109.50",
        "200503": "117.24",
        "200504": "114.12",
        "200505": "112.21",
        "200506": "118.66",
        "200507": "140.15",
        "200508": "137.33",
        "200509": "129.52",
        "200510": "129.60",
        "200511": "131.25",
        "200512": "142.11",
        "200601": "156.69",
        "200602": "166.82",
        "200603": "177.87",
        "200604": "183.95",
        "200605": "177.64",
        "200606": "156.25",
        "200607": "156.71",
        "200608": "162.48",
        "200609": "146.64",
        "200610": "144.10",
        "200611": "147.18",
        "200612": "148.74",
        "200701": "150.39",
        "200702": "149.33",
        "200703": "146.67",
        "200704": "154.28",
        "200705": "177.18",
        "200706": "211.20",
        "200707": "242.86",
        "200708": "253.89",
        "200709": "268.72",
        "200710": "265.86",
        "200711": "224.89",
        "200712": "196.67",
        "200801": "150.00",
        "200802": "144.68",
        "200803": "148.71",
        "200804": "172.52",
        "200805": "173.45",
        "200806": "163.67",
        "200807": "139.68",
        "200808": "141.36",
        "200809": "123.48",
        "200810": "97.33",
        "200811": "78.86",
        "200812": "81.67",
        "200901": "84.29",
        "200902": "81.60",
        "200903": "85.65",
        "200904": "93.64",
        "200905": "99.27",
        "200906": "97.38",
        "200907": "97.55",
        "200908": "94.41",
        "200909": "98.69",
        "200910": "100.95",
        "200911": "96.51",
        "200912": "101.55",
        "201001": "110.85",
        "201002": "115.71",
        "201003": "118.96",
        "201004": "114.12",
        "201005": "99.82",
        "201006": "95.90",
        "201007": "92.50",
        "201008": "90.02",
        "201009": "86.48",
        "201010": "84.67",
        "201011": "85.74",
        "201012": "89.02",
        "201101": "88.22",
        "201102": "86.11",
        "201103": "88.53",
        "201104": "98.88",
        "201105": "100.03",
        "201106": "102.50",
        "201107": "99.88",
        "201108": "87.35",
        "201109": "86.99",
        "201110": "88.43",
        "201111": "89.83",
        "201112": "88.00",
        "201201": "90.43",
        "201202": "96.40",
        "201203": "101.24",
        "201204": "97.52",
        "201205": "97.29",
        "201206": "91.67",
        "201207": "89.21",
        "201208": "89.11",
        "201209": "90.54",
        "201210": "89.77",
        "201211": "88.33",
        "201212": "88.70",
        "201301": "89.01",
        "201302": "90.83",
        "201303": "91.61",
        "201304": "92.64",
        "201305": "93.38",
        "201306": "93.26",
        "201307": "89.49",
        "201308": "88.21",
        "201309": "88.84",
        "201310": "88.58",
        "201311": "87.19",
        "201312": "84.04",
        "201401": "84.52",
        "201402": "83.69",
        "201403": "83.66",
        "201404": "83.10",
        "201405": "87.56",
        "201406": "96.88",
        "201407": "71.68",
        "201408": "65.33",
        "201409": "64.18",
        "201410": "59.76",
        "201411": "51.55",
        "201412": "49.94",
        "201501": "49.58",
        "201502": "49.48",
        "201503": "48.34",
        "201504": "44.11",
        "201505": "36.47",
        "201506": "30.88",
        "201507": "28.33",
        "201508": "25.18",
        "201509": "26.65",
        "201510": "27.21",
        "201511": "26.11",
        "201512": "25.37",
        "201601": "24.96",
        "201602": "25.79",
        "201603": "26.28",
        "201604": "25.04",
        "201605": "24.91",
        "201606": "24.74",
        "201607": "23.80",
        "201608": "23.33",
        "201609": "23.40",
        "201610": "22.41",
        "201611": "20.45",
        "201612": "21.15",
        "201701": "21.75",
        "201702": "22.26",
        "201703": "22.53",
        "201704": "21.51",
        "201705": "20.36",
        "201706": "20.41",
        "201707": "20.08",
        "201708": "20.43",
        "201709": "22.88",
        "201710": "22.38",
        "201711": "22.12",
        "201712": "21.59",
        "201801": "21.48",
        "201802": "20.85",
        "201803": "20.99",
        "201804": "20.99",
        "201805": "21.51",
        "201806": "24.84",
        "201807": "24.30",
        "201808": "22.88",
        "201809": "22.87",
        "201810": "20.88",
        "201811": "21.21",
        "201812": "21.93",
        "201901": "21.44",
        "201902": "22.11",
        "201903": "22.26",
        "201904": "22.42",
        "201905": "21.04",
        "201906": "20.66",
        "201907": "20.47",
        "201908": "20.19",
        "201909": "20.69",
        "201910": "21.49",
        "201911": "21.17",
        "201912": "20.42",
        "202001": "20.24",
        "202002": "20.12",
        "202003": "20.08",
        "202004": "20.19",
        "202005": "21.43",
        "202006": "26.39",
        "202007": "28.51",
        "202008": "29.36",
        "202009": "30.89",
        "202010": "30.96",
        "202011": "28.45",
        "202012": "28.24",
        "202101": "28.43",
        "202102": "28.74",
        "202103": "28.79",
        "202104": "29.78",
        "202105": "26.19",
        "202106": "25.09",
        "202107": "25.41",
        "202108": "24.39",
        "202109": "23.65",
        "202110": "23.42",
        "202111": "23.87",
        "202112": "24.91",
        "202201": "25.98",
        "202202": "24.77",
        "202203": "24.22",
        "202204": "24.04",
        "202205": "23.99",
        "202206": "23.94",
        "202207": "22.89",
        "202208": "24.53",
        "202209": "25.23",
        "202210": "22.78",
        "202211": "28.48",
        "202212": "28.25",
        "202301": "25.86",
        "202302": "27.11",
        "202303": "27.13",
        "202304": "27.62",
        "202305": "27.68",
        "202306": "28.67",
        "202307": "27.88",
        "202308": "25.66",
        "202309": "26.49",
        "202310": "26.43",
        "202311": "26.82",
        "202312": "27.28"
    },
    "quarters": {
        "20011": {
            "year_quarter": 20011,
            "year": 2001,
            "quarter": 1,
            "eps": null,
            "eps_growth_year": null,
            "eps_4q": null,
            "eps_4q_growth_year": null,
            "roe": null,
            "roe_4q": 0,
            "gross_profit": null,
            "gross_margin": null,
            "gross_margin_4q_avg": 0,
            "net_income": null,
            "net_income_4q": null,
            "revenue": null,
            "revenue_4q": null,
            "common_shares": null,
            "book_valuer_per_share": null,
            "book_valuer_per_share_4q_avg": 0,
            "equity": null,
            "current_ratio": null,
            "debt_ratio": null,
            "inventory_turnover_ratio": null,
            "account_receivable_turnover_ratio": null,
            "reinvestment_rate": null,
            "research_to_sale_ratio": null,
            "price_fair": 0,
            "eps_avg_yearly": 0,
            "eps_latest_yearly": 0,
            "eps_growth_yearly": 0
        },
        "20012": {
            "year_quarter": 20012,
            "year": 2001,
            "quarter": 2,
            "eps": null,
            "eps_growth_year": null,
            "eps_4q": null,
            "eps_4q_growth_year": null,
            "roe": null,
            "roe_4q": 0,
            "gross_profit": null,
            "gross_margin": null,
            "gross_margin_4q_avg": 0,
            "net_income": null,
            "net_income_4q": null,
            "revenue": null,
            "revenue_4q": null,
            "common_shares": null,
            "book_valuer_per_share": null,
            "book_valuer_per_share_4q_avg": 0,
            "equity": null,
            "current_ratio": null,
            "debt_ratio": null,
            "inventory_turnover_ratio": null,
            "account_receivable_turnover_ratio": null,
            "reinvestment_rate": null,
            "research_to_sale_ratio": null,
            "price_fair": 0,
            "eps_avg_yearly": 0,
            "eps_latest_yearly": 0,
            "eps_growth_yearly": 0
        },
        "20013": {
            "year_quarter": 20013,
            "year": 2001,
            "quarter": 3,
            "eps": null,
            "eps_growth_year": null,
            "eps_4q": null,
            "eps_4q_growth_year": null,
            "roe": null,
            "roe_4q": 0,
            "gross_profit": null,
            "gross_margin": null,
            "gross_margin_4q_avg": 0,
            "net_income": null,
            "net_income_4q": null,
            "revenue": null,
            "revenue_4q": null,
            "common_shares": null,
            "book_valuer_per_share": null,
            "book_valuer_per_share_4q_avg": 0,
            "equity": null,
            "current_ratio": null,
            "debt_ratio": null,
            "inventory_turnover_ratio": null,
            "account_receivable_turnover_ratio": null,
            "reinvestment_rate": null,
            "research_to_sale_ratio": null,
            "price_fair": 0,
            "eps_avg_yearly": 0,
            "eps_latest_yearly": 0,
            "eps_growth_yearly": 0
        },
        "20014": {
            "year_quarter": 20014,
            "year": 2001,
            "quarter": 4,
            "eps": null,
            "eps_growth_year": null,
            "eps_4q": null,
            "eps_4q_growth_year": null,
            "roe": null,
            "roe_4q": 0,
            "gross_profit": null,
            "gross_margin": null,
            "gross_margin_4q_avg": 0,
            "net_income": null,
            "net_income_4q": null,
            "revenue": null,
            "revenue_4q": null,
            "common_shares": 250000,
            "book_valuer_per_share": 29.61,
            "book_valuer_per_share_4q_avg": 7.4,
            "equity": 740312,
            "current_ratio": 420.89,
            "debt_ratio": 21.55,
            "inventory_turnover_ratio": null,
            "account_receivable_turnover_ratio": null,
            "reinvestment_rate": null,
            "research_to_sale_ratio": null,
            "price_fair": 0,
            "eps_avg_yearly": 0,
            "eps_latest_yearly": 0,
            "eps_growth_yearly": 0
        },
        "20021": {
            "year_quarter": 20021,
            "year": 2002,
            "quarter": 1,
            "eps": null,
            "eps_growth_year": null,
            "eps_4q": null,
            "eps_4q_growth_year": null,
            "roe": null,
            "roe_4q": 0,
            "gross_profit": null,
            "gross_margin": null,
            "gross_margin_4q_avg": 0,
            "net_income": null,
            "net_income_4q": null,
            "revenue": null,
            "revenue_4q": null,
            "common_shares": null,
            "book_valuer_per_share": null,
            "book_valuer_per_share_4q_avg": 7.4,
            "equity": null,
            "current_ratio": null,
            "debt_ratio": null,
            "inventory_turnover_ratio": null,
            "account_receivable_turnover_ratio": null,
            "reinvestment_rate": null,
            "research_to_sale_ratio": null,
            "price_fair": 0,
            "eps_avg_yearly": 0,
            "eps_latest_yearly": 0,
            "eps_growth_yearly": 0
        },
        "20022": {
            "year_quarter": 20022,
            "year": 2002,
            "quarter": 2,
            "eps": null,
            "eps_growth_year": null,
            "eps_4q": null,
            "eps_4q_growth_year": null,
            "roe": null,
            "roe_4q": 0,
            "gross_profit": null,
            "gross_margin": null,
            "gross_margin_4q_avg": 0,
            "net_income": null,
            "net_income_4q": null,
            "revenue": null,
            "revenue_4q": null,
            "common_shares": null,
            "book_valuer_per_share": null,
            "book_valuer_per_share_4q_avg": 7.4,
            "equity": null,
            "current_ratio": null,
            "debt_ratio": null,
            "inventory_turnover_ratio": null,
            "account_receivable_turnover_ratio": null,
            "reinvestment_rate": null,
            "research_to_sale_ratio": null,
            "price_fair": 0,
            "eps_avg_yearly": 0,
            "eps_latest_yearly": 0,
            "eps_growth_yearly": 0
        },
        "20023": {
            "year_quarter": 20023,
            "year": 2002,
            "quarter": 3,
            "eps": null,
            "eps_growth_year": null,
            "eps_4q": null,
            "eps_4q_growth_year": null,
            "roe": null,
            "roe_4q": 0,
            "gross_profit": null,
            "gross_margin": null,
            "gross_margin_4q_avg": 0,
            "net_income": null,
            "net_income_4q": null,
            "revenue": null,
            "revenue_4q": null,
            "common_shares": null,
            "book_valuer_per_share": null,
            "book_valuer_per_share_4q_avg": 7.4,
            "equity": null,
            "current_ratio": null,
            "debt_ratio": null,
            "inventory_turnover_ratio": null,
            "account_receivable_turnover_ratio": null,
            "reinvestment_rate": null,
            "research_to_sale_ratio": null,
            "price_fair": 0,
            "eps_avg_yearly": 0,
            "eps_latest_yearly": 0,
            "eps_growth_yearly": 0
        },
        "20024": {
            "year_quarter": 20024,
            "year": 2002,
            "quarter": 4,
            "eps": null,
            "eps_growth_year": null,
            "eps_4q": null,
            "eps_4q_growth_year": null,
            "roe": null,
            "roe_4q": 0,
            "gross_profit": null,
            "gross_margin": null,
            "gross_margin_4q_avg": 0,
            "net_income": null,
            "net_income_4q": null,
            "revenue": null,
            "revenue_4q": null,
            "common_shares": 317600,
            "book_valuer_per_share": 32.52,
            "book_valuer_per_share_4q_avg": 8.13,
            "equity": 1032775,
            "current_ratio": 415.63,
            "debt_ratio": 21.93,
            "inventory_turnover_ratio": null,
            "account_receivable_turnover_ratio": null,
            "reinvestment_rate": null,
            "research_to_sale_ratio": null,
            "price_fair": 0,
            "eps_avg_yearly": 0,
            "eps_latest_yearly": 0,
            "eps_growth_yearly": 0
        },
        "20031": {
            "year_quarter": 20031,
            "year": 2003,
            "quarter": 1,
            "eps": 4.23,
            "eps_growth_year": null,
            "eps_4q": null,
            "eps_4q_growth_year": null,
            "roe": 12.21,
            "roe_4q": 12.21,
            "gross_profit": 198585,
            "gross_margin": 34.56,
            "gross_margin_4q_avg": 8.64,
            "net_income": 134346,
            "net_income_4q": null,
            "revenue": 574691,
            "revenue_4q": null,
            "common_shares": 317600,
            "book_valuer_per_share": 36.75,
            "book_valuer_per_share_4q_avg": 17.32,
            "equity": 1167149,
            "current_ratio": 443.81,
            "debt_ratio": 20.66,
            "inventory_turnover_ratio": 1.97,
            "account_receivable_turnover_ratio": null,
            "reinvestment_rate": null,
            "research_to_sale_ratio": null,
            "price_fair": 0,
            "eps_avg_yearly": 0,
            "eps_latest_yearly": 0,
            "eps_growth_yearly": 0
        },
        "20032": {
            "year_quarter": 20032,
            "year": 2003,
            "quarter": 2,
            "eps": 3.06,
            "eps_growth_year": null,
            "eps_4q": null,
            "eps_4q_growth_year": null,
            "roe": 11.4,
            "roe_4q": 23.61,
            "gross_profit": 226188,
            "gross_margin": 37.2,
            "gross_margin_4q_avg": 17.94,
            "net_income": 138473,
            "net_income_4q": null,
            "revenue": 608081,
            "revenue_4q": null,
            "common_shares": 317600,
            "book_valuer_per_share": 39.78,
            "book_valuer_per_share_4q_avg": 27.26,
            "equity": 1263278,
            "current_ratio": 491.72,
            "debt_ratio": 18.69,
            "inventory_turnover_ratio": 1.76,
            "account_receivable_turnover_ratio": null,
            "reinvestment_rate": null,
            "research_to_sale_ratio": null,
            "price_fair": 36.72,
            "eps_avg_yearly": 12.24,
            "eps_latest_yearly": 12.24,
            "eps_growth_yearly": -110.64
        },
        "20033": {
            "year_quarter": 20033,
            "year": 2003,
            "quarter": 3,
            "eps": 3.07,
            "eps_growth_year": null,
            "eps_4q": null,
            "eps_4q_growth_year": null,
            "roe": 10.42,
            "roe_4q": 34.03,
            "gross_profit": 216821,
            "gross_margin": 35.89,
            "gross_margin_4q_avg": 26.91,
            "net_income": 138925,
            "net_income_4q": null,
            "revenue": 604145,
            "revenue_4q": null,
            "common_shares": 452640,
            "book_valuer_per_share": 30.98,
            "book_valuer_per_share_4q_avg": 35.01,
            "equity": 1402259,
            "current_ratio": 505.13,
            "debt_ratio": 18.38,
            "inventory_turnover_ratio": 1.81,
            "account_receivable_turnover_ratio": null,
            "reinvestment_rate": null,
            "research_to_sale_ratio": null,
            "price_fair": 36.78,
            "eps_avg_yearly": 12.26,
            "eps_latest_yearly": 12.28,
            "eps_growth_yearly": -54.67
        },
        "20034": {
            "year_quarter": 20034,
            "year": 2003,
            "quarter": 4,
            "eps": 4.21,
            "eps_growth_year": null,
            "eps_4q": 13.31,
            "eps_4q_growth_year": null,
            "roe": 12.72,
            "roe_4q": 46.75,
            "gross_profit": 220635,
            "gross_margin": 34.81,
            "gross_margin_4q_avg": 35.62,
            "net_income": 190436,
            "net_income_4q": null,
            "revenue": 633806,
            "revenue_4q": null,
            "common_shares": 452640,
            "book_valuer_per_share": 35.18,
            "book_valuer_per_share_4q_avg": 35.67,
            "equity": 1592250,
            "current_ratio": 619.2,
            "debt_ratio": 15.04,
            "inventory_turnover_ratio": 1.88,
            "account_receivable_turnover_ratio": null,
            "reinvestment_rate": null,
            "research_to_sale_ratio": null,
            "price_fair": 318.03,
            "eps_avg_yearly": 13.79,
            "eps_latest_yearly": 16.84,
            "eps_growth_yearly": 13.07
        },
        "20041": {
            "year_quarter": 20041,
            "year": 2004,
            "quarter": 1,
            "eps": 3.59,
            "eps_growth_year": -15.13,
            "eps_4q": 13.93,
            "eps_4q_growth_year": null,
            "roe": 9.7,
            "roe_4q": 44.24,
            "gross_profit": 224378,
            "gross_margin": 32.74,
            "gross_margin_4q_avg": 35.16,
            "net_income": 162365,
            "net_income_4q": null,
            "revenue": 685255,
            "revenue_4q": null,
            "common_shares": 452640,
            "book_valuer_per_share": 38.75,
            "book_valuer_per_share_4q_avg": 36.17,
            "equity": 1754020,
            "current_ratio": 552.33,
            "debt_ratio": 17,
            "inventory_turnover_ratio": 1.69,
            "account_receivable_turnover_ratio": null,
            "reinvestment_rate": null,
            "research_to_sale_ratio": null,
            "price_fair": 41.79,
            "eps_avg_yearly": 13.93,
            "eps_latest_yearly": 14.36,
            "eps_growth_yearly": -4.93
        },
        "20042": {
            "year_quarter": 20042,
            "year": 2004,
            "quarter": 2,
            "eps": 4.24,
            "eps_growth_year": 38.56,
            "eps_4q": 15.09,
            "eps_4q_growth_year": null,
            "roe": 11.21,
            "roe_4q": 44.050000000000004,
            "gross_profit": 278963,
            "gross_margin": 35.41,
            "gross_margin_4q_avg": 34.71,
            "net_income": 192121,
            "net_income_4q": null,
            "revenue": 787766,
            "revenue_4q": null,
            "common_shares": 452640,
            "book_valuer_per_share": 36.97,
            "book_valuer_per_share_4q_avg": 35.47,
            "equity": 1673531,
            "current_ratio": 412.65,
            "debt_ratio": 22.82,
            "inventory_turnover_ratio": 1.58,
            "account_receivable_turnover_ratio": null,
            "reinvestment_rate": null,
            "research_to_sale_ratio": null,
            "price_fair": 298.63,
            "eps_avg_yearly": 14.54,
            "eps_latest_yearly": 16.96,
            "eps_growth_yearly": 10.54
        },
        "20043": {
            "year_quarter": 20043,
            "year": 2004,
            "quarter": 3,
            "eps": 3.43,
            "eps_growth_year": 11.73,
            "eps_4q": 12.42,
            "eps_4q_growth_year": null,
            "roe": 11.7,
            "roe_4q": 45.33,
            "gross_profit": 277830,
            "gross_margin": 34.1,
            "gross_margin_4q_avg": 34.27,
            "net_income": 207812,
            "net_income_4q": null,
            "revenue": 814851,
            "revenue_4q": null,
            "common_shares": 607748,
            "book_valuer_per_share": 30.93,
            "book_valuer_per_share_4q_avg": 35.46,
            "equity": 1879812,
            "current_ratio": 587.69,
            "debt_ratio": 16.13,
            "inventory_turnover_ratio": 1.62,
            "account_receivable_turnover_ratio": null,
            "reinvestment_rate": null,
            "research_to_sale_ratio": null,
            "price_fair": 43.2,
            "eps_avg_yearly": 14.4,
            "eps_latest_yearly": 13.72,
            "eps_growth_yearly": -3.95
        },
        "20044": {
            "year_quarter": 20044,
            "year": 2004,
            "quarter": 4,
            "eps": 2.61,
            "eps_growth_year": -38,
            "eps_4q": 11.92,
            "eps_4q_growth_year": -10.44,
            "roe": 8.05,
            "roe_4q": 40.66,
            "gross_profit": 239244,
            "gross_margin": 35.5,
            "gross_margin_4q_avg": 34.44,
            "net_income": 157598,
            "net_income_4q": null,
            "revenue": 674002,
            "revenue_4q": null,
            "common_shares": 607748,
            "book_valuer_per_share": 33.5,
            "book_valuer_per_share_4q_avg": 35.04,
            "equity": 2035969,
            "current_ratio": 1072.76,
            "debt_ratio": 9.02,
            "inventory_turnover_ratio": 1.37,
            "account_receivable_turnover_ratio": null,
            "reinvestment_rate": null,
            "research_to_sale_ratio": null,
            "price_fair": 41.5,
            "eps_avg_yearly": 13.83,
            "eps_latest_yearly": 10.44,
            "eps_growth_yearly": -17.05
        },
        "20051": {
            "year_quarter": 20051,
            "year": 2005,
            "quarter": 1,
            "eps": 2.96,
            "eps_growth_year": -17.55,
            "eps_4q": 12.22,
            "eps_4q_growth_year": -12.32,
            "roe": 8.39,
            "roe_4q": 39.35,
            "gross_profit": 248534,
            "gross_margin": 34.8,
            "gross_margin_4q_avg": 34.95,
            "net_income": 178270,
            "net_income_4q": null,
            "revenue": 714100,
            "revenue_4q": null,
            "common_shares": 607748,
            "book_valuer_per_share": 36.43,
            "book_valuer_per_share_4q_avg": 34.46,
            "equity": 2214239,
            "current_ratio": 565.19,
            "debt_ratio": 17.11,
            "inventory_turnover_ratio": 1.44,
            "account_receivable_turnover_ratio": null,
            "reinvestment_rate": null,
            "research_to_sale_ratio": null,
            "price_fair": 40.76,
            "eps_avg_yearly": 13.59,
            "eps_latest_yearly": 11.84,
            "eps_growth_yearly": -8.21
        },
        "20052": {
            "year_quarter": 20052,
            "year": 2005,
            "quarter": 2,
            "eps": 3.57,
            "eps_growth_year": -15.8,
            "eps_4q": 12.6,
            "eps_4q_growth_year": -16.55,
            "roe": 9.93,
            "roe_4q": 38.07,
            "gross_profit": 311767,
            "gross_margin": 36.25,
            "gross_margin_4q_avg": 35.16,
            "net_income": 215060,
            "net_income_4q": null,
            "revenue": 859976,
            "revenue_4q": null,
            "common_shares": 607748,
            "book_valuer_per_share": 34.86,
            "book_valuer_per_share_4q_avg": 33.93,
            "equity": 2118880,
            "current_ratio": 357.61,
            "debt_ratio": 27.24,
            "inventory_turnover_ratio": 1.47,
            "account_receivable_turnover_ratio": null,
            "reinvestment_rate": null,
            "research_to_sale_ratio": null,
            "price_fair": 162.05,
            "eps_avg_yearly": 13.66,
            "eps_latest_yearly": 14.28,
            "eps_growth_yearly": 1.86
        },
        "20053": {
            "year_quarter": 20053,
            "year": 2005,
            "quarter": 3,
            "eps": 3.8,
            "eps_growth_year": 10.79,
            "eps_4q": 11.62,
            "eps_4q_growth_year": -6.46,
            "roe": 11.83,
            "roe_4q": 38.2,
            "gross_profit": 345255,
            "gross_margin": 35.72,
            "gross_margin_4q_avg": 35.57,
            "net_income": 267662,
            "net_income_4q": null,
            "revenue": 966547,
            "revenue_4q": null,
            "common_shares": 708910,
            "book_valuer_per_share": 33.96,
            "book_valuer_per_share_4q_avg": 34.69,
            "equity": 2407553,
            "current_ratio": 527.07,
            "debt_ratio": 18.62,
            "inventory_turnover_ratio": 1.48,
            "account_receivable_turnover_ratio": null,
            "reinvestment_rate": null,
            "research_to_sale_ratio": null,
            "price_fair": 196.91,
            "eps_avg_yearly": 13.82,
            "eps_latest_yearly": 15.2,
            "eps_growth_yearly": 4.25
        },
        "20054": {
            "year_quarter": 20054,
            "year": 2005,
            "quarter": 4,
            "eps": 4.48,
            "eps_growth_year": 71.65,
            "eps_4q": 13.86,
            "eps_4q_growth_year": 16.23,
            "roe": 12.31,
            "roe_4q": 42.46,
            "gross_profit": 387791,
            "gross_margin": 34.85,
            "gross_margin_4q_avg": 35.41,
            "net_income": 315794,
            "net_income_4q": null,
            "revenue": 1112708,
            "revenue_4q": null,
            "common_shares": 708910,
            "book_valuer_per_share": 38.42,
            "book_valuer_per_share_4q_avg": 35.92,
            "equity": 2723346,
            "current_ratio": 578.62,
            "debt_ratio": 16.92,
            "inventory_turnover_ratio": 1.65,
            "account_receivable_turnover_ratio": null,
            "reinvestment_rate": null,
            "research_to_sale_ratio": null,
            "price_fair": 289.07,
            "eps_avg_yearly": 14.19,
            "eps_latest_yearly": 17.92,
            "eps_growth_yearly": 10.37
        },
        "20061": {
            "year_quarter": 20061,
            "year": 2006,
            "quarter": 1,
            "eps": 3.7,
            "eps_growth_year": 25,
            "eps_4q": 15.02,
            "eps_4q_growth_year": 22.97,
            "roe": 9.14,
            "roe_4q": 43.21,
            "gross_profit": 340786,
            "gross_margin": 34.11,
            "gross_margin_4q_avg": 35.23,
            "net_income": 260917,
            "net_income_4q": null,
            "revenue": 999043,
            "revenue_4q": null,
            "common_shares": 708910,
            "book_valuer_per_share": 42.1,
            "book_valuer_per_share_4q_avg": 37.34,
            "equity": 2984263,
            "current_ratio": 644.65,
            "debt_ratio": 15.25,
            "inventory_turnover_ratio": 1.36,
            "account_receivable_turnover_ratio": null,
            "reinvestment_rate": null,
            "research_to_sale_ratio": null,
            "price_fair": 195.15,
            "eps_avg_yearly": 14.24,
            "eps_latest_yearly": 14.8,
            "eps_growth_yearly": 3.7
        },
        "20062": {
            "year_quarter": 20062,
            "year": 2006,
            "quarter": 2,
            "eps": 3.03,
            "eps_growth_year": -15.13,
            "eps_4q": 15,
            "eps_4q_growth_year": 19.07,
            "roe": 7.44,
            "roe_4q": 40.72,
            "gross_profit": 331636,
            "gross_margin": 35,
            "gross_margin_4q_avg": 34.92,
            "net_income": 213795,
            "net_income_4q": null,
            "revenue": 947457,
            "revenue_4q": null,
            "common_shares": 708910,
            "book_valuer_per_share": 38.99,
            "book_valuer_per_share_4q_avg": 38.37,
            "equity": 2763938,
            "current_ratio": 391.04,
            "debt_ratio": 24.94,
            "inventory_turnover_ratio": 1.11,
            "account_receivable_turnover_ratio": null,
            "reinvestment_rate": null,
            "research_to_sale_ratio": null,
            "price_fair": 42.23,
            "eps_avg_yearly": 14.08,
            "eps_latest_yearly": 12.12,
            "eps_growth_yearly": -2.15
        },
        "20063": {
            "year_quarter": 20063,
            "year": 2006,
            "quarter": 3,
            "eps": 3.23,
            "eps_growth_year": -15,
            "eps_4q": 12.81,
            "eps_4q_growth_year": 10.23,
            "roe": 9.2,
            "roe_4q": 38.09,
            "gross_profit": 333295,
            "gross_margin": 33.65,
            "gross_margin_4q_avg": 34.4,
            "net_income": 266502,
            "net_income_4q": null,
            "revenue": 990374,
            "revenue_4q": null,
            "common_shares": 827747,
            "book_valuer_per_share": 36.61,
            "book_valuer_per_share_4q_avg": 39.03,
            "equity": 3030461,
            "current_ratio": 645.88,
            "debt_ratio": 15.16,
            "inventory_turnover_ratio": 1.2,
            "account_receivable_turnover_ratio": null,
            "reinvestment_rate": null,
            "research_to_sale_ratio": null,
            "price_fair": 41.98,
            "eps_avg_yearly": 13.99,
            "eps_latest_yearly": 12.92,
            "eps_growth_yearly": -0.11
        },
        "20064": {
            "year_quarter": 20064,
            "year": 2006,
            "quarter": 4,
            "eps": 3.21,
            "eps_growth_year": -28.35,
            "eps_4q": 12.19,
            "eps_4q_growth_year": -12.03,
            "roe": 8.38,
            "roe_4q": 34.16,
            "gross_profit": 346908,
            "gross_margin": 32.23,
            "gross_margin_4q_avg": 33.75,
            "net_income": 264936,
            "net_income_4q": null,
            "revenue": 1076232,
            "revenue_4q": null,
            "common_shares": 827747,
            "book_valuer_per_share": 39.82,
            "book_valuer_per_share_4q_avg": 39.38,
            "equity": 3295918,
            "current_ratio": 693.95,
            "debt_ratio": 14.15,
            "inventory_turnover_ratio": 1.35,
            "account_receivable_turnover_ratio": null,
            "reinvestment_rate": 1.02,
            "research_to_sale_ratio": null,
            "price_fair": 41.75,
            "eps_avg_yearly": 13.92,
            "eps_latest_yearly": 12.84,
            "eps_growth_yearly": -0.27
        },
        "20071": {
            "year_quarter": 20071,
            "year": 2007,
            "quarter": 1,
            "eps": 3.51,
            "eps_growth_year": -5.14,
            "eps_4q": 12.55,
            "eps_4q_growth_year": -16.44,
            "roe": 8.41,
            "roe_4q": 33.43,
            "gross_profit": 354611,
            "gross_margin": 37.94,
            "gross_margin_4q_avg": 34.71,
            "net_income": 289251,
            "net_income_4q": null,
            "revenue": 934593,
            "revenue_4q": null,
            "common_shares": 827747,
            "book_valuer_per_share": 43.32,
            "book_valuer_per_share_4q_avg": 39.69,
            "equity": 3585405,
            "current_ratio": 859.7,
            "debt_ratio": 11.49,
            "inventory_turnover_ratio": 0.96,
            "account_receivable_turnover_ratio": null,
            "reinvestment_rate": 0.76,
            "research_to_sale_ratio": null,
            "price_fair": 168.26,
            "eps_avg_yearly": 13.93,
            "eps_latest_yearly": 14.04,
            "eps_growth_yearly": 2.08
        },
        "20072": {
            "year_quarter": 20072,
            "year": 2007,
            "quarter": 2,
            "eps": 4,
            "eps_growth_year": 32.01,
            "eps_4q": 13.94,
            "eps_4q_growth_year": -7.04,
            "roe": 9.83,
            "roe_4q": 35.82000000000001,
            "gross_profit": 405616,
            "gross_margin": 39.06,
            "gross_margin_4q_avg": 35.72,
            "net_income": 330246,
            "net_income_4q": null,
            "revenue": 1038404,
            "revenue_4q": null,
            "common_shares": 827747,
            "book_valuer_per_share": 37.84,
            "book_valuer_per_share_4q_avg": 39.4,
            "equity": 3132572,
            "current_ratio": 347.46,
            "debt_ratio": 28.11,
            "inventory_turnover_ratio": 1.03,
            "account_receivable_turnover_ratio": null,
            "reinvestment_rate": 0.56,
            "research_to_sale_ratio": null,
            "price_fair": 318.43,
            "eps_avg_yearly": 14.16,
            "eps_latest_yearly": 16,
            "eps_growth_yearly": 12.49
        },
        "20073": {
            "year_quarter": 20073,
            "year": 2007,
            "quarter": 3,
            "eps": 3.86,
            "eps_growth_year": 19.5,
            "eps_4q": 13.68,
            "eps_4q_growth_year": 6.82,
            "roe": 10.51,
            "roe_4q": 37.13,
            "gross_profit": 462131,
            "gross_margin": 38.99,
            "gross_margin_4q_avg": 37.06,
            "net_income": 347480,
            "net_income_4q": null,
            "revenue": 1185324,
            "revenue_4q": null,
            "common_shares": 901196,
            "book_valuer_per_share": 38.62,
            "book_valuer_per_share_4q_avg": 39.9,
            "equity": 3480052,
            "current_ratio": 686.71,
            "debt_ratio": 14.29,
            "inventory_turnover_ratio": 1.23,
            "account_receivable_turnover_ratio": null,
            "reinvestment_rate": 0.57,
            "research_to_sale_ratio": null,
            "price_fair": 309.14,
            "eps_avg_yearly": 14.36,
            "eps_latest_yearly": 15.44,
            "eps_growth_yearly": 11.53
        },
        "20074": {
            "year_quarter": 20074,
            "year": 2007,
            "quarter": 4,
            "eps": 2.93,
            "eps_growth_year": -8.72,
            "eps_4q": 13.68,
            "eps_4q_growth_year": 12.21,
            "roe": 7.3,
            "roe_4q": 36.05,
            "gross_profit": 452953,
            "gross_margin": 39.67,
            "gross_margin_4q_avg": 38.92,
            "net_income": 263582,
            "net_income_4q": null,
            "revenue": 1141701,
            "revenue_4q": null,
            "common_shares": 901196,
            "book_valuer_per_share": 41.55,
            "book_valuer_per_share_4q_avg": 40.33,
            "equity": 3744463,
            "current_ratio": 751.68,
            "debt_ratio": 12.72,
            "inventory_turnover_ratio": 1.11,
            "account_receivable_turnover_ratio": null,
            "reinvestment_rate": 3.55,
            "research_to_sale_ratio": null,
            "price_fair": 42.11,
            "eps_avg_yearly": 14.04,
            "eps_latest_yearly": 11.72,
            "eps_growth_yearly": -3.78
        },
        "20081": {
            "year_quarter": 20081,
            "year": 2008,
            "quarter": 1,
            "eps": 1.23,
            "eps_growth_year": -64.96,
            "eps_4q": 11.63,
            "eps_4q_growth_year": -7.39,
            "roe": 2.93,
            "roe_4q": 30.57,
            "gross_profit": 400200,
            "gross_margin": 39.02,
            "gross_margin_4q_avg": 39.19,
            "net_income": 111371,
            "net_income_4q": null,
            "revenue": 1025614,
            "revenue_4q": null,
            "common_shares": 901196,
            "book_valuer_per_share": 42.81,
            "book_valuer_per_share_4q_avg": 40.21,
            "equity": 3857775,
            "current_ratio": 787.88,
            "debt_ratio": 12.19,
            "inventory_turnover_ratio": 1.14,
            "account_receivable_turnover_ratio": null,
            "reinvestment_rate": 3.34,
            "research_to_sale_ratio": null,
            "price_fair": 40.34,
            "eps_avg_yearly": 13.45,
            "eps_latest_yearly": 4.92,
            "eps_growth_yearly": -14.6
        },
        "20082": {
            "year_quarter": 20082,
            "year": 2008,
            "quarter": 2,
            "eps": 3.28,
            "eps_growth_year": -18,
            "eps_4q": 11.29,
            "eps_4q_growth_year": -18.99,
            "roe": 7.98,
            "roe_4q": 28.72,
            "gross_profit": 448453,
            "gross_margin": 38.95,
            "gross_margin_4q_avg": 39.16,
            "net_income": 295701,
            "net_income_4q": null,
            "revenue": 1151447,
            "revenue_4q": null,
            "common_shares": 901196,
            "book_valuer_per_share": 39.44,
            "book_valuer_per_share_4q_avg": 40.61,
            "equity": 3554142,
            "current_ratio": 376.11,
            "debt_ratio": 25.12,
            "inventory_turnover_ratio": 1.45,
            "account_receivable_turnover_ratio": null,
            "reinvestment_rate": 4.3,
            "research_to_sale_ratio": null,
            "price_fair": 429.79,
            "eps_avg_yearly": 13.21,
            "eps_latest_yearly": 13.12,
            "eps_growth_yearly": 22.54
        },
        "20083": {
            "year_quarter": 20083,
            "year": 2008,
            "quarter": 3,
            "eps": 3.5,
            "eps_growth_year": -9.33,
            "eps_4q": 10.2,
            "eps_4q_growth_year": -25.45,
            "roe": 9.39,
            "roe_4q": 27.6,
            "gross_profit": 487971,
            "gross_margin": 38.75,
            "gross_margin_4q_avg": 39.1,
            "net_income": 350231,
            "net_income_4q": null,
            "revenue": 1259283,
            "revenue_4q": null,
            "common_shares": 1000000,
            "book_valuer_per_share": 39.05,
            "book_valuer_per_share_4q_avg": 40.71,
            "equity": 3904680,
            "current_ratio": 628.22,
            "debt_ratio": 14.33,
            "inventory_turnover_ratio": 1.21,
            "account_receivable_turnover_ratio": null,
            "reinvestment_rate": 9.34,
            "research_to_sale_ratio": null,
            "price_fair": 462.88,
            "eps_avg_yearly": 13.23,
            "eps_latest_yearly": 14,
            "eps_growth_yearly": 28.99
        },
        "20084": {
            "year_quarter": 20084,
            "year": 2008,
            "quarter": 4,
            "eps": 2.74,
            "eps_growth_year": -6.48,
            "eps_4q": 10.3,
            "eps_4q_growth_year": -24.69,
            "roe": 6.79,
            "roe_4q": 27.09,
            "gross_profit": 397028,
            "gross_margin": 43.16,
            "gross_margin_4q_avg": 39.97,
            "net_income": 274394,
            "net_income_4q": null,
            "revenue": 919865,
            "revenue_4q": null,
            "common_shares": 1000000,
            "book_valuer_per_share": 41.78,
            "book_valuer_per_share_4q_avg": 40.77,
            "equity": 4177918,
            "current_ratio": 857.29,
            "debt_ratio": 9.64,
            "inventory_turnover_ratio": 0.7,
            "account_receivable_turnover_ratio": 4.79,
            "reinvestment_rate": 16.95,
            "research_to_sale_ratio": null,
            "price_fair": 464.01,
            "eps_avg_yearly": 13.26,
            "eps_latest_yearly": 10.96,
            "eps_growth_yearly": 29.54
        },
        "20091": {
            "year_quarter": 20091,
            "year": 2009,
            "quarter": 1,
            "eps": 1.87,
            "eps_growth_year": 52.03,
            "eps_4q": 11.06,
            "eps_4q_growth_year": -4.88,
            "roe": 4.38,
            "roe_4q": 28.540000000000003,
            "gross_profit": 284554,
            "gross_margin": 39.45,
            "gross_margin_4q_avg": 40.08,
            "net_income": 187287,
            "net_income_4q": null,
            "revenue": 721298,
            "revenue_4q": null,
            "common_shares": 1000000,
            "book_valuer_per_share": 43.65,
            "book_valuer_per_share_4q_avg": 40.98,
            "equity": 4365165,
            "current_ratio": 766.2,
            "debt_ratio": 10.85,
            "inventory_turnover_ratio": 0.63,
            "account_receivable_turnover_ratio": 2.13,
            "reinvestment_rate": 17.41,
            "research_to_sale_ratio": null,
            "price_fair": 366.85,
            "eps_avg_yearly": 12.99,
            "eps_latest_yearly": 7.48,
            "eps_growth_yearly": 18.25
        },
        "20092": {
            "year_quarter": 20092,
            "year": 2009,
            "quarter": 2,
            "eps": 1.45,
            "eps_growth_year": -55.79,
            "eps_4q": 9.55,
            "eps_4q_growth_year": -15.41,
            "roe": 3.51,
            "roe_4q": 24.07,
            "gross_profit": 304890,
            "gross_margin": 33.7,
            "gross_margin_4q_avg": 38.77,
            "net_income": 145286,
            "net_income_4q": null,
            "revenue": 904604,
            "revenue_4q": null,
            "common_shares": 1000000,
            "book_valuer_per_share": 39.11,
            "book_valuer_per_share_4q_avg": 40.9,
            "equity": 3910579,
            "current_ratio": 354.7,
            "debt_ratio": 23.45,
            "inventory_turnover_ratio": 0.99,
            "account_receivable_turnover_ratio": 2.9,
            "reinvestment_rate": 18.03,
            "research_to_sale_ratio": null,
            "price_fair": 217.78,
            "eps_avg_yearly": 12.46,
            "eps_latest_yearly": 5.8,
            "eps_growth_yearly": 7.49
        },
        "20093": {
            "year_quarter": 20093,
            "year": 2009,
            "quarter": 3,
            "eps": 1.82,
            "eps_growth_year": -48,
            "eps_4q": 7.9,
            "eps_4q_growth_year": -22.55,
            "roe": 4.54,
            "roe_4q": 19.22,
            "gross_profit": 362184,
            "gross_margin": 35.56,
            "gross_margin_4q_avg": 37.97,
            "net_income": 181658,
            "net_income_4q": null,
            "revenue": 1018496,
            "revenue_4q": null,
            "common_shares": 1000000,
            "book_valuer_per_share": 40.92,
            "book_valuer_per_share_4q_avg": 41.37,
            "equity": 4091567,
            "current_ratio": 655.23,
            "debt_ratio": 12.47,
            "inventory_turnover_ratio": 1.17,
            "account_receivable_turnover_ratio": 2.84,
            "reinvestment_rate": 17.71,
            "research_to_sale_ratio": null,
            "price_fair": 266.15,
            "eps_avg_yearly": 11.96,
            "eps_latest_yearly": 7.28,
            "eps_growth_yearly": 12.25
        },
        "20094": {
            "year_quarter": 20094,
            "year": 2009,
            "quarter": 4,
            "eps": 1.82,
            "eps_growth_year": -33.58,
            "eps_4q": 6.96,
            "eps_4q_growth_year": -32.43,
            "roe": 4.35,
            "roe_4q": 16.78,
            "gross_profit": 324509,
            "gross_margin": 31.19,
            "gross_margin_4q_avg": 34.98,
            "net_income": 181908,
            "net_income_4q": null,
            "revenue": 1040491,
            "revenue_4q": null,
            "common_shares": 1000000,
            "book_valuer_per_share": 42.74,
            "book_valuer_per_share_4q_avg": 41.61,
            "equity": 4273557,
            "current_ratio": 660.98,
            "debt_ratio": 12.48,
            "inventory_turnover_ratio": 1.47,
            "account_receivable_turnover_ratio": 5.08,
            "reinvestment_rate": 17.99,
            "research_to_sale_ratio": null,
            "price_fair": 200.83,
            "eps_avg_yearly": 11.3,
            "eps_latest_yearly": 7.28,
            "eps_growth_yearly": 7.78
        },
        "20101": {
            "year_quarter": 20101,
            "year": 2010,
            "quarter": 1,
            "eps": 1.63,
            "eps_growth_year": -12.83,
            "eps_4q": 6.72,
            "eps_4q_growth_year": -39.25,
            "roe": 3.74,
            "roe_4q": 16.14,
            "gross_profit": 287614,
            "gross_margin": 31.3,
            "gross_margin_4q_avg": 32.94,
            "net_income": 162968,
            "net_income_4q": null,
            "revenue": 918747,
            "revenue_4q": null,
            "common_shares": 1000000,
            "book_valuer_per_share": 44.37,
            "book_valuer_per_share_4q_avg": 41.79,
            "equity": 4436637,
            "current_ratio": 643.86,
            "debt_ratio": 12.95,
            "inventory_turnover_ratio": 1.38,
            "account_receivable_turnover_ratio": 2.26,
            "reinvestment_rate": 18.3,
            "research_to_sale_ratio": null,
            "price_fair": 210.41,
            "eps_avg_yearly": 10.78,
            "eps_latest_yearly": 6.52,
            "eps_growth_yearly": 9.52
        },
        "20102": {
            "year_quarter": 20102,
            "year": 2010,
            "quarter": 2,
            "eps": 1.97,
            "eps_growth_year": 35.79,
            "eps_4q": 7.23,
            "eps_4q_growth_year": -24.27,
            "roe": 4.65,
            "roe_4q": 17.28,
            "gross_profit": 315998,
            "gross_margin": 32.07,
            "gross_margin_4q_avg": 32.53,
            "net_income": 196896,
            "net_income_4q": null,
            "revenue": 985469,
            "revenue_4q": null,
            "common_shares": 1000000,
            "book_valuer_per_share": 40.34,
            "book_valuer_per_share_4q_avg": 42.09,
            "equity": 4033719,
            "current_ratio": 366.15,
            "debt_ratio": 22.85,
            "inventory_turnover_ratio": 1.42,
            "account_receivable_turnover_ratio": 2.23,
            "reinvestment_rate": 18.21,
            "research_to_sale_ratio": null,
            "price_fair": 307.64,
            "eps_avg_yearly": 10.51,
            "eps_latest_yearly": 7.88,
            "eps_growth_yearly": 19.26
        },
        "20103": {
            "year_quarter": 20103,
            "year": 2010,
            "quarter": 3,
            "eps": 2.01,
            "eps_growth_year": 10.25,
            "eps_4q": 7.42,
            "eps_4q_growth_year": -6.04,
            "roe": 4.85,
            "roe_4q": 17.59,
            "gross_profit": 329141,
            "gross_margin": 32.89,
            "gross_margin_4q_avg": 31.86,
            "net_income": 200649,
            "net_income_4q": null,
            "revenue": 1000875,
            "revenue_4q": null,
            "common_shares": 1000000,
            "book_valuer_per_share": 42.35,
            "book_valuer_per_share_4q_avg": 42.45,
            "equity": 4234531,
            "current_ratio": 644.95,
            "debt_ratio": 12.83,
            "inventory_turnover_ratio": 1.45,
            "account_receivable_turnover_ratio": 2.26,
            "reinvestment_rate": 18.37,
            "research_to_sale_ratio": null,
            "price_fair": 287.06,
            "eps_avg_yearly": 10.21,
            "eps_latest_yearly": 8.04,
            "eps_growth_yearly": 18.12
        },
        "20104": {
            "year_quarter": 20104,
            "year": 2010,
            "quarter": 4,
            "eps": 1.72,
            "eps_growth_year": -5.46,
            "eps_4q": 7.33,
            "eps_4q_growth_year": 5.23,
            "roe": 3.98,
            "roe_4q": 17.22,
            "gross_profit": 333702,
            "gross_margin": 32.66,
            "gross_margin_4q_avg": 32.23,
            "net_income": 172066,
            "net_income_4q": null,
            "revenue": 1021669,
            "revenue_4q": null,
            "common_shares": 1000000,
            "book_valuer_per_share": 44.06,
            "book_valuer_per_share_4q_avg": 42.78,
            "equity": 4406053,
            "current_ratio": 629.04,
            "debt_ratio": 13.29,
            "inventory_turnover_ratio": 1.5,
            "account_receivable_turnover_ratio": 2.81,
            "reinvestment_rate": 18.65,
            "research_to_sale_ratio": null,
            "price_fair": 242.63,
            "eps_avg_yearly": 9.84,
            "eps_latest_yearly": 6.88,
            "eps_growth_yearly": 14.67
        },
        "20111": {
            "year_quarter": 20111,
            "year": 2011,
            "quarter": 1,
            "eps": 2.13,
            "eps_growth_year": 30.67,
            "eps_4q": 7.83,
            "eps_4q_growth_year": 16.55,
            "roe": 4.73,
            "roe_4q": 18.21,
            "gross_profit": 319081,
            "gross_margin": 32.28,
            "gross_margin_4q_avg": 32.48,
            "net_income": 213416,
            "net_income_4q": null,
            "revenue": 988362,
            "revenue_4q": null,
            "common_shares": 1000000,
            "book_valuer_per_share": 46.2,
            "book_valuer_per_share_4q_avg": 43.24,
            "equity": 4619575,
            "current_ratio": 575.71,
            "debt_ratio": 14.7,
            "inventory_turnover_ratio": 1.33,
            "account_receivable_turnover_ratio": 2.96,
            "reinvestment_rate": 18.99,
            "research_to_sale_ratio": 2.8,
            "price_fair": 268.5,
            "eps_avg_yearly": 9.49,
            "eps_latest_yearly": 8.52,
            "eps_growth_yearly": 18.29
        },
        "20112": {
            "year_quarter": 20112,
            "year": 2011,
            "quarter": 2,
            "eps": 2.18,
            "eps_growth_year": 10.92,
            "eps_4q": 8.05,
            "eps_4q_growth_year": 11.21,
            "roe": 4.98,
            "roe_4q": 18.54,
            "gross_profit": 332640,
            "gross_margin": 34.41,
            "gross_margin_4q_avg": 33.06,
            "net_income": 218389,
            "net_income_4q": null,
            "revenue": 966804,
            "revenue_4q": null,
            "common_shares": 1000000,
            "book_valuer_per_share": 41.36,
            "book_valuer_per_share_4q_avg": 43.49,
            "equity": 4155261,
            "current_ratio": 338.32,
            "debt_ratio": 25.1,
            "inventory_turnover_ratio": 1.09,
            "account_receivable_turnover_ratio": 2.85,
            "reinvestment_rate": 19.57,
            "research_to_sale_ratio": 2.89,
            "price_fair": 229.39,
            "eps_avg_yearly": 9.04,
            "eps_latest_yearly": 8.72,
            "eps_growth_yearly": 15.39
        },
        "20113": {
            "year_quarter": 20113,
            "year": 2011,
            "quarter": 3,
            "eps": 2.21,
            "eps_growth_year": 10.26,
            "eps_4q": 8.25,
            "eps_4q_growth_year": 11.14,
            "roe": 5.21,
            "roe_4q": 18.900000000000002,
            "gross_profit": 350832,
            "gross_margin": 34.6,
            "gross_margin_4q_avg": 33.49,
            "net_income": 222348,
            "net_income_4q": null,
            "revenue": 1014059,
            "revenue_4q": null,
            "common_shares": 1000000,
            "book_valuer_per_share": 43.58,
            "book_valuer_per_share_4q_avg": 43.8,
            "equity": 4373664,
            "current_ratio": 620.37,
            "debt_ratio": 13.49,
            "inventory_turnover_ratio": 1.17,
            "account_receivable_turnover_ratio": 2.88,
            "reinvestment_rate": 20.2,
            "research_to_sale_ratio": 3.98,
            "price_fair": 229.43,
            "eps_avg_yearly": 8.62,
            "eps_latest_yearly": 8.84,
            "eps_growth_yearly": 16.61
        },
        "20114": {
            "year_quarter": 20114,
            "year": 2011,
            "quarter": 4,
            "eps": 2.37,
            "eps_growth_year": 37.52,
            "eps_4q": 8.9,
            "eps_4q_growth_year": 21.44,
            "roe": 5.29,
            "roe_4q": 20.21,
            "gross_profit": 333445,
            "gross_margin": 37.71,
            "gross_margin_4q_avg": 34.75,
            "net_income": 237512,
            "net_income_4q": null,
            "revenue": 884134,
            "revenue_4q": null,
            "common_shares": 1000000,
            "book_valuer_per_share": 45.95,
            "book_valuer_per_share_4q_avg": 44.27,
            "equity": 4611456,
            "current_ratio": 697.96,
            "debt_ratio": 12.09,
            "inventory_turnover_ratio": 1.09,
            "account_receivable_turnover_ratio": 2.67,
            "reinvestment_rate": 17.72,
            "research_to_sale_ratio": 2.29,
            "price_fair": 292.15,
            "eps_avg_yearly": 8.48,
            "eps_latest_yearly": 9.48,
            "eps_growth_yearly": 24.44
        },
        "20121": {
            "year_quarter": 20121,
            "year": 2012,
            "quarter": 1,
            "eps": 1.78,
            "eps_growth_year": -16.43,
            "eps_4q": 8.55,
            "eps_4q_growth_year": 9.14,
            "roe": 3.81,
            "roe_4q": 19.29,
            "gross_profit": 309138,
            "gross_margin": 36.59,
            "gross_margin_4q_avg": 35.83,
            "net_income": 179083,
            "net_income_4q": null,
            "revenue": 844896,
            "revenue_4q": null,
            "common_shares": 1000000,
            "book_valuer_per_share": 47.73,
            "book_valuer_per_share_4q_avg": 44.66,
            "equity": 4790804,
            "current_ratio": 692.24,
            "debt_ratio": 12.3,
            "inventory_turnover_ratio": 1.17,
            "account_receivable_turnover_ratio": 2.69,
            "reinvestment_rate": 17.56,
            "research_to_sale_ratio": 3.07,
            "price_fair": 301.7,
            "eps_avg_yearly": 8.62,
            "eps_latest_yearly": 7.12,
            "eps_growth_yearly": 32.72
        },
        "20122": {
            "year_quarter": 20122,
            "year": 2012,
            "quarter": 2,
            "eps": 2.2,
            "eps_growth_year": 0.55,
            "eps_4q": 8.56,
            "eps_4q_growth_year": 6.38,
            "roe": 4.85,
            "roe_4q": 19.16,
            "gross_profit": 330123,
            "gross_margin": 38.08,
            "gross_margin_4q_avg": 36.75,
            "net_income": 220464,
            "net_income_4q": null,
            "revenue": 866917,
            "revenue_4q": null,
            "common_shares": 1000000,
            "book_valuer_per_share": 42.92,
            "book_valuer_per_share_4q_avg": 45.05,
            "equity": 4306963,
            "current_ratio": 354.11,
            "debt_ratio": 24.14,
            "inventory_turnover_ratio": 1.23,
            "account_receivable_turnover_ratio": 2.53,
            "reinvestment_rate": 16.6,
            "research_to_sale_ratio": 2.99,
            "price_fair": 25.05,
            "eps_avg_yearly": 8.35,
            "eps_latest_yearly": 8.8,
            "eps_growth_yearly": -3.04
        },
        "20123": {
            "year_quarter": 20123,
            "year": 2012,
            "quarter": 3,
            "eps": 2.14,
            "eps_growth_year": -3.16,
            "eps_4q": 8.49,
            "eps_4q_growth_year": 2.88,
            "roe": 4.87,
            "roe_4q": 18.82,
            "gross_profit": 328396,
            "gross_margin": 38.34,
            "gross_margin_4q_avg": 37.68,
            "net_income": 215302,
            "net_income_4q": null,
            "revenue": 856485,
            "revenue_4q": null,
            "common_shares": 1000000,
            "book_valuer_per_share": 45.06,
            "book_valuer_per_share_4q_avg": 45.42,
            "equity": 4526271,
            "current_ratio": 666.54,
            "debt_ratio": 12.65,
            "inventory_turnover_ratio": 1.24,
            "account_receivable_turnover_ratio": 2.44,
            "reinvestment_rate": 10.39,
            "research_to_sale_ratio": 3.06,
            "price_fair": 24.03,
            "eps_avg_yearly": 8.01,
            "eps_latest_yearly": 8.56,
            "eps_growth_yearly": -5.4
        },
        "20124": {
            "year_quarter": 20124,
            "year": 2012,
            "quarter": 4,
            "eps": 1.23,
            "eps_growth_year": -48.03,
            "eps_4q": 7.35,
            "eps_4q_growth_year": -17.36,
            "roe": 2.7,
            "roe_4q": 16.23,
            "gross_profit": 268040,
            "gross_margin": 37.8,
            "gross_margin_4q_avg": 37.7,
            "net_income": 123808,
            "net_income_4q": null,
            "revenue": 709038,
            "revenue_4q": null,
            "common_shares": 1000000,
            "book_valuer_per_share": 46.29,
            "book_valuer_per_share_4q_avg": 45.5,
            "equity": 4650199,
            "current_ratio": 738.08,
            "debt_ratio": 11.47,
            "inventory_turnover_ratio": 1.01,
            "account_receivable_turnover_ratio": 2.21,
            "reinvestment_rate": 9.44,
            "research_to_sale_ratio": 3.93,
            "price_fair": 22.9,
            "eps_avg_yearly": 7.63,
            "eps_latest_yearly": 4.92,
            "eps_growth_yearly": -10.61
        },
        "20131": {
            "year_quarter": 20131,
            "year": 2013,
            "quarter": 1,
            "eps": 1.65,
            "eps_growth_year": -7.3,
            "eps_4q": 7.22,
            "eps_4q_growth_year": -15.56,
            "roe": 3.5,
            "roe_4q": 15.92,
            "gross_profit": 249451,
            "gross_margin": 37.13,
            "gross_margin_4q_avg": 37.84,
            "net_income": 165807,
            "net_income_4q": null,
            "revenue": 671882,
            "revenue_4q": null,
            "common_shares": 1000000,
            "book_valuer_per_share": 48.05,
            "book_valuer_per_share_4q_avg": 45.58,
            "equity": 4826754,
            "current_ratio": 760.99,
            "debt_ratio": 11.16,
            "inventory_turnover_ratio": 0.92,
            "account_receivable_turnover_ratio": 2.32,
            "reinvestment_rate": -0.98,
            "research_to_sale_ratio": 4.52,
            "price_fair": 120.25,
            "eps_avg_yearly": 7.58,
            "eps_latest_yearly": 6.6,
            "eps_growth_yearly": 5.87
        },
        "20132": {
            "year_quarter": 20132,
            "year": 2013,
            "quarter": 2,
            "eps": 1.74,
            "eps_growth_year": -20.76,
            "eps_4q": 6.76,
            "eps_4q_growth_year": -21.06,
            "roe": 3.82,
            "roe_4q": 14.89,
            "gross_profit": 278197,
            "gross_margin": 38.65,
            "gross_margin_4q_avg": 37.98,
            "net_income": 174466,
            "net_income_4q": null,
            "revenue": 719822,
            "revenue_4q": null,
            "common_shares": 1000000,
            "book_valuer_per_share": 42.79,
            "book_valuer_per_share_4q_avg": 45.55,
            "equity": 4297617,
            "current_ratio": 363.52,
            "debt_ratio": 23.38,
            "inventory_turnover_ratio": 0.94,
            "account_receivable_turnover_ratio": 2.38,
            "reinvestment_rate": -1.46,
            "research_to_sale_ratio": 3.95,
            "price_fair": 174.79,
            "eps_avg_yearly": 7.65,
            "eps_latest_yearly": 6.96,
            "eps_growth_yearly": 12.85
        },
        "20133": {
            "year_quarter": 20133,
            "year": 2013,
            "quarter": 3,
            "eps": 1.58,
            "eps_growth_year": -26.26,
            "eps_4q": 6.2,
            "eps_4q_growth_year": -26.99,
            "roe": 3.64,
            "roe_4q": 13.66,
            "gross_profit": 266169,
            "gross_margin": 37.82,
            "gross_margin_4q_avg": 37.85,
            "net_income": 159623,
            "net_income_4q": null,
            "revenue": 703796,
            "revenue_4q": null,
            "common_shares": 1000000,
            "book_valuer_per_share": 44.37,
            "book_valuer_per_share_4q_avg": 45.38,
            "equity": 4461043,
            "current_ratio": 818.44,
            "debt_ratio": 10.17,
            "inventory_turnover_ratio": 0.95,
            "account_receivable_turnover_ratio": 2.15,
            "reinvestment_rate": -0.64,
            "research_to_sale_ratio": 3.29,
            "price_fair": 107.55,
            "eps_avg_yearly": 7.59,
            "eps_latest_yearly": 6.32,
            "eps_growth_yearly": 4.17
        },
        "20134": {
            "year_quarter": 20134,
            "year": 2013,
            "quarter": 4,
            "eps": 0.15,
            "eps_growth_year": -87.54,
            "eps_4q": 5.12,
            "eps_4q_growth_year": -30.35,
            "roe": 0.37,
            "roe_4q": 11.33,
            "gross_profit": 199164,
            "gross_margin": 36.77,
            "gross_margin_4q_avg": 37.59,
            "net_income": 16421,
            "net_income_4q": null,
            "revenue": 541627,
            "revenue_4q": null,
            "common_shares": 1000000,
            "book_valuer_per_share": 44.53,
            "book_valuer_per_share_4q_avg": 44.94,
            "equity": 4478277,
            "current_ratio": 799.03,
            "debt_ratio": 10.34,
            "inventory_turnover_ratio": 0.76,
            "account_receivable_turnover_ratio": 1.91,
            "reinvestment_rate": 0.61,
            "research_to_sale_ratio": 6.18,
            "price_fair": 21.52,
            "eps_avg_yearly": 7.17,
            "eps_latest_yearly": 0.6,
            "eps_growth_yearly": -18.46
        },
        "20141": {
            "year_quarter": 20141,
            "year": 2014,
            "quarter": 1,
            "eps": 0.87,
            "eps_growth_year": -47.27,
            "eps_4q": 4.34,
            "eps_4q_growth_year": -39.88,
            "roe": 1.94,
            "roe_4q": 9.77,
            "gross_profit": 151850,
            "gross_margin": 33,
            "gross_margin_4q_avg": 36.56,
            "net_income": 87856,
            "net_income_4q": null,
            "revenue": 460122,
            "revenue_4q": null,
            "common_shares": 1000000,
            "book_valuer_per_share": 45.4,
            "book_valuer_per_share_4q_avg": 44.27,
            "equity": 4566133,
            "current_ratio": 850,
            "debt_ratio": 9.73,
            "inventory_turnover_ratio": 0.71,
            "account_receivable_turnover_ratio": 2.14,
            "reinvestment_rate": 1.39,
            "research_to_sale_ratio": 5.73,
            "price_fair": 244.39,
            "eps_avg_yearly": 6.98,
            "eps_latest_yearly": 3.48,
            "eps_growth_yearly": 104.15
        },
        "20142": {
            "year_quarter": 20142,
            "year": 2014,
            "quarter": 2,
            "eps": 0.52,
            "eps_growth_year": -70.11,
            "eps_4q": 3.13,
            "eps_4q_growth_year": -53.73,
            "roe": 1.49,
            "roe_4q": 7.4399999999999995,
            "gross_profit": 139884,
            "gross_margin": 29.97,
            "gross_margin_4q_avg": 34.39,
            "net_income": 53474,
            "net_income_4q": null,
            "revenue": 466806,
            "revenue_4q": null,
            "common_shares": 1000000,
            "book_valuer_per_share": 25.92,
            "book_valuer_per_share_4q_avg": 40.06,
            "equity": 2615325,
            "current_ratio": 170.76,
            "debt_ratio": 48.97,
            "inventory_turnover_ratio": 0.78,
            "account_receivable_turnover_ratio": 1.95,
            "reinvestment_rate": -0.6,
            "research_to_sale_ratio": 6.12,
            "price_fair": 231.7,
            "eps_avg_yearly": 6.62,
            "eps_latest_yearly": 2.08,
            "eps_growth_yearly": 88.88
        },
        "20143": {
            "year_quarter": 20143,
            "year": 2014,
            "quarter": 3,
            "eps": 0.65,
            "eps_growth_year": -58.86,
            "eps_4q": 2.19,
            "eps_4q_growth_year": -64.7,
            "roe": 2.49,
            "roe_4q": 6.29,
            "gross_profit": 135486,
            "gross_margin": 26.99,
            "gross_margin_4q_avg": 31.68,
            "net_income": 66189,
            "net_income_4q": null,
            "revenue": 502030,
            "revenue_4q": null,
            "common_shares": 1000000,
            "book_valuer_per_share": 26.56,
            "book_valuer_per_share_4q_avg": 35.6,
            "equity": 2691259,
            "current_ratio": 528,
            "debt_ratio": 14,
            "inventory_turnover_ratio": 0.87,
            "account_receivable_turnover_ratio": 1.75,
            "reinvestment_rate": -0.33,
            "research_to_sale_ratio": 7.03,
            "price_fair": 219.8,
            "eps_avg_yearly": 6.28,
            "eps_latest_yearly": 2.6,
            "eps_growth_yearly": 94.62
        },
        "20144": {
            "year_quarter": 20144,
            "year": 2014,
            "quarter": 4,
            "eps": 0.81,
            "eps_growth_year": 430.37,
            "eps_4q": 2.85,
            "eps_4q_growth_year": -44.39,
            "roe": 3.05,
            "roe_4q": 8.97,
            "gross_profit": 142467,
            "gross_margin": 29.22,
            "gross_margin_4q_avg": 29.8,
            "net_income": 83423,
            "net_income_4q": null,
            "revenue": 487515,
            "revenue_4q": null,
            "common_shares": 1000000,
            "book_valuer_per_share": 27.37,
            "book_valuer_per_share_4q_avg": 31.31,
            "equity": 2774649,
            "current_ratio": 570.93,
            "debt_ratio": 13.2,
            "inventory_turnover_ratio": 0.83,
            "account_receivable_turnover_ratio": 1.57,
            "reinvestment_rate": 0.01,
            "research_to_sale_ratio": 5.18,
            "price_fair": 211.84,
            "eps_avg_yearly": 6.05,
            "eps_latest_yearly": 3.24,
            "eps_growth_yearly": 104.38
        },
        "20151": {
            "year_quarter": 20151,
            "year": 2015,
            "quarter": 1,
            "eps": 0.26,
            "eps_growth_year": -70.11,
            "eps_4q": 2.24,
            "eps_4q_growth_year": -48.32,
            "roe": 1,
            "roe_4q": 8.03,
            "gross_profit": 116307,
            "gross_margin": 25.94,
            "gross_margin_4q_avg": 28.03,
            "net_income": 27903,
            "net_income_4q": null,
            "revenue": 448316,
            "revenue_4q": null,
            "common_shares": 1000000,
            "book_valuer_per_share": 27.63,
            "book_valuer_per_share_4q_avg": 26.87,
            "equity": 2802552,
            "current_ratio": 553.8,
            "debt_ratio": 13.59,
            "inventory_turnover_ratio": 0.76,
            "account_receivable_turnover_ratio": 1.45,
            "reinvestment_rate": -0.06,
            "research_to_sale_ratio": 5.55,
            "price_fair": 195.48,
            "eps_avg_yearly": 5.59,
            "eps_latest_yearly": 1.04,
            "eps_growth_yearly": 81.45
        },
        "20152": {
            "year_quarter": 20152,
            "year": 2015,
            "quarter": 2,
            "eps": 0.38,
            "eps_growth_year": -26.92,
            "eps_4q": 2.1,
            "eps_4q_growth_year": -32.79,
            "roe": 1.43,
            "roe_4q": 7.97,
            "gross_profit": 88923,
            "gross_margin": 22.45,
            "gross_margin_4q_avg": 26.15,
            "net_income": 39322,
            "net_income_4q": null,
            "revenue": 396024,
            "revenue_4q": null,
            "common_shares": 1000000,
            "book_valuer_per_share": 26.59,
            "book_valuer_per_share_4q_avg": 27.04,
            "equity": 2692393,
            "current_ratio": 465.1,
            "debt_ratio": 15.94,
            "inventory_turnover_ratio": 0.67,
            "account_receivable_turnover_ratio": 1.43,
            "reinvestment_rate": 1.02,
            "research_to_sale_ratio": 6.36,
            "price_fair": 179.73,
            "eps_avg_yearly": 5.14,
            "eps_latest_yearly": 1.52,
            "eps_growth_yearly": 92.4
        },
        "20153": {
            "year_quarter": 20153,
            "year": 2015,
            "quarter": 3,
            "eps": 0.58,
            "eps_growth_year": -10.77,
            "eps_4q": 2.03,
            "eps_4q_growth_year": -7.17,
            "roe": 2.23,
            "roe_4q": 7.71,
            "gross_profit": 81485,
            "gross_margin": 19.64,
            "gross_margin_4q_avg": 24.31,
            "net_income": 60872,
            "net_income_4q": null,
            "revenue": 414918,
            "revenue_4q": null,
            "common_shares": 1000000,
            "book_valuer_per_share": 27.18,
            "book_valuer_per_share_4q_avg": 27.19,
            "equity": 2754924,
            "current_ratio": 687.06,
            "debt_ratio": 10.78,
            "inventory_turnover_ratio": 0.81,
            "account_receivable_turnover_ratio": 1.52,
            "reinvestment_rate": 1.56,
            "research_to_sale_ratio": 6.19,
            "price_fair": 165.46,
            "eps_avg_yearly": 4.73,
            "eps_latest_yearly": 2.32,
            "eps_growth_yearly": 105.21
        },
        "20154": {
            "year_quarter": 20154,
            "year": 2015,
            "quarter": 4,
            "eps": 0.17,
            "eps_growth_year": -79.6,
            "eps_4q": 1.38,
            "eps_4q_growth_year": -51.39,
            "roe": 0.66,
            "roe_4q": 5.32,
            "gross_profit": 63365,
            "gross_margin": 18.08,
            "gross_margin_4q_avg": 21.53,
            "net_income": 18275,
            "net_income_4q": null,
            "revenue": 350478,
            "revenue_4q": null,
            "common_shares": 1000000,
            "book_valuer_per_share": 27.34,
            "book_valuer_per_share_4q_avg": 27.19,
            "equity": 2780933,
            "current_ratio": 820.78,
            "debt_ratio": 9.04,
            "inventory_turnover_ratio": 0.82,
            "account_receivable_turnover_ratio": 1.45,
            "reinvestment_rate": -1.47,
            "research_to_sale_ratio": 3.95,
            "price_fair": 146.21,
            "eps_avg_yearly": 4.18,
            "eps_latest_yearly": 0.68,
            "eps_growth_yearly": 85.73
        },
        "20161": {
            "year_quarter": 20161,
            "year": 2016,
            "quarter": 1,
            "eps": 0.15,
            "eps_growth_year": -42.31,
            "eps_4q": 1.28,
            "eps_4q_growth_year": -43.08,
            "roe": 0.6,
            "roe_4q": 4.92,
            "gross_profit": 80652,
            "gross_margin": 23.43,
            "gross_margin_4q_avg": 20.9,
            "net_income": 16840,
            "net_income_4q": null,
            "revenue": 344288,
            "revenue_4q": null,
            "common_shares": 1000000,
            "book_valuer_per_share": 27.51,
            "book_valuer_per_share_4q_avg": 27.16,
            "equity": 2799510,
            "current_ratio": 762.1,
            "debt_ratio": 9.69,
            "inventory_turnover_ratio": 0.79,
            "account_receivable_turnover_ratio": 1.82,
            "reinvestment_rate": -1.84,
            "research_to_sale_ratio": 6.26,
            "price_fair": 131.95,
            "eps_avg_yearly": 3.77,
            "eps_latest_yearly": 0.6,
            "eps_growth_yearly": 89.01
        },
        "20162": {
            "year_quarter": 20162,
            "year": 2016,
            "quarter": 2,
            "eps": 0.17,
            "eps_growth_year": -55.26,
            "eps_4q": 1.07,
            "eps_4q_growth_year": -49.11,
            "roe": 0.68,
            "roe_4q": 4.17,
            "gross_profit": 78105,
            "gross_margin": 22.44,
            "gross_margin_4q_avg": 20.9,
            "net_income": 18793,
            "net_income_4q": null,
            "revenue": 348078,
            "revenue_4q": null,
            "common_shares": 1000000,
            "book_valuer_per_share": 26.7,
            "book_valuer_per_share_4q_avg": 27.18,
            "equity": 2711884,
            "current_ratio": 600.56,
            "debt_ratio": 12.35,
            "inventory_turnover_ratio": 0.86,
            "account_receivable_turnover_ratio": 1.85,
            "reinvestment_rate": -3.27,
            "research_to_sale_ratio": 5.8,
            "price_fair": 114.19,
            "eps_avg_yearly": 3.26,
            "eps_latest_yearly": 0.68,
            "eps_growth_yearly": 86.45
        },
        "20163": {
            "year_quarter": 20163,
            "year": 2016,
            "quarter": 3,
            "eps": 0.05,
            "eps_growth_year": -91.38,
            "eps_4q": 0.54,
            "eps_4q_growth_year": -73.22,
            "roe": 0.26,
            "roe_4q": 2.2,
            "gross_profit": 78687,
            "gross_margin": 19.81,
            "gross_margin_4q_avg": 20.94,
            "net_income": 7055,
            "net_income_4q": null,
            "revenue": 397305,
            "revenue_4q": null,
            "common_shares": 1000000,
            "book_valuer_per_share": 26.77,
            "book_valuer_per_share_4q_avg": 27.08,
            "equity": 2724826,
            "current_ratio": 787.17,
            "debt_ratio": 9.33,
            "inventory_turnover_ratio": 1.09,
            "account_receivable_turnover_ratio": 1.85,
            "reinvestment_rate": -3.96,
            "research_to_sale_ratio": 5.45,
            "price_fair": 95.9,
            "eps_avg_yearly": 2.74,
            "eps_latest_yearly": 0.2,
            "eps_growth_yearly": 69.48
        },
        "20164": {
            "year_quarter": 20164,
            "year": 2016,
            "quarter": 4,
            "eps": -0.07,
            "eps_growth_year": -140.9,
            "eps_4q": 0.31,
            "eps_4q_growth_year": -77.59,
            "roe": -0.13,
            "roe_4q": 1.4100000000000001,
            "gross_profit": 19518,
            "gross_margin": 5.32,
            "gross_margin_4q_avg": 17.75,
            "net_income": -3647,
            "net_income_4q": null,
            "revenue": 366945,
            "revenue_4q": null,
            "common_shares": 1000000,
            "book_valuer_per_share": 26.72,
            "book_valuer_per_share_4q_avg": 26.93,
            "equity": 2722836,
            "current_ratio": 894.39,
            "debt_ratio": 8.14,
            "inventory_turnover_ratio": 1.3,
            "account_receivable_turnover_ratio": 1.34,
            "reinvestment_rate": -33.33,
            "research_to_sale_ratio": 3.31,
            "price_fair": 90.81,
            "eps_avg_yearly": 2.59,
            "eps_latest_yearly": 0.2,
            "eps_growth_yearly": 85.46
        },
        "20171": {
            "year_quarter": 20171,
            "year": 2017,
            "quarter": 1,
            "eps": -0.1,
            "eps_growth_year": -166.67,
            "eps_4q": 0.06,
            "eps_4q_growth_year": -95.27,
            "roe": -0.33,
            "roe_4q": 0.48000000000000004,
            "gross_profit": 56425,
            "gross_margin": 20.21,
            "gross_margin_4q_avg": 16.95,
            "net_income": -8862,
            "net_income_4q": null,
            "revenue": 279174,
            "revenue_4q": null,
            "common_shares": 1000000,
            "book_valuer_per_share": 26.64,
            "book_valuer_per_share_4q_avg": 26.71,
            "equity": 2715395,
            "current_ratio": 1216.29,
            "debt_ratio": 5.92,
            "inventory_turnover_ratio": 0.96,
            "account_receivable_turnover_ratio": 1.03,
            "reinvestment_rate": -6.49,
            "research_to_sale_ratio": 4.11,
            "price_fair": 80.8,
            "eps_avg_yearly": 2.31,
            "eps_latest_yearly": 0.2,
            "eps_growth_yearly": 81.8
        },
        "20172": {
            "year_quarter": 20172,
            "year": 2017,
            "quarter": 2,
            "eps": 0.02,
            "eps_growth_year": -88.24,
            "eps_4q": -0.1,
            "eps_4q_growth_year": -108.9,
            "roe": 0.15,
            "roe_4q": -0.050000000000000044,
            "gross_profit": 44614,
            "gross_margin": 17.03,
            "gross_margin_4q_avg": 15.59,
            "net_income": 3984,
            "net_income_4q": null,
            "revenue": 261949,
            "revenue_4q": null,
            "common_shares": 1000000,
            "book_valuer_per_share": 26.19,
            "book_valuer_per_share_4q_avg": 26.58,
            "equity": 2665165,
            "current_ratio": 997.41,
            "debt_ratio": 7.2,
            "inventory_turnover_ratio": 1.03,
            "account_receivable_turnover_ratio": 1.25,
            "reinvestment_rate": -8.18,
            "research_to_sale_ratio": 5.84,
            "price_fair": 68.28,
            "eps_avg_yearly": 1.95,
            "eps_latest_yearly": 0.2,
            "eps_growth_yearly": 86.42
        },
        "20173": {
            "year_quarter": 20173,
            "year": 2017,
            "quarter": 3,
            "eps": 0.03,
            "eps_growth_year": -40,
            "eps_4q": -0.15,
            "eps_4q_growth_year": -127.55,
            "roe": 0.18,
            "roe_4q": -0.13000000000000006,
            "gross_profit": 48192,
            "gross_margin": 17.92,
            "gross_margin_4q_avg": 15.12,
            "net_income": 4717,
            "net_income_4q": null,
            "revenue": 268962,
            "revenue_4q": null,
            "common_shares": 800000,
            "book_valuer_per_share": 30.27,
            "book_valuer_per_share_4q_avg": 27.46,
            "equity": 2471935,
            "current_ratio": 1106.59,
            "debt_ratio": 6.28,
            "inventory_turnover_ratio": 1.08,
            "account_receivable_turnover_ratio": 1.32,
            "reinvestment_rate": -10.94,
            "research_to_sale_ratio": 5.45,
            "price_fair": 51.58,
            "eps_avg_yearly": 1.47,
            "eps_latest_yearly": 0.12,
            "eps_growth_yearly": 104.63
        },
        "20174": {
            "year_quarter": 20174,
            "year": 2017,
            "quarter": 4,
            "eps": -0.22,
            "eps_growth_year": null,
            "eps_4q": -0.28,
            "eps_4q_growth_year": -190.49,
            "roe": -0.64,
            "roe_4q": -0.6400000000000001,
            "gross_profit": 47191,
            "gross_margin": 20.73,
            "gross_margin_4q_avg": 18.97,
            "net_income": -15745,
            "net_income_4q": null,
            "revenue": 227682,
            "revenue_4q": null,
            "common_shares": 800000,
            "book_valuer_per_share": 30.05,
            "book_valuer_per_share_4q_avg": 28.29,
            "equity": 2455764,
            "current_ratio": 1176.18,
            "debt_ratio": 5.87,
            "inventory_turnover_ratio": 0.88,
            "account_receivable_turnover_ratio": 1.17,
            "reinvestment_rate": -19.98,
            "research_to_sale_ratio": 12.6,
            "price_fair": 54.13,
            "eps_avg_yearly": 1.55,
            "eps_latest_yearly": 0.12,
            "eps_growth_yearly": 143.52
        },
        "20181": {
            "year_quarter": 20181,
            "year": 2018,
            "quarter": 1,
            "eps": -0.06,
            "eps_growth_year": null,
            "eps_4q": -0.22,
            "eps_4q_growth_year": -461.51,
            "roe": -0.13,
            "roe_4q": -0.44000000000000006,
            "gross_profit": 39998,
            "gross_margin": 16.84,
            "gross_margin_4q_avg": 18.13,
            "net_income": -3269,
            "net_income_4q": null,
            "revenue": 237449,
            "revenue_4q": null,
            "common_shares": 800000,
            "book_valuer_per_share": 29.97,
            "book_valuer_per_share_4q_avg": 29.12,
            "equity": 2450506,
            "current_ratio": 959.07,
            "debt_ratio": 7.2,
            "inventory_turnover_ratio": 0.91,
            "account_receivable_turnover_ratio": 1.38,
            "reinvestment_rate": -32.26,
            "research_to_sale_ratio": 5.22,
            "price_fair": 4.11,
            "eps_avg_yearly": 1.37,
            "eps_latest_yearly": 0.12,
            "eps_growth_yearly": -17.98
        },
        "20182": {
            "year_quarter": 20182,
            "year": 2018,
            "quarter": 2,
            "eps": -0.05,
            "eps_growth_year": -350,
            "eps_4q": -0.29,
            "eps_4q_growth_year": null,
            "roe": -0.06,
            "roe_4q": -0.6500000000000001,
            "gross_profit": 38122,
            "gross_margin": 17.01,
            "gross_margin_4q_avg": 18.13,
            "net_income": -1458,
            "net_income_4q": null,
            "revenue": 224151,
            "revenue_4q": null,
            "common_shares": 800000,
            "book_valuer_per_share": 29.4,
            "book_valuer_per_share_4q_avg": 29.92,
            "equity": 2402092,
            "current_ratio": 838.51,
            "debt_ratio": 8.23,
            "inventory_turnover_ratio": 0.84,
            "account_receivable_turnover_ratio": 1.28,
            "reinvestment_rate": -17.22,
            "research_to_sale_ratio": 11.22,
            "price_fair": 3.9,
            "eps_avg_yearly": 1.3,
            "eps_latest_yearly": 0.12,
            "eps_growth_yearly": -3.68
        },
        "20183": {
            "year_quarter": 20183,
            "year": 2018,
            "quarter": 3,
            "eps": -0.03,
            "eps_growth_year": -200,
            "eps_4q": -0.36,
            "eps_4q_growth_year": null,
            "roe": -0.02,
            "roe_4q": -0.8500000000000001,
            "gross_profit": 37119,
            "gross_margin": 17.47,
            "gross_margin_4q_avg": 18.01,
            "net_income": -404,
            "net_income_4q": null,
            "revenue": 212420,
            "revenue_4q": null,
            "common_shares": 800000,
            "book_valuer_per_share": 29.37,
            "book_valuer_per_share_4q_avg": 29.7,
            "equity": 2401480,
            "current_ratio": 1082.4,
            "debt_ratio": 6.33,
            "inventory_turnover_ratio": 0.85,
            "account_receivable_turnover_ratio": 1.15,
            "reinvestment_rate": -24.06,
            "research_to_sale_ratio": 5.25,
            "price_fair": 3.47,
            "eps_avg_yearly": 1.16,
            "eps_latest_yearly": 0.12,
            "eps_growth_yearly": -15.2
        },
        "20184": {
            "year_quarter": 20184,
            "year": 2018,
            "quarter": 4,
            "eps": -0.11,
            "eps_growth_year": null,
            "eps_4q": -0.25,
            "eps_4q_growth_year": null,
            "roe": -0.32,
            "roe_4q": -0.53,
            "gross_profit": 24807,
            "gross_margin": 12.87,
            "gross_margin_4q_avg": 16.05,
            "net_income": -7711,
            "net_income_4q": null,
            "revenue": 192772,
            "revenue_4q": null,
            "common_shares": 800000,
            "book_valuer_per_share": 29.3,
            "book_valuer_per_share_4q_avg": 29.51,
            "equity": 2399322,
            "current_ratio": 1239.88,
            "debt_ratio": 5.53,
            "inventory_turnover_ratio": 0.88,
            "account_receivable_turnover_ratio": 1.04,
            "reinvestment_rate": -45.8,
            "research_to_sale_ratio": 6.04,
            "price_fair": 2.69,
            "eps_avg_yearly": 0.9,
            "eps_latest_yearly": 0.12,
            "eps_growth_yearly": -29.41
        },
        "20191": {
            "year_quarter": 20191,
            "year": 2019,
            "quarter": 1,
            "eps": -0.21,
            "eps_growth_year": null,
            "eps_4q": -0.4,
            "eps_4q_growth_year": null,
            "roe": -0.68,
            "roe_4q": -1.08,
            "gross_profit": 23808,
            "gross_margin": 13.22,
            "gross_margin_4q_avg": 15.14,
            "net_income": -16294,
            "net_income_4q": null,
            "revenue": 180096,
            "revenue_4q": null,
            "common_shares": 800000,
            "book_valuer_per_share": 29.09,
            "book_valuer_per_share_4q_avg": 29.29,
            "equity": 2384376,
            "current_ratio": 1400.32,
            "debt_ratio": 4.87,
            "inventory_turnover_ratio": 0.91,
            "account_receivable_turnover_ratio": 1.07,
            "reinvestment_rate": -64.34,
            "research_to_sale_ratio": 9.11,
            "price_fair": 13.28,
            "eps_avg_yearly": 0.87,
            "eps_latest_yearly": 0.12,
            "eps_growth_yearly": 5.19
        },
        "20192": {
            "year_quarter": 20192,
            "year": 2019,
            "quarter": 2,
            "eps": -0.55,
            "eps_growth_year": null,
            "eps_4q": -0.9,
            "eps_4q_growth_year": null,
            "roe": -1.86,
            "roe_4q": -2.88,
            "gross_profit": 17381,
            "gross_margin": 9.96,
            "gross_margin_4q_avg": 13.38,
            "net_income": -43449,
            "net_income_4q": null,
            "revenue": 174588,
            "revenue_4q": null,
            "common_shares": 800000,
            "book_valuer_per_share": 28.04,
            "book_valuer_per_share_4q_avg": 28.95,
            "equity": 2294819,
            "current_ratio": 891.67,
            "debt_ratio": 7.57,
            "inventory_turnover_ratio": 1,
            "account_receivable_turnover_ratio": 1.08,
            "reinvestment_rate": -3941.18,
            "research_to_sale_ratio": 16.95,
            "price_fair": 2.3,
            "eps_avg_yearly": 0.77,
            "eps_latest_yearly": 0.12,
            "eps_growth_yearly": -24.72
        },
        "20193": {
            "year_quarter": 20193,
            "year": 2019,
            "quarter": 3,
            "eps": -0.14,
            "eps_growth_year": null,
            "eps_4q": -1.01,
            "eps_4q_growth_year": null,
            "roe": -0.43,
            "roe_4q": -3.29,
            "gross_profit": 23553,
            "gross_margin": 10.23,
            "gross_margin_4q_avg": 11.57,
            "net_income": -9854,
            "net_income_4q": null,
            "revenue": 230132,
            "revenue_4q": null,
            "common_shares": 800000,
            "book_valuer_per_share": 27.89,
            "book_valuer_per_share_4q_avg": 28.58,
            "equity": 2284723,
            "current_ratio": 952.93,
            "debt_ratio": 7.05,
            "inventory_turnover_ratio": 1.35,
            "account_receivable_turnover_ratio": 1.2,
            "reinvestment_rate": null,
            "research_to_sale_ratio": 5.19,
            "price_fair": 1.37,
            "eps_avg_yearly": 0.46,
            "eps_latest_yearly": 0.12,
            "eps_growth_yearly": -71.77
        },
        "20194": {
            "year_quarter": 20194,
            "year": 2019,
            "quarter": 4,
            "eps": -0.25,
            "eps_growth_year": null,
            "eps_4q": -1.16,
            "eps_4q_growth_year": null,
            "roe": -0.8,
            "roe_4q": -3.77,
            "gross_profit": 14567,
            "gross_margin": 6.64,
            "gross_margin_4q_avg": 10.01,
            "net_income": -18297,
            "net_income_4q": null,
            "revenue": 219240,
            "revenue_4q": null,
            "common_shares": 800000,
            "book_valuer_per_share": 27.65,
            "book_valuer_per_share_4q_avg": 28.17,
            "equity": 2266216,
            "current_ratio": 1091.12,
            "debt_ratio": 7.06,
            "inventory_turnover_ratio": 1.4,
            "account_receivable_turnover_ratio": 1.06,
            "reinvestment_rate": null,
            "research_to_sale_ratio": 5.69,
            "price_fair": 1.2,
            "eps_avg_yearly": 0.4,
            "eps_latest_yearly": 0.12,
            "eps_growth_yearly": -19.02
        },
        "20201": {
            "year_quarter": 20201,
            "year": 2020,
            "quarter": 1,
            "eps": -0.1,
            "eps_growth_year": null,
            "eps_4q": -1.05,
            "eps_4q_growth_year": null,
            "roe": -0.3,
            "roe_4q": -3.39,
            "gross_profit": 29119,
            "gross_margin": 15.74,
            "gross_margin_4q_avg": 10.64,
            "net_income": -6778,
            "net_income_4q": null,
            "revenue": 185025,
            "revenue_4q": null,
            "common_shares": 800000,
            "book_valuer_per_share": 27.34,
            "book_valuer_per_share_4q_avg": 27.73,
            "equity": 2243429,
            "current_ratio": 890.42,
            "debt_ratio": 8.31,
            "inventory_turnover_ratio": 1,
            "account_receivable_turnover_ratio": 1.02,
            "reinvestment_rate": null,
            "research_to_sale_ratio": 6.86,
            "price_fair": 1,
            "eps_avg_yearly": 0.33,
            "eps_latest_yearly": 0.12,
            "eps_growth_yearly": -9.67
        },
        "20202": {
            "year_quarter": 20202,
            "year": 2020,
            "quarter": 2,
            "eps": -0.14,
            "eps_growth_year": null,
            "eps_4q": -0.63,
            "eps_4q_growth_year": null,
            "roe": -0.45,
            "roe_4q": -1.98,
            "gross_profit": 27848,
            "gross_margin": 12.29,
            "gross_margin_4q_avg": 11.23,
            "net_income": -10074,
            "net_income_4q": null,
            "revenue": 226537,
            "revenue_4q": null,
            "common_shares": 800000,
            "book_valuer_per_share": 27.2,
            "book_valuer_per_share_4q_avg": 27.52,
            "equity": 2229920,
            "current_ratio": 972.45,
            "debt_ratio": 7.61,
            "inventory_turnover_ratio": 1.14,
            "account_receivable_turnover_ratio": 1.46,
            "reinvestment_rate": null,
            "research_to_sale_ratio": 4.68,
            "price_fair": 0.48,
            "eps_avg_yearly": 0.16,
            "eps_latest_yearly": 0.12,
            "eps_growth_yearly": -41.18
        },
        "20203": {
            "year_quarter": 20203,
            "year": 2020,
            "quarter": 3,
            "eps": 0.13,
            "eps_growth_year": null,
            "eps_4q": -0.35,
            "eps_4q_growth_year": null,
            "roe": 0.6,
            "roe_4q": -0.9500000000000001,
            "gross_profit": 58462,
            "gross_margin": 14.29,
            "gross_margin_4q_avg": 12.24,
            "net_income": 13364,
            "net_income_4q": null,
            "revenue": 408995,
            "revenue_4q": null,
            "common_shares": 800000,
            "book_valuer_per_share": 27.34,
            "book_valuer_per_share_4q_avg": 27.38,
            "equity": 2246996,
            "current_ratio": 765.96,
            "debt_ratio": 9.49,
            "inventory_turnover_ratio": 1.88,
            "account_receivable_turnover_ratio": 2.21,
            "reinvestment_rate": null,
            "research_to_sale_ratio": 2.6,
            "price_fair": 4.2,
            "eps_avg_yearly": 0.12,
            "eps_latest_yearly": 0.12,
            "eps_growth_yearly": 200
        },
        "20204": {
            "year_quarter": 20204,
            "year": 2020,
            "quarter": 4,
            "eps": -0.04,
            "eps_growth_year": null,
            "eps_4q": -0.15,
            "eps_4q_growth_year": null,
            "roe": 0,
            "roe_4q": -0.15000000000000002,
            "gross_profit": 53911,
            "gross_margin": 13.42,
            "gross_margin_4q_avg": 13.94,
            "net_income": 93,
            "net_income_4q": null,
            "revenue": 401617,
            "revenue_4q": null,
            "common_shares": 800000,
            "book_valuer_per_share": 27.27,
            "book_valuer_per_share_4q_avg": 27.29,
            "equity": 2245308,
            "current_ratio": 712.27,
            "debt_ratio": 10.19,
            "inventory_turnover_ratio": 1.88,
            "account_receivable_turnover_ratio": 1.58,
            "reinvestment_rate": null,
            "research_to_sale_ratio": 2.64,
            "price_fair": 4.2,
            "eps_avg_yearly": 0.12,
            "eps_latest_yearly": 0.12,
            "eps_growth_yearly": 200
        },
        "20211": {
            "year_quarter": 20211,
            "year": 2021,
            "quarter": 1,
            "eps": 0.06,
            "eps_growth_year": null,
            "eps_4q": 0.01,
            "eps_4q_growth_year": null,
            "roe": 0.32,
            "roe_4q": 0.4699999999999999,
            "gross_profit": 52236,
            "gross_margin": 16.26,
            "gross_margin_4q_avg": 14.07,
            "net_income": 7197,
            "net_income_4q": null,
            "revenue": 321263,
            "revenue_4q": null,
            "common_shares": 800000,
            "book_valuer_per_share": 27.12,
            "book_valuer_per_share_4q_avg": 27.23,
            "equity": 2236060,
            "current_ratio": 717.48,
            "debt_ratio": 10.12,
            "inventory_turnover_ratio": 1.61,
            "account_receivable_turnover_ratio": 1.22,
            "reinvestment_rate": null,
            "research_to_sale_ratio": 3.92,
            "price_fair": 4.2,
            "eps_avg_yearly": 0.12,
            "eps_latest_yearly": 0.12,
            "eps_growth_yearly": 200
        },
        "20212": {
            "year_quarter": 20212,
            "year": 2021,
            "quarter": 2,
            "eps": 0.04,
            "eps_growth_year": null,
            "eps_4q": 0.19,
            "eps_4q_growth_year": null,
            "roe": 0.38,
            "roe_4q": 1.2999999999999998,
            "gross_profit": 56162,
            "gross_margin": 15.57,
            "gross_margin_4q_avg": 14.89,
            "net_income": 8443,
            "net_income_4q": null,
            "revenue": 360802,
            "revenue_4q": null,
            "common_shares": 800000,
            "book_valuer_per_share": 27.15,
            "book_valuer_per_share_4q_avg": 27.22,
            "equity": 2238507,
            "current_ratio": 713.96,
            "debt_ratio": 10.23,
            "inventory_turnover_ratio": 1.96,
            "account_receivable_turnover_ratio": 1.36,
            "reinvestment_rate": null,
            "research_to_sale_ratio": 1.99,
            "price_fair": 4.9,
            "eps_avg_yearly": 0.14,
            "eps_latest_yearly": 0.16,
            "eps_growth_yearly": 33.33
        },
        "20213": {
            "year_quarter": 20213,
            "year": 2021,
            "quarter": 3,
            "eps": 0.2,
            "eps_growth_year": 53.85,
            "eps_4q": 0.25,
            "eps_4q_growth_year": null,
            "roe": 0.93,
            "roe_4q": 1.6300000000000001,
            "gross_profit": 56304,
            "gross_margin": 15.82,
            "gross_margin_4q_avg": 15.27,
            "net_income": 20904,
            "net_income_4q": null,
            "revenue": 355983,
            "revenue_4q": null,
            "common_shares": 800000,
            "book_valuer_per_share": 27.32,
            "book_valuer_per_share_4q_avg": 27.22,
            "equity": 2275076,
            "current_ratio": 706.64,
            "debt_ratio": 10.4,
            "inventory_turnover_ratio": 1.54,
            "account_receivable_turnover_ratio": 1.25,
            "reinvestment_rate": null,
            "research_to_sale_ratio": 2.31,
            "price_fair": 16.8,
            "eps_avg_yearly": 0.48,
            "eps_latest_yearly": 0.8,
            "eps_growth_yearly": 733.33
        },
        "20214": {
            "year_quarter": 20214,
            "year": 2021,
            "quarter": 4,
            "eps": 0.09,
            "eps_growth_year": null,
            "eps_4q": 0.39,
            "eps_4q_growth_year": null,
            "roe": 0.3,
            "roe_4q": 1.93,
            "gross_profit": 61692,
            "gross_margin": 19.42,
            "gross_margin_4q_avg": 16.77,
            "net_income": 6766,
            "net_income_4q": null,
            "revenue": 317708,
            "revenue_4q": null,
            "common_shares": 800000,
            "book_valuer_per_share": 27.4,
            "book_valuer_per_share_4q_avg": 27.25,
            "equity": 2282647,
            "current_ratio": 624.69,
            "debt_ratio": 11.88,
            "inventory_turnover_ratio": 0.93,
            "account_receivable_turnover_ratio": 1.16,
            "reinvestment_rate": null,
            "research_to_sale_ratio": 2.3,
            "price_fair": 15.4,
            "eps_avg_yearly": 0.44,
            "eps_latest_yearly": 0.36,
            "eps_growth_yearly": 415.56
        },
        "20221": {
            "year_quarter": 20221,
            "year": 2022,
            "quarter": 1,
            "eps": 0.26,
            "eps_growth_year": 333.33,
            "eps_4q": 0.59,
            "eps_4q_growth_year": 8784.2,
            "roe": 1.13,
            "roe_4q": 2.7399999999999998,
            "gross_profit": 56955,
            "gross_margin": 17.78,
            "gross_margin_4q_avg": 17.15,
            "net_income": 25768,
            "net_income_4q": null,
            "revenue": 320387,
            "revenue_4q": null,
            "common_shares": 800000,
            "book_valuer_per_share": 27.31,
            "book_valuer_per_share_4q_avg": 27.3,
            "equity": 2279231,
            "current_ratio": 652.71,
            "debt_ratio": 11.48,
            "inventory_turnover_ratio": 0.85,
            "account_receivable_turnover_ratio": 1.15,
            "reinvestment_rate": null,
            "research_to_sale_ratio": 2.19,
            "price_fair": 20.65,
            "eps_avg_yearly": 0.59,
            "eps_latest_yearly": 1.04,
            "eps_growth_yearly": 500.56
        },
        "20222": {
            "year_quarter": 20222,
            "year": 2022,
            "quarter": 2,
            "eps": 0.36,
            "eps_growth_year": 800,
            "eps_4q": 0.91,
            "eps_4q_growth_year": 370.66,
            "roe": 1.41,
            "roe_4q": 3.77,
            "gross_profit": 59689,
            "gross_margin": 18.03,
            "gross_margin_4q_avg": 17.76,
            "net_income": 32326,
            "net_income_4q": null,
            "revenue": 330984,
            "revenue_4q": null,
            "common_shares": 800000,
            "book_valuer_per_share": 27.67,
            "book_valuer_per_share_4q_avg": 27.43,
            "equity": 2313468,
            "current_ratio": 752.57,
            "debt_ratio": 10.18,
            "inventory_turnover_ratio": 0.92,
            "account_receivable_turnover_ratio": 1.15,
            "reinvestment_rate": null,
            "research_to_sale_ratio": 2.17,
            "price_fair": 26.6,
            "eps_avg_yearly": 0.76,
            "eps_latest_yearly": 1.44,
            "eps_growth_yearly": 431.21
        },
        "20223": {
            "year_quarter": 20223,
            "year": 2022,
            "quarter": 3,
            "eps": 0.53,
            "eps_growth_year": 165,
            "eps_4q": 1.25,
            "eps_4q_growth_year": 390.96,
            "roe": 1.91,
            "roe_4q": 4.749999999999999,
            "gross_profit": 61963,
            "gross_margin": 19.57,
            "gross_margin_4q_avg": 18.7,
            "net_income": 44650,
            "net_income_4q": null,
            "revenue": 316565,
            "revenue_4q": null,
            "common_shares": 800000,
            "book_valuer_per_share": 28.21,
            "book_valuer_per_share_4q_avg": 27.65,
            "equity": 2361140,
            "current_ratio": 856.53,
            "debt_ratio": 9.4,
            "inventory_turnover_ratio": 0.93,
            "account_receivable_turnover_ratio": 1.07,
            "reinvestment_rate": -227.12,
            "research_to_sale_ratio": 2.71,
            "price_fair": 34.53,
            "eps_avg_yearly": 0.99,
            "eps_latest_yearly": 2.12,
            "eps_growth_yearly": 390.83
        },
        "20224": {
            "year_quarter": 20224,
            "year": 2022,
            "quarter": 4,
            "eps": 0.03,
            "eps_growth_year": -71.37,
            "eps_4q": 1.18,
            "eps_4q_growth_year": 205.32,
            "roe": 0.14,
            "roe_4q": 4.59,
            "gross_profit": 44795,
            "gross_margin": 17.01,
            "gross_margin_4q_avg": 18.1,
            "net_income": 3261,
            "net_income_4q": null,
            "revenue": 263273,
            "revenue_4q": null,
            "common_shares": 800000,
            "book_valuer_per_share": 28.26,
            "book_valuer_per_share_4q_avg": 27.86,
            "equity": 2365199,
            "current_ratio": 1245.72,
            "debt_ratio": 6.66,
            "inventory_turnover_ratio": 0.95,
            "account_receivable_turnover_ratio": 0.93,
            "reinvestment_rate": -110.81,
            "research_to_sale_ratio": 2.73,
            "price_fair": 30.2,
            "eps_avg_yearly": 0.86,
            "eps_latest_yearly": 0.12,
            "eps_growth_yearly": 281.09
        },
        "20231": {
            "year_quarter": 20231,
            "year": 2023,
            "quarter": 1,
            "eps": 0.12,
            "eps_growth_year": -53.85,
            "eps_4q": 1.04,
            "eps_4q_growth_year": 75.46,
            "roe": 0.51,
            "roe_4q": 3.9699999999999998,
            "gross_profit": 46682,
            "gross_margin": 17.97,
            "gross_margin_4q_avg": 18.15,
            "net_income": 11930,
            "net_income_4q": null,
            "revenue": 259763,
            "revenue_4q": null,
            "common_shares": 800000,
            "book_valuer_per_share": 27.38,
            "book_valuer_per_share_4q_avg": 27.88,
            "equity": 2297259,
            "current_ratio": 743.04,
            "debt_ratio": 9.94,
            "inventory_turnover_ratio": 1.12,
            "account_receivable_turnover_ratio": 1.08,
            "reinvestment_rate": -48.77,
            "research_to_sale_ratio": 2.59,
            "price_fair": 28.53,
            "eps_avg_yearly": 0.82,
            "eps_latest_yearly": 0.48,
            "eps_growth_yearly": 395.95
        },
        "20232": {
            "year_quarter": 20232,
            "year": 2023,
            "quarter": 2,
            "eps": 0.26,
            "eps_growth_year": -27.78,
            "eps_4q": 0.94,
            "eps_4q_growth_year": 3.75,
            "roe": 0.99,
            "roe_4q": 3.55,
            "gross_profit": 49076,
            "gross_margin": 17.76,
            "gross_margin_4q_avg": 18.08,
            "net_income": 22813,
            "net_income_4q": null,
            "revenue": 276374,
            "revenue_4q": null,
            "common_shares": 800000,
            "book_valuer_per_share": 27.62,
            "book_valuer_per_share_4q_avg": 27.87,
            "equity": 2305759,
            "current_ratio": 678.57,
            "debt_ratio": 11.01,
            "inventory_turnover_ratio": 1.42,
            "account_receivable_turnover_ratio": 1.18,
            "reinvestment_rate": -20.85,
            "research_to_sale_ratio": 2.97,
            "price_fair": 29.4,
            "eps_avg_yearly": 0.84,
            "eps_latest_yearly": 1.04,
            "eps_growth_yearly": 403.81
        },
        "20233": {
            "year_quarter": 20233,
            "year": 2023,
            "quarter": 3,
            "eps": 0.39,
            "eps_growth_year": -26.42,
            "eps_4q": 0.8,
            "eps_4q_growth_year": -35.79,
            "roe": 1.59,
            "roe_4q": 3.23,
            "gross_profit": 60041,
            "gross_margin": 18.26,
            "gross_margin_4q_avg": 17.75,
            "net_income": 36903,
            "net_income_4q": null,
            "revenue": 328857,
            "revenue_4q": null,
            "common_shares": 800000,
            "book_valuer_per_share": 28.03,
            "book_valuer_per_share_4q_avg": 27.82,
            "equity": 2345173,
            "current_ratio": 720.47,
            "debt_ratio": 10.32,
            "inventory_turnover_ratio": 1.78,
            "account_receivable_turnover_ratio": 1.15,
            "reinvestment_rate": -13.21,
            "research_to_sale_ratio": 2.07,
            "price_fair": 31.92,
            "eps_avg_yearly": 0.91,
            "eps_latest_yearly": 1.56,
            "eps_growth_yearly": 383.43
        }
    },
    "months": {
        "2003-10": {
            "month": "2003-10",
            "price": "175.50",
            "revenue": 220108
        },
        "2003-11": {
            "month": "2003-11",
            "price": "144.33",
            "revenue": 213503
        },
        "2003-12": {
            "month": "2003-12",
            "price": "146.50",
            "revenue": 200196
        },
        "2004-01": {
            "month": "2004-01",
            "price": "149.80",
            "revenue": 220448
        },
        "2004-02": {
            "month": "2004-02",
            "price": "180.95",
            "revenue": 222662
        },
        "2004-03": {
            "month": "2004-03",
            "price": "175.17",
            "revenue": 242145
        },
        "2004-04": {
            "month": "2004-04",
            "price": "171.50",
            "revenue": 257550
        },
        "2004-05": {
            "month": "2004-05",
            "price": "152.43",
            "revenue": 265615
        },
        "2004-06": {
            "month": "2004-06",
            "price": "138.88",
            "revenue": 264601
        },
        "2004-07": {
            "month": "2004-07",
            "price": "116.91",
            "revenue": 273544
        },
        "2004-08": {
            "month": "2004-08",
            "price": "102.40",
            "revenue": 276335
        },
        "2004-09": {
            "month": "2004-09",
            "price": "115.31",
            "revenue": 264973
        },
        "2004-10": {
            "month": "2004-10",
            "price": "104.55",
            "revenue": 245108
        },
        "2004-11": {
            "month": "2004-11",
            "price": "98.02",
            "revenue": 230582
        },
        "2004-12": {
            "month": "2004-12",
            "price": "97.17",
            "revenue": 198212
        },
        "2005-01": {
            "month": "2005-01",
            "price": "95.36",
            "revenue": 242052
        },
        "2005-02": {
            "month": "2005-02",
            "price": "109.50",
            "revenue": 213127
        },
        "2005-03": {
            "month": "2005-03",
            "price": "117.24",
            "revenue": 258922
        },
        "2005-04": {
            "month": "2005-04",
            "price": "114.12",
            "revenue": 270928
        },
        "2005-05": {
            "month": "2005-05",
            "price": "112.21",
            "revenue": 293245
        },
        "2005-06": {
            "month": "2005-06",
            "price": "118.66",
            "revenue": 295803
        },
        "2005-07": {
            "month": "2005-07",
            "price": "140.15",
            "revenue": 297771
        },
        "2005-08": {
            "month": "2005-08",
            "price": "137.33",
            "revenue": 318597
        },
        "2005-09": {
            "month": "2005-09",
            "price": "129.52",
            "revenue": 350181
        },
        "2005-10": {
            "month": "2005-10",
            "price": "129.60",
            "revenue": 384849
        },
        "2005-11": {
            "month": "2005-11",
            "price": "131.25",
            "revenue": 381138
        },
        "2005-12": {
            "month": "2005-12",
            "price": "142.11",
            "revenue": 346721
        },
        "2006-01": {
            "month": "2006-01",
            "price": "156.69",
            "revenue": 320702
        },
        "2006-02": {
            "month": "2006-02",
            "price": "166.82",
            "revenue": 314168
        },
        "2006-03": {
            "month": "2006-03",
            "price": "177.87",
            "revenue": 364173
        },
        "2006-04": {
            "month": "2006-04",
            "price": "183.95",
            "revenue": 343547
        },
        "2006-05": {
            "month": "2006-05",
            "price": "177.64",
            "revenue": 304357
        },
        "2006-06": {
            "month": "2006-06",
            "price": "156.25",
            "revenue": 299554
        },
        "2006-07": {
            "month": "2006-07",
            "price": "156.71",
            "revenue": 325568
        },
        "2006-08": {
            "month": "2006-08",
            "price": "162.48",
            "revenue": 326727
        },
        "2006-09": {
            "month": "2006-09",
            "price": "146.64",
            "revenue": 338079
        },
        "2006-10": {
            "month": "2006-10",
            "price": "144.10",
            "revenue": 349597
        },
        "2006-11": {
            "month": "2006-11",
            "price": "147.18",
            "revenue": 395371
        },
        "2006-12": {
            "month": "2006-12",
            "price": "148.74",
            "revenue": 331264
        },
        "2007-01": {
            "month": "2007-01",
            "price": "150.39",
            "revenue": 341421
        },
        "2007-02": {
            "month": "2007-02",
            "price": "149.33",
            "revenue": 273476
        },
        "2007-03": {
            "month": "2007-03",
            "price": "146.67",
            "revenue": 319696
        },
        "2007-04": {
            "month": "2007-04",
            "price": "154.28",
            "revenue": 337667
        },
        "2007-05": {
            "month": "2007-05",
            "price": "177.18",
            "revenue": 347710
        },
        "2007-06": {
            "month": "2007-06",
            "price": "211.20",
            "revenue": 353027
        },
        "2007-07": {
            "month": "2007-07",
            "price": "242.86",
            "revenue": 373150
        },
        "2007-08": {
            "month": "2007-08",
            "price": "253.89",
            "revenue": 395052
        },
        "2007-09": {
            "month": "2007-09",
            "price": "268.72",
            "revenue": 417121
        },
        "2007-10": {
            "month": "2007-10",
            "price": "265.86",
            "revenue": 407891
        },
        "2007-11": {
            "month": "2007-11",
            "price": "224.89",
            "revenue": 395917
        },
        "2007-12": {
            "month": "2007-12",
            "price": "196.67",
            "revenue": 337894
        },
        "2008-01": {
            "month": "2008-01",
            "price": "150.00",
            "revenue": 351832
        },
        "2008-02": {
            "month": "2008-02",
            "price": "144.68",
            "revenue": 320103
        },
        "2008-03": {
            "month": "2008-03",
            "price": "148.71",
            "revenue": 353679
        },
        "2008-04": {
            "month": "2008-04",
            "price": "172.52",
            "revenue": 362642
        },
        "2008-05": {
            "month": "2008-05",
            "price": "173.45",
            "revenue": 398002
        },
        "2008-06": {
            "month": "2008-06",
            "price": "163.67",
            "revenue": 390803
        },
        "2008-07": {
            "month": "2008-07",
            "price": "139.68",
            "revenue": 425139
        },
        "2008-08": {
            "month": "2008-08",
            "price": "141.36",
            "revenue": 421894
        },
        "2008-09": {
            "month": "2008-09",
            "price": "123.48",
            "revenue": 412250
        },
        "2008-10": {
            "month": "2008-10",
            "price": "97.33",
            "revenue": 293741
        },
        "2008-11": {
            "month": "2008-11",
            "price": "78.86",
            "revenue": 317897
        },
        "2008-12": {
            "month": "2008-12",
            "price": "81.67",
            "revenue": 308766
        },
        "2009-01": {
            "month": "2009-01",
            "price": "84.29",
            "revenue": 209316
        },
        "2009-02": {
            "month": "2009-02",
            "price": "81.60",
            "revenue": 238028
        },
        "2009-03": {
            "month": "2009-03",
            "price": "85.65",
            "revenue": 274641
        },
        "2009-04": {
            "month": "2009-04",
            "price": "93.64",
            "revenue": 297186
        },
        "2009-05": {
            "month": "2009-05",
            "price": "99.27",
            "revenue": 294579
        },
        "2009-06": {
            "month": "2009-06",
            "price": "97.38",
            "revenue": 315699
        },
        "2009-07": {
            "month": "2009-07",
            "price": "97.55",
            "revenue": 333324
        },
        "2009-08": {
            "month": "2009-08",
            "price": "94.41",
            "revenue": 354579
        },
        "2009-09": {
            "month": "2009-09",
            "price": "98.69",
            "revenue": 334964
        },
        "2009-10": {
            "month": "2009-10",
            "price": "100.95",
            "revenue": 373622
        },
        "2009-11": {
            "month": "2009-11",
            "price": "96.51",
            "revenue": 354730
        },
        "2009-12": {
            "month": "2009-12",
            "price": "101.55",
            "revenue": 316080
        },
        "2010-01": {
            "month": "2010-01",
            "price": "110.85",
            "revenue": 243100
        },
        "2010-02": {
            "month": "2010-02",
            "price": "115.71",
            "revenue": 205974
        },
        "2010-03": {
            "month": "2010-03",
            "price": "118.96",
            "revenue": 240532
        },
        "2010-04": {
            "month": "2010-04",
            "price": "114.12",
            "revenue": 244521
        },
        "2010-05": {
            "month": "2010-05",
            "price": "99.82",
            "revenue": 241688
        },
        "2010-06": {
            "month": "2010-06",
            "price": "95.90",
            "revenue": 249711
        },
        "2010-07": {
            "month": "2010-07",
            "price": "92.50",
            "revenue": 249851
        },
        "2010-08": {
            "month": "2010-08",
            "price": "90.02",
            "revenue": 253033
        },
        "2010-09": {
            "month": "2010-09",
            "price": "86.48",
            "revenue": 253519
        },
        "2010-10": {
            "month": "2010-10",
            "price": "84.67",
            "revenue": 260320
        },
        "2010-11": {
            "month": "2010-11",
            "price": "85.74",
            "revenue": 263208
        },
        "2010-12": {
            "month": "2010-12",
            "price": "89.02",
            "revenue": 270746
        },
        "2011-01": {
            "month": "2011-01",
            "price": "88.22",
            "revenue": 268522
        },
        "2011-02": {
            "month": "2011-02",
            "price": "86.11",
            "revenue": 231839
        },
        "2011-03": {
            "month": "2011-03",
            "price": "88.53",
            "revenue": 271938
        },
        "2011-04": {
            "month": "2011-04",
            "price": "98.88",
            "revenue": 268129
        },
        "2011-05": {
            "month": "2011-05",
            "price": "100.03",
            "revenue": 271963
        },
        "2011-06": {
            "month": "2011-06",
            "price": "102.50",
            "revenue": 275839
        },
        "2011-07": {
            "month": "2011-07",
            "price": "99.88",
            "revenue": 276984
        },
        "2011-08": {
            "month": "2011-08",
            "price": "87.35",
            "revenue": 263541
        },
        "2011-09": {
            "month": "2011-09",
            "price": "86.99",
            "revenue": 265582
        },
        "2011-10": {
            "month": "2011-10",
            "price": "88.43",
            "revenue": 265921
        },
        "2011-11": {
            "month": "2011-11",
            "price": "89.83",
            "revenue": 232715
        },
        "2011-12": {
            "month": "2011-12",
            "price": "88.00",
            "revenue": 243049
        },
        "2012-01": {
            "month": "2012-01",
            "price": "90.43",
            "revenue": 201394
        },
        "2012-02": {
            "month": "2012-02",
            "price": "96.40",
            "revenue": 222930
        },
        "2012-03": {
            "month": "2012-03",
            "price": "101.24",
            "revenue": 258551
        },
        "2012-04": {
            "month": "2012-04",
            "price": "97.52",
            "revenue": 227852
        },
        "2012-05": {
            "month": "2012-05",
            "price": "97.29",
            "revenue": 229730
        },
        "2012-06": {
            "month": "2012-06",
            "price": "91.67",
            "revenue": 240184
        },
        "2012-07": {
            "month": "2012-07",
            "price": "89.21",
            "revenue": 222272
        },
        "2012-08": {
            "month": "2012-08",
            "price": "89.11",
            "revenue": 236712
        },
        "2012-09": {
            "month": "2012-09",
            "price": "90.54",
            "revenue": 236477
        },
        "2012-10": {
            "month": "2012-10",
            "price": "89.77",
            "revenue": 201964
        },
        "2012-11": {
            "month": "2012-11",
            "price": "88.33",
            "revenue": 203593
        },
        "2012-12": {
            "month": "2012-12",
            "price": "88.70",
            "revenue": 166225
        },
        "2013-01": {
            "month": "2013-01",
            "price": "89.01",
            "revenue": 237232
        },
        "2013-02": {
            "month": "2013-02",
            "price": "90.83",
            "revenue": 192557
        },
        "2013-03": {
            "month": "2013-03",
            "price": "91.61",
            "revenue": 244896
        },
        "2013-04": {
            "month": "2013-04",
            "price": "92.64",
            "revenue": 235903
        },
        "2013-05": {
            "month": "2013-05",
            "price": "93.38",
            "revenue": 248391
        },
        "2013-06": {
            "month": "2013-06",
            "price": "93.26",
            "revenue": 239697
        },
        "2013-07": {
            "month": "2013-07",
            "price": "89.49",
            "revenue": 256729
        },
        "2013-08": {
            "month": "2013-08",
            "price": "88.21",
            "revenue": 233258
        },
        "2013-09": {
            "month": "2013-09",
            "price": "88.84",
            "revenue": 216890
        },
        "2013-10": {
            "month": "2013-10",
            "price": "88.58",
            "revenue": 202318
        },
        "2013-11": {
            "month": "2013-11",
            "price": "87.19",
            "revenue": 161964
        },
        "2013-12": {
            "month": "2013-12",
            "price": "84.04",
            "revenue": 181475
        },
        "2014-01": {
            "month": "2014-01",
            "price": "84.52",
            "revenue": 160748
        },
        "2014-02": {
            "month": "2014-02",
            "price": "83.69",
            "revenue": 142150
        },
        "2014-03": {
            "month": "2014-03",
            "price": "83.66",
            "revenue": 158860
        },
        "2014-04": {
            "month": "2014-04",
            "price": "83.10",
            "revenue": 152879
        },
        "2014-05": {
            "month": "2014-05",
            "price": "87.56",
            "revenue": 154652
        },
        "2014-06": {
            "month": "2014-06",
            "price": "96.88",
            "revenue": 163907
        },
        "2014-07": {
            "month": "2014-07",
            "price": "71.68",
            "revenue": 175983
        },
        "2014-08": {
            "month": "2014-08",
            "price": "65.33",
            "revenue": 162480
        },
        "2014-09": {
            "month": "2014-09",
            "price": "64.18",
            "revenue": 171019
        },
        "2014-10": {
            "month": "2014-10",
            "price": "59.76",
            "revenue": 167784
        },
        "2014-11": {
            "month": "2014-11",
            "price": "51.55",
            "revenue": 162086
        },
        "2014-12": {
            "month": "2014-12",
            "price": "49.94",
            "revenue": 162189
        },
        "2015-01": {
            "month": "2015-01",
            "price": "49.58",
            "revenue": 165420
        },
        "2015-02": {
            "month": "2015-02",
            "price": "49.48",
            "revenue": 125330
        },
        "2015-03": {
            "month": "2015-03",
            "price": "48.34",
            "revenue": 161888
        },
        "2015-04": {
            "month": "2015-04",
            "price": "44.11",
            "revenue": 140171
        },
        "2015-05": {
            "month": "2015-05",
            "price": "36.47",
            "revenue": 135409
        },
        "2015-06": {
            "month": "2015-06",
            "price": "30.88",
            "revenue": 123814
        },
        "2015-07": {
            "month": "2015-07",
            "price": "28.33",
            "revenue": 136456
        },
        "2015-08": {
            "month": "2015-08",
            "price": "25.18",
            "revenue": 142472
        },
        "2015-09": {
            "month": "2015-09",
            "price": "26.65",
            "revenue": 136420
        },
        "2015-10": {
            "month": "2015-10",
            "price": "27.21",
            "revenue": 115404
        },
        "2015-11": {
            "month": "2015-11",
            "price": "26.11",
            "revenue": 126075
        },
        "2015-12": {
            "month": "2015-12",
            "price": "25.37",
            "revenue": 109181
        },
        "2016-01": {
            "month": "2016-01",
            "price": "24.96",
            "revenue": 119267
        },
        "2016-02": {
            "month": "2016-02",
            "price": "25.79",
            "revenue": 93633
        },
        "2016-03": {
            "month": "2016-03",
            "price": "26.28",
            "revenue": 134193
        },
        "2016-04": {
            "month": "2016-04",
            "price": "25.04",
            "revenue": 116414
        },
        "2016-05": {
            "month": "2016-05",
            "price": "24.91",
            "revenue": 114141
        },
        "2016-06": {
            "month": "2016-06",
            "price": "24.74",
            "revenue": 119119
        },
        "2016-07": {
            "month": "2016-07",
            "price": "23.80",
            "revenue": 140516
        },
        "2016-08": {
            "month": "2016-08",
            "price": "23.33",
            "revenue": 129254
        },
        "2016-09": {
            "month": "2016-09",
            "price": "23.40",
            "revenue": 128996
        },
        "2016-10": {
            "month": "2016-10",
            "price": "22.41",
            "revenue": 120844
        },
        "2016-11": {
            "month": "2016-11",
            "price": "20.45",
            "revenue": 122667
        },
        "2016-12": {
            "month": "2016-12",
            "price": "21.15",
            "revenue": 123814
        },
        "2017-01": {
            "month": "2017-01",
            "price": "21.75",
            "revenue": 92978
        },
        "2017-02": {
            "month": "2017-02",
            "price": "22.26",
            "revenue": 76315
        },
        "2017-03": {
            "month": "2017-03",
            "price": "22.53",
            "revenue": 110060
        },
        "2017-04": {
            "month": "2017-04",
            "price": "21.51",
            "revenue": 81508
        },
        "2017-05": {
            "month": "2017-05",
            "price": "20.36",
            "revenue": 90846
        },
        "2017-06": {
            "month": "2017-06",
            "price": "20.41",
            "revenue": 90179
        },
        "2017-07": {
            "month": "2017-07",
            "price": "20.08",
            "revenue": 87022
        },
        "2017-08": {
            "month": "2017-08",
            "price": "20.43",
            "revenue": 92028
        },
        "2017-09": {
            "month": "2017-09",
            "price": "22.88",
            "revenue": 90565
        },
        "2017-10": {
            "month": "2017-10",
            "price": "22.38",
            "revenue": 81120
        },
        "2017-11": {
            "month": "2017-11",
            "price": "22.12",
            "revenue": 78142
        },
        "2017-12": {
            "month": "2017-12",
            "price": "21.59",
            "revenue": 69087
        },
        "2018-01": {
            "month": "2018-01",
            "price": "21.48",
            "revenue": 84894
        },
        "2018-02": {
            "month": "2018-02",
            "price": "20.85",
            "revenue": 71143
        },
        "2018-03": {
            "month": "2018-03",
            "price": "20.99",
            "revenue": 83614
        },
        "2018-04": {
            "month": "2018-04",
            "price": "20.99",
            "revenue": 83003
        },
        "2018-05": {
            "month": "2018-05",
            "price": "21.51",
            "revenue": 69382
        },
        "2018-06": {
            "month": "2018-06",
            "price": "24.84",
            "revenue": 72213
        },
        "2018-07": {
            "month": "2018-07",
            "price": "24.30",
            "revenue": 77067
        },
        "2018-08": {
            "month": "2018-08",
            "price": "22.88",
            "revenue": 78553
        },
        "2018-09": {
            "month": "2018-09",
            "price": "22.87",
            "revenue": 56389
        },
        "2018-10": {
            "month": "2018-10",
            "price": "20.88",
            "revenue": 69278
        },
        "2018-11": {
            "month": "2018-11",
            "price": "21.21",
            "revenue": 67979
        },
        "2018-12": {
            "month": "2018-12",
            "price": "21.93",
            "revenue": 55296
        },
        "2019-01": {
            "month": "2019-01",
            "price": "21.44",
            "revenue": 67262
        },
        "2019-02": {
            "month": "2019-02",
            "price": "22.11",
            "revenue": 45212
        },
        "2019-03": {
            "month": "2019-03",
            "price": "22.26",
            "revenue": 67914
        },
        "2019-04": {
            "month": "2019-04",
            "price": "22.42",
            "revenue": 48651
        },
        "2019-05": {
            "month": "2019-05",
            "price": "21.04",
            "revenue": 66149
        },
        "2019-06": {
            "month": "2019-06",
            "price": "20.66",
            "revenue": 59720
        },
        "2019-07": {
            "month": "2019-07",
            "price": "20.47",
            "revenue": 84793
        },
        "2019-08": {
            "month": "2019-08",
            "price": "20.19",
            "revenue": 76151
        },
        "2019-09": {
            "month": "2019-09",
            "price": "20.69",
            "revenue": 70775
        },
        "2019-10": {
            "month": "2019-10",
            "price": "21.49",
            "revenue": 76170
        },
        "2019-11": {
            "month": "2019-11",
            "price": "21.17",
            "revenue": 70012
        },
        "2019-12": {
            "month": "2019-12",
            "price": "20.42",
            "revenue": 69048
        },
        "2020-01": {
            "month": "2020-01",
            "price": "20.24",
            "revenue": 43063
        },
        "2020-02": {
            "month": "2020-02",
            "price": "20.12",
            "revenue": 72949
        },
        "2020-03": {
            "month": "2020-03",
            "price": "20.08",
            "revenue": 69010
        },
        "2020-04": {
            "month": "2020-04",
            "price": "20.19",
            "revenue": 59724
        },
        "2020-05": {
            "month": "2020-05",
            "price": "21.43",
            "revenue": 71842
        },
        "2020-06": {
            "month": "2020-06",
            "price": "26.39",
            "revenue": 85994
        },
        "2020-07": {
            "month": "2020-07",
            "price": "28.51",
            "revenue": 112213
        },
        "2020-08": {
            "month": "2020-08",
            "price": "29.36",
            "revenue": 145614
        },
        "2020-09": {
            "month": "2020-09",
            "price": "30.89",
            "revenue": 154346
        },
        "2020-10": {
            "month": "2020-10",
            "price": "30.96",
            "revenue": 134293
        },
        "2020-11": {
            "month": "2020-11",
            "price": "28.45",
            "revenue": 115618
        },
        "2020-12": {
            "month": "2020-12",
            "price": "28.24",
            "revenue": 155695
        },
        "2021-01": {
            "month": "2021-01",
            "price": "28.43",
            "revenue": 119134
        },
        "2021-02": {
            "month": "2021-02",
            "price": "28.74",
            "revenue": 68541
        },
        "2021-03": {
            "month": "2021-03",
            "price": "28.79",
            "revenue": 137003
        },
        "2021-04": {
            "month": "2021-04",
            "price": "29.78",
            "revenue": 121805
        },
        "2021-05": {
            "month": "2021-05",
            "price": "26.19",
            "revenue": 109913
        },
        "2021-06": {
            "month": "2021-06",
            "price": "25.09",
            "revenue": 122823
        },
        "2021-07": {
            "month": "2021-07",
            "price": "25.41",
            "revenue": 127034
        },
        "2021-08": {
            "month": "2021-08",
            "price": "24.39",
            "revenue": 112540
        },
        "2021-09": {
            "month": "2021-09",
            "price": "23.65",
            "revenue": 114882
        },
        "2021-10": {
            "month": "2021-10",
            "price": "23.42",
            "revenue": 102091
        },
        "2021-11": {
            "month": "2021-11",
            "price": "23.87",
            "revenue": 115371
        },
        "2021-12": {
            "month": "2021-12",
            "price": "24.91",
            "revenue": 105326
        },
        "2022-01": {
            "month": "2022-01",
            "price": "25.98",
            "revenue": 121151
        },
        "2022-02": {
            "month": "2022-02",
            "price": "24.77",
            "revenue": 83773
        },
        "2022-03": {
            "month": "2022-03",
            "price": "24.22",
            "revenue": 119568
        },
        "2022-04": {
            "month": "2022-04",
            "price": "24.04",
            "revenue": 117270
        },
        "2022-05": {
            "month": "2022-05",
            "price": "23.99",
            "revenue": 112654
        },
        "2022-06": {
            "month": "2022-06",
            "price": "23.94",
            "revenue": 103527
        },
        "2022-07": {
            "month": "2022-07",
            "price": "22.89",
            "revenue": 95134
        },
        "2022-08": {
            "month": "2022-08",
            "price": "24.53",
            "revenue": 104016
        },
        "2022-09": {
            "month": "2022-09",
            "price": "25.23",
            "revenue": 121881
        },
        "2022-10": {
            "month": "2022-10",
            "price": "22.78",
            "revenue": 106785
        },
        "2022-11": {
            "month": "2022-11",
            "price": "28.48",
            "revenue": 91827
        },
        "2022-12": {
            "month": "2022-12",
            "price": "28.25",
            "revenue": 66963
        },
        "2023-01": {
            "month": "2023-01",
            "price": "25.86",
            "revenue": 66823
        },
        "2023-02": {
            "month": "2023-02",
            "price": "27.11",
            "revenue": 86379
        },
        "2023-03": {
            "month": "2023-03",
            "price": "27.13",
            "revenue": 108195
        },
        "2023-04": {
            "month": "2023-04",
            "price": "27.62",
            "revenue": 91358
        },
        "2023-05": {
            "month": "2023-05",
            "price": "27.68",
            "revenue": 93474
        },
        "2023-06": {
            "month": "2023-06",
            "price": "28.67",
            "revenue": 95543
        },
        "2023-07": {
            "month": "2023-07",
            "price": "27.88",
            "revenue": 112774
        },
        "2023-08": {
            "month": "2023-08",
            "price": "25.66",
            "revenue": 117316
        },
        "2023-09": {
            "month": "2023-09",
            "price": "26.49",
            "revenue": 123199
        },
        "2023-10": {
            "month": "2023-10",
            "price": "26.43",
            "revenue": 125036
        },
        "2023-11": {
            "month": "2023-11",
            "price": "26.82",
            "revenue": 82416
        },
        "2023-12": {
            "month": "2023-12",
            "price": "27.28",
            "revenue": 73743
        }
    }
}
