{
    "summary": {
        "stock_name": "鉅橡",
        "stock_id": "8074",
        "category": "電子零組件",
        "main_business": "印刷電路基板之製造加工買賣業務<br>絕緣材料之製造加工買賣業務<br>電木管.電木棒之製造加工買賣業務",
        "website_url": "http://www.aurona.com.tw",
        "ceo": "莊煌星",
        "pe_ratio": 6,
        "report_year_from": 2001,
        "report_year_to": 2023,
        "age": 22,
        "eps_negative_percentage": 5,
        "eps_growth_avg": {
            "last_all": 6.28,
            "last_2y": 50.55,
            "last_4y": 14.03,
            "last_8y": 6.8,
            "last_12y": 8.08,
            "last_16y": 3.61,
            "last_20y": null,
            "at_2006_last_3y": 3.54,
            "at_2007_last_3y": -14.9,
            "at_2008_last_3y": -41.32,
            "at_2009_last_3y": -15.77,
            "at_2010_last_3y": -9.88,
            "at_2011_last_3y": 20.69,
            "at_2012_last_3y": 27.23,
            "at_2013_last_3y": 10.98,
            "at_2014_last_3y": 13.96,
            "at_2015_last_3y": 23.34,
            "at_2016_last_3y": 12.49,
            "at_2017_last_3y": -2.25,
            "at_2018_last_3y": -5.02,
            "at_2019_last_3y": -25.51,
            "at_2020_last_3y": -14.26,
            "at_2021_last_3y": -7.46,
            "at_2022_last_3y": 24.74,
            "at_2023_last_3y": 24.74,
            "at_2006_last_all": 3.54,
            "at_2007_last_all": -17.17,
            "at_2008_last_all": -17.17,
            "at_2009_last_all": 2.36,
            "at_2010_last_all": -2.21,
            "at_2011_last_all": -2.97,
            "at_2012_last_all": 2.57,
            "at_2013_last_all": 5.81,
            "at_2014_last_all": 3.67,
            "at_2015_last_all": 5.8,
            "at_2016_last_all": 5.62,
            "at_2017_last_all": 3.5,
            "at_2018_last_all": 1.35,
            "at_2019_last_all": -2.03,
            "at_2020_last_all": 0.94,
            "at_2021_last_all": 1.07,
            "at_2022_last_all": 6.28,
            "at_2023_last_all": 6.28
        },
        "latest_eps": 3.37,
        "latest_price": 20.95,
        "latest_roe": 19.46,
        "latest_gross_margin": 19.31,
        "latest_equity": 1504088,
        "latest_revenue": 252592,
        "latest_gross_profit": 48781,
        "latest_net_income": 10431,
        "latest_debt_ratio": 48.48,
        "latest_current_ratio": 139.57,
        "latest_account_receivable_turnover_ratio": 0.8,
        "latest_inventory_turnover_ratio": 0.47,
        "latest_reinvestment_rate": -14.48,
        "latest_research_to_sale_ratio": 0.46
    },
    "eps_dividends": {
        "2001": {
            "cash": 0,
            "stock": 0,
            "eps": 0
        },
        "2002": {
            "cash": 0,
            "stock": 0,
            "eps": 1.98
        },
        "2003": {
            "cash": 0,
            "stock": 2,
            "eps": 1.46
        },
        "2004": {
            "cash": 0,
            "stock": 1,
            "eps": 2.4
        },
        "2005": {
            "cash": 0,
            "stock": 1,
            "eps": 2.96
        },
        "2006": {
            "cash": 1,
            "stock": 1,
            "eps": 1.56
        },
        "2007": {
            "cash": 1,
            "stock": 0,
            "eps": -0.24
        },
        "2008": {
            "cash": 0,
            "stock": 0,
            "eps": 0.46
        },
        "2009": {
            "cash": 0,
            "stock": 0,
            "eps": 1.72
        },
        "2010": {
            "cash": 1,
            "stock": 1,
            "eps": 1.21
        },
        "2011": {
            "cash": 0,
            "stock": 1,
            "eps": 1.11
        },
        "2012": {
            "cash": 1,
            "stock": 0,
            "eps": 1.63
        },
        "2013": {
            "cash": 2,
            "stock": 0,
            "eps": 2.2
        },
        "2014": {
            "cash": 1,
            "stock": 0,
            "eps": 1.81
        },
        "2015": {
            "cash": 1,
            "stock": 0,
            "eps": 2.34
        },
        "2016": {
            "cash": 2,
            "stock": 0,
            "eps": 2.42
        },
        "2017": {
            "cash": 2,
            "stock": 0,
            "eps": 1.84
        },
        "2018": {
            "cash": 1,
            "stock": 0,
            "eps": 1.31
        },
        "2019": {
            "cash": 1,
            "stock": 0,
            "eps": 0.62
        },
        "2020": {
            "cash": 1,
            "stock": 0,
            "eps": 0.92
        },
        "2021": {
            "cash": 1,
            "stock": 0,
            "eps": 0.95
        },
        "2022": {
            "cash": 1,
            "stock": 0,
            "eps": 3.49
        },
        "2023": {
            "cash": 2,
            "stock": 0,
            "eps": 0.1
        }
    },
    "dividends": {
        "2003-05-20": {
            "cash": 0,
            "stock": 2
        },
        "2004-02-27": {
            "cash": 0,
            "stock": 1
        },
        "2005-02-17": {
            "cash": 0.4,
            "stock": 1.19
        },
        "2006-03-01": {
            "cash": 0.56,
            "stock": 0.84
        },
        "2007-03-13": {
            "cash": 0.68,
            "stock": 0.4
        },
        "2008-04-07": {
            "cash": 0,
            "stock": 0.2
        },
        "2009-04-10": {
            "cash": 0.04,
            "stock": 0.36
        },
        "2010-03-15": {
            "cash": 0.8,
            "stock": 0.7
        },
        "2011-03-14": {
            "cash": 0.3,
            "stock": 0.7
        },
        "2012-06-05": {
            "cash": 1,
            "stock": 0
        },
        "2013-06-06": {
            "cash": 1.5,
            "stock": 0
        },
        "2014-04-30": {
            "cash": 1.3,
            "stock": 0
        },
        "2015-08-05": {
            "cash": 1.3,
            "stock": 0
        },
        "2016-07-08": {
            "cash": 1.5,
            "stock": 0
        },
        "2017-07-14": {
            "cash": 1.7,
            "stock": 0
        },
        "2018-07-20": {
            "cash": 1.38,
            "stock": 0
        },
        "2019-06-21": {
            "cash": 1.24,
            "stock": 0
        },
        "2020-07-31": {
            "cash": 1,
            "stock": 0
        },
        "2021-06-11": {
            "cash": 1,
            "stock": 0
        },
        "2022-06-10": {
            "cash": 1,
            "stock": 0
        },
        "2023-06-19": {
            "cash": 1.5,
            "stock": 0
        }
    },
    "prices": {
        "200101": "無",
        "200102": "無",
        "200103": "無",
        "200104": "無",
        "200105": "無",
        "200106": "無",
        "200107": "無",
        "200108": "無",
        "200109": "無",
        "200110": "無",
        "200111": "無",
        "200112": "無",
        "200201": "無",
        "200202": "無",
        "200203": "無",
        "200204": "無",
        "200205": "無",
        "200206": "無",
        "200207": "無",
        "200208": "無",
        "200209": "無",
        "200210": "無",
        "200211": "無",
        "200212": "無",
        "200301": "無",
        "200302": "無",
        "200303": "無",
        "200304": "無",
        "200305": "無",
        "200306": "無",
        "200307": "無",
        "200308": "無",
        "200309": "無",
        "200310": "無",
        "200311": "無",
        "200312": "22.39",
        "200401": "23.62",
        "200402": "25.02",
        "200403": "25.78",
        "200404": "26.70",
        "200405": "24.12",
        "200406": "23.28",
        "200407": "20.59",
        "200408": "17.86",
        "200409": "17.73",
        "200410": "17.32",
        "200411": "17.41",
        "200412": "19.00",
        "200501": "18.24",
        "200502": "18.44",
        "200503": "21.34",
        "200504": "21.20",
        "200505": "17.33",
        "200506": "16.29",
        "200507": "18.28",
        "200508": "16.47",
        "200509": "15.97",
        "200510": "14.69",
        "200511": "15.02",
        "200512": "21.79",
        "200601": "26.41",
        "200602": "21.93",
        "200603": "21.77",
        "200604": "24.18",
        "200605": "25.15",
        "200606": "24.65",
        "200607": "20.84",
        "200608": "20.34",
        "200609": "18.83",
        "200610": "20.19",
        "200611": "19.49",
        "200612": "20.90",
        "200701": "22.05",
        "200702": "20.29",
        "200703": "20.64",
        "200704": "22.42",
        "200705": "21.96",
        "200706": "21.06",
        "200707": "21.12",
        "200708": "17.39",
        "200709": "17.04",
        "200710": "15.77",
        "200711": "13.25",
        "200712": "12.00",
        "200801": "10.93",
        "200802": "10.69",
        "200803": "12.94",
        "200804": "13.35",
        "200805": "13.32",
        "200806": "12.29",
        "200807": "10.24",
        "200808": "10.88",
        "200809": "10.01",
        "200810": "9.06",
        "200811": "8.41",
        "200812": "8.45",
        "200901": "7.61",
        "200902": "7.66",
        "200903": "8.06",
        "200904": "8.73",
        "200905": "8.79",
        "200906": "11.34",
        "200907": "13.82",
        "200908": "14.88",
        "200909": "17.14",
        "200910": "18.46",
        "200911": "18.10",
        "200912": "18.92",
        "201001": "18.52",
        "201002": "17.84",
        "201003": "20.48",
        "201004": "20.50",
        "201005": "19.31",
        "201006": "17.47",
        "201007": "17.63",
        "201008": "17.91",
        "201009": "17.16",
        "201010": "16.41",
        "201011": "15.41",
        "201012": "17.10",
        "201101": "17.49",
        "201102": "17.16",
        "201103": "15.25",
        "201104": "15.06",
        "201105": "14.32",
        "201106": "14.12",
        "201107": "13.32",
        "201108": "11.03",
        "201109": "10.54",
        "201110": "10.29",
        "201111": "10.55",
        "201112": "10.20",
        "201201": "10.45",
        "201202": "11.67",
        "201203": "11.76",
        "201204": "11.58",
        "201205": "11.60",
        "201206": "13.92",
        "201207": "13.49",
        "201208": "15.13",
        "201209": "15.72",
        "201210": "17.35",
        "201211": "16.08",
        "201212": "16.20",
        "201301": "16.72",
        "201302": "16.84",
        "201303": "17.65",
        "201304": "17.90",
        "201305": "18.60",
        "201306": "18.16",
        "201307": "19.00",
        "201308": "18.58",
        "201309": "22.81",
        "201310": "29.27",
        "201311": "30.70",
        "201312": "33.03",
        "201401": "38.88",
        "201402": "48.70",
        "201403": "46.53",
        "201404": "42.92",
        "201405": "32.85",
        "201406": "29.53",
        "201407": "28.13",
        "201408": "25.46",
        "201409": "30.29",
        "201410": "29.25",
        "201411": "27.01",
        "201412": "27.83",
        "201501": "28.06",
        "201502": "26.96",
        "201503": "27.48",
        "201504": "27.79",
        "201505": "26.53",
        "201506": "22.46",
        "201507": "21.38",
        "201508": "21.14",
        "201509": "24.18",
        "201510": "25.81",
        "201511": "25.43",
        "201512": "24.20",
        "201601": "22.75",
        "201602": "24.05",
        "201603": "26.17",
        "201604": "26.06",
        "201605": "25.90",
        "201606": "26.78",
        "201607": "29.24",
        "201608": "32.88",
        "201609": "31.33",
        "201610": "29.22",
        "201611": "27.81",
        "201612": "30.18",
        "201701": "31.86",
        "201702": "31.75",
        "201703": "32.46",
        "201704": "30.41",
        "201705": "29.28",
        "201706": "28.81",
        "201707": "26.62",
        "201708": "25.80",
        "201709": "26.60",
        "201710": "27.66",
        "201711": "27.26",
        "201712": "26.36",
        "201801": "26.44",
        "201802": "25.97",
        "201803": "26.29",
        "201804": "26.48",
        "201805": "25.37",
        "201806": "25.56",
        "201807": "24.59",
        "201808": "24.17",
        "201809": "23.47",
        "201810": "20.48",
        "201811": "18.05",
        "201812": "17.57",
        "201901": "18.84",
        "201902": "20.85",
        "201903": "20.15",
        "201904": "21.08",
        "201905": "20.54",
        "201906": "19.72",
        "201907": "19.24",
        "201908": "18.49",
        "201909": "18.90",
        "201910": "18.64",
        "201911": "18.61",
        "201912": "18.48",
        "202001": "18.21",
        "202002": "17.32",
        "202003": "15.04",
        "202004": "15.50",
        "202005": "16.68",
        "202006": "17.18",
        "202007": "16.90",
        "202008": "16.42",
        "202009": "16.26",
        "202010": "16.79",
        "202011": "17.90",
        "202012": "18.18",
        "202101": "17.76",
        "202102": "17.58",
        "202103": "19.01",
        "202104": "22.01",
        "202105": "21.05",
        "202106": "20.31",
        "202107": "20.87",
        "202108": "19.95",
        "202109": "19.83",
        "202110": "19.62",
        "202111": "19.42",
        "202112": "20.04",
        "202201": "21.04",
        "202202": "21.08",
        "202203": "20.20",
        "202204": "22.19",
        "202205": "20.42",
        "202206": "20.00",
        "202207": "18.05",
        "202208": "18.82",
        "202209": "18.77",
        "202210": "18.09",
        "202211": "18.09",
        "202212": "19.12",
        "202301": "19.40",
        "202302": "20.12",
        "202303": "20.74",
        "202304": "21.08",
        "202305": "21.14"
    },
    "quarters": {
        "20011": {
            "year_quarter": 20011,
            "year": 2001,
            "quarter": 1,
            "eps": null,
            "eps_growth_year": null,
            "eps_4q": null,
            "eps_4q_growth_year": null,
            "roe": null,
            "roe_4q": 0,
            "gross_profit": null,
            "gross_margin": null,
            "gross_margin_4q_avg": 0,
            "net_income": null,
            "revenue": null,
            "common_shares": null,
            "book_valuer_per_share": null,
            "book_valuer_per_share_4q_avg": 0,
            "equity": null,
            "current_ratio": null,
            "debt_ratio": null,
            "inventory_turnover_ratio": null,
            "account_receivable_turnover_ratio": null,
            "reinvestment_rate": null,
            "research_to_sale_ratio": null,
            "price_fair": 0,
            "eps_avg_yearly": 0,
            "eps_latest_yearly": 0,
            "eps_growth_yearly": 0
        },
        "20012": {
            "year_quarter": 20012,
            "year": 2001,
            "quarter": 2,
            "eps": null,
            "eps_growth_year": null,
            "eps_4q": null,
            "eps_4q_growth_year": null,
            "roe": null,
            "roe_4q": 0,
            "gross_profit": null,
            "gross_margin": null,
            "gross_margin_4q_avg": 0,
            "net_income": null,
            "revenue": null,
            "common_shares": null,
            "book_valuer_per_share": null,
            "book_valuer_per_share_4q_avg": 0,
            "equity": null,
            "current_ratio": null,
            "debt_ratio": null,
            "inventory_turnover_ratio": null,
            "account_receivable_turnover_ratio": null,
            "reinvestment_rate": null,
            "research_to_sale_ratio": null,
            "price_fair": 0,
            "eps_avg_yearly": 0,
            "eps_latest_yearly": 0,
            "eps_growth_yearly": 0
        },
        "20013": {
            "year_quarter": 20013,
            "year": 2001,
            "quarter": 3,
            "eps": null,
            "eps_growth_year": null,
            "eps_4q": null,
            "eps_4q_growth_year": null,
            "roe": null,
            "roe_4q": 0,
            "gross_profit": null,
            "gross_margin": null,
            "gross_margin_4q_avg": 0,
            "net_income": null,
            "revenue": null,
            "common_shares": null,
            "book_valuer_per_share": null,
            "book_valuer_per_share_4q_avg": 0,
            "equity": null,
            "current_ratio": null,
            "debt_ratio": null,
            "inventory_turnover_ratio": null,
            "account_receivable_turnover_ratio": null,
            "reinvestment_rate": null,
            "research_to_sale_ratio": null,
            "price_fair": 0,
            "eps_avg_yearly": 0,
            "eps_latest_yearly": 0,
            "eps_growth_yearly": 0
        },
        "20014": {
            "year_quarter": 20014,
            "year": 2001,
            "quarter": 4,
            "eps": null,
            "eps_growth_year": null,
            "eps_4q": null,
            "eps_4q_growth_year": null,
            "roe": null,
            "roe_4q": 0,
            "gross_profit": null,
            "gross_margin": null,
            "gross_margin_4q_avg": 0,
            "net_income": null,
            "revenue": null,
            "common_shares": 138080,
            "book_valuer_per_share": 11.7,
            "book_valuer_per_share_4q_avg": 2.93,
            "equity": 161490,
            "current_ratio": 139.23,
            "debt_ratio": 64.75,
            "inventory_turnover_ratio": null,
            "account_receivable_turnover_ratio": null,
            "reinvestment_rate": null,
            "research_to_sale_ratio": null,
            "price_fair": 0,
            "eps_avg_yearly": 0,
            "eps_latest_yearly": 0,
            "eps_growth_yearly": 0
        },
        "20021": {
            "year_quarter": 20021,
            "year": 2002,
            "quarter": 1,
            "eps": 0.99,
            "eps_growth_year": null,
            "eps_4q": null,
            "eps_4q_growth_year": null,
            "roe": 8.1,
            "roe_4q": 8.1,
            "gross_profit": 18043,
            "gross_margin": 24.79,
            "gross_margin_4q_avg": 6.2,
            "net_income": 13632,
            "revenue": 72790,
            "common_shares": 138080,
            "book_valuer_per_share": 12.68,
            "book_valuer_per_share_4q_avg": 6.1,
            "equity": 175122,
            "current_ratio": 149.19,
            "debt_ratio": 61.72,
            "inventory_turnover_ratio": 1.19,
            "account_receivable_turnover_ratio": null,
            "reinvestment_rate": null,
            "research_to_sale_ratio": null,
            "price_fair": 0,
            "eps_avg_yearly": 0,
            "eps_latest_yearly": 0,
            "eps_growth_yearly": 0
        },
        "20022": {
            "year_quarter": 20022,
            "year": 2002,
            "quarter": 2,
            "eps": 0.99,
            "eps_growth_year": null,
            "eps_4q": null,
            "eps_4q_growth_year": null,
            "roe": 7.56,
            "roe_4q": 15.66,
            "gross_profit": 25299,
            "gross_margin": 29.89,
            "gross_margin_4q_avg": 13.67,
            "net_income": 13618,
            "revenue": 84631,
            "common_shares": 138080,
            "book_valuer_per_share": 13.4,
            "book_valuer_per_share_4q_avg": 9.45,
            "equity": 185083,
            "current_ratio": 140.71,
            "debt_ratio": 61.99,
            "inventory_turnover_ratio": 1.29,
            "account_receivable_turnover_ratio": null,
            "reinvestment_rate": null,
            "research_to_sale_ratio": null,
            "price_fair": 39.6,
            "eps_avg_yearly": 3.96,
            "eps_latest_yearly": 3.96,
            "eps_growth_yearly": 0
        },
        "20023": {
            "year_quarter": 20023,
            "year": 2002,
            "quarter": 3,
            "eps": null,
            "eps_growth_year": null,
            "eps_4q": null,
            "eps_4q_growth_year": null,
            "roe": null,
            "roe_4q": 15.66,
            "gross_profit": null,
            "gross_margin": null,
            "gross_margin_4q_avg": 13.67,
            "net_income": null,
            "revenue": null,
            "common_shares": null,
            "book_valuer_per_share": null,
            "book_valuer_per_share_4q_avg": 9.45,
            "equity": null,
            "current_ratio": null,
            "debt_ratio": null,
            "inventory_turnover_ratio": null,
            "account_receivable_turnover_ratio": null,
            "reinvestment_rate": null,
            "research_to_sale_ratio": null,
            "price_fair": 39.6,
            "eps_avg_yearly": 3.96,
            "eps_latest_yearly": 3.96,
            "eps_growth_yearly": 0
        },
        "20024": {
            "year_quarter": 20024,
            "year": 2002,
            "quarter": 4,
            "eps": null,
            "eps_growth_year": null,
            "eps_4q": null,
            "eps_4q_growth_year": null,
            "roe": null,
            "roe_4q": 15.66,
            "gross_profit": null,
            "gross_margin": null,
            "gross_margin_4q_avg": 13.67,
            "net_income": null,
            "revenue": null,
            "common_shares": 151888,
            "book_valuer_per_share": 12.89,
            "book_valuer_per_share_4q_avg": 9.74,
            "equity": 195777,
            "current_ratio": 136.01,
            "debt_ratio": 61.53,
            "inventory_turnover_ratio": null,
            "account_receivable_turnover_ratio": null,
            "reinvestment_rate": null,
            "research_to_sale_ratio": null,
            "price_fair": 39.6,
            "eps_avg_yearly": 3.96,
            "eps_latest_yearly": 3.96,
            "eps_growth_yearly": 0
        },
        "20031": {
            "year_quarter": 20031,
            "year": 2003,
            "quarter": 1,
            "eps": 0.4,
            "eps_growth_year": -59.6,
            "eps_4q": null,
            "eps_4q_growth_year": null,
            "roe": 3.03,
            "roe_4q": 10.59,
            "gross_profit": 22532,
            "gross_margin": 24.17,
            "gross_margin_4q_avg": 13.52,
            "net_income": 6023,
            "revenue": 93215,
            "common_shares": 151888,
            "book_valuer_per_share": 13.29,
            "book_valuer_per_share_4q_avg": 9.9,
            "equity": 201789,
            "current_ratio": 135.77,
            "debt_ratio": 59.53,
            "inventory_turnover_ratio": 1.11,
            "account_receivable_turnover_ratio": null,
            "reinvestment_rate": null,
            "research_to_sale_ratio": null,
            "price_fair": 39.6,
            "eps_avg_yearly": 3.96,
            "eps_latest_yearly": 3.96,
            "eps_growth_yearly": 0
        },
        "20032": {
            "year_quarter": 20032,
            "year": 2003,
            "quarter": 2,
            "eps": 0.25,
            "eps_growth_year": -74.75,
            "eps_4q": null,
            "eps_4q_growth_year": null,
            "roe": 1.84,
            "roe_4q": 4.87,
            "gross_profit": 20116,
            "gross_margin": 21.81,
            "gross_margin_4q_avg": 11.5,
            "net_income": 3731,
            "revenue": 92215,
            "common_shares": 151888,
            "book_valuer_per_share": 13.48,
            "book_valuer_per_share_4q_avg": 9.92,
            "equity": 204746,
            "current_ratio": 126.88,
            "debt_ratio": 60.56,
            "inventory_turnover_ratio": 1.08,
            "account_receivable_turnover_ratio": null,
            "reinvestment_rate": null,
            "research_to_sale_ratio": null,
            "price_fair": 7.44,
            "eps_avg_yearly": 2.48,
            "eps_latest_yearly": 1,
            "eps_growth_yearly": -75
        },
        "20033": {
            "year_quarter": 20033,
            "year": 2003,
            "quarter": 3,
            "eps": 0.32,
            "eps_growth_year": null,
            "eps_4q": null,
            "eps_4q_growth_year": null,
            "roe": 2.83,
            "roe_4q": 7.699999999999999,
            "gross_profit": 24243,
            "gross_margin": 20.39,
            "gross_margin_4q_avg": 16.59,
            "net_income": 5872,
            "revenue": 118886,
            "common_shares": 184990,
            "book_valuer_per_share": 11.37,
            "book_valuer_per_share_4q_avg": 12.76,
            "equity": 210363,
            "current_ratio": 120.37,
            "debt_ratio": 60.51,
            "inventory_turnover_ratio": 1.66,
            "account_receivable_turnover_ratio": null,
            "reinvestment_rate": null,
            "research_to_sale_ratio": null,
            "price_fair": 6.24,
            "eps_avg_yearly": 2.08,
            "eps_latest_yearly": 1.28,
            "eps_growth_yearly": -12.67
        },
        "20034": {
            "year_quarter": 20034,
            "year": 2003,
            "quarter": 4,
            "eps": 0.49,
            "eps_growth_year": null,
            "eps_4q": 1.33,
            "eps_4q_growth_year": null,
            "roe": 4.26,
            "roe_4q": 11.959999999999999,
            "gross_profit": 30478,
            "gross_margin": 24.42,
            "gross_margin_4q_avg": 22.7,
            "net_income": 9146,
            "revenue": 124809,
            "common_shares": 184990,
            "book_valuer_per_share": 11.86,
            "book_valuer_per_share_4q_avg": 12.5,
            "equity": 219443,
            "current_ratio": 117.02,
            "debt_ratio": 65.25,
            "inventory_turnover_ratio": 1.69,
            "account_receivable_turnover_ratio": null,
            "reinvestment_rate": null,
            "research_to_sale_ratio": null,
            "price_fair": 71.75,
            "eps_avg_yearly": 2.05,
            "eps_latest_yearly": 1.96,
            "eps_growth_yearly": 43.63
        },
        "20041": {
            "year_quarter": 20041,
            "year": 2004,
            "quarter": 1,
            "eps": 0.54,
            "eps_growth_year": 35,
            "eps_4q": 1.55,
            "eps_4q_growth_year": null,
            "roe": 4.48,
            "roe_4q": 13.41,
            "gross_profit": 29920,
            "gross_margin": 23.49,
            "gross_margin_4q_avg": 22.53,
            "net_income": 10050,
            "revenue": 127381,
            "common_shares": 184990,
            "book_valuer_per_share": 12.38,
            "book_valuer_per_share_4q_avg": 12.27,
            "equity": 229084,
            "current_ratio": 238.25,
            "debt_ratio": 63.03,
            "inventory_turnover_ratio": 1.5,
            "account_receivable_turnover_ratio": null,
            "reinvestment_rate": null,
            "research_to_sale_ratio": null,
            "price_fair": 72.52,
            "eps_avg_yearly": 2.07,
            "eps_latest_yearly": 2.16,
            "eps_growth_yearly": 43.06
        },
        "20042": {
            "year_quarter": 20042,
            "year": 2004,
            "quarter": 2,
            "eps": 0.76,
            "eps_growth_year": 204,
            "eps_4q": 2.11,
            "eps_4q_growth_year": null,
            "roe": 5.97,
            "roe_4q": 17.54,
            "gross_profit": 36123,
            "gross_margin": 21.89,
            "gross_margin_4q_avg": 22.55,
            "net_income": 14081,
            "revenue": 165043,
            "common_shares": 184990,
            "book_valuer_per_share": 13.13,
            "book_valuer_per_share_4q_avg": 12.19,
            "equity": 242834,
            "current_ratio": 227.82,
            "debt_ratio": 63.31,
            "inventory_turnover_ratio": 1.79,
            "account_receivable_turnover_ratio": null,
            "reinvestment_rate": null,
            "research_to_sale_ratio": null,
            "price_fair": 78.17,
            "eps_avg_yearly": 2.23,
            "eps_latest_yearly": 3.04,
            "eps_growth_yearly": 63.05
        },
        "20043": {
            "year_quarter": 20043,
            "year": 2004,
            "quarter": 3,
            "eps": 0.7,
            "eps_growth_year": 118.75,
            "eps_4q": 2.32,
            "eps_4q_growth_year": null,
            "roe": 5.75,
            "roe_4q": 20.46,
            "gross_profit": 31402,
            "gross_margin": 18.5,
            "gross_margin_4q_avg": 22.08,
            "net_income": 14387,
            "revenue": 169774,
            "common_shares": 206829,
            "book_valuer_per_share": 12.44,
            "book_valuer_per_share_4q_avg": 12.45,
            "equity": 257349,
            "current_ratio": 247.79,
            "debt_ratio": 62.14,
            "inventory_turnover_ratio": 1.65,
            "account_receivable_turnover_ratio": null,
            "reinvestment_rate": null,
            "research_to_sale_ratio": null,
            "price_fair": 81,
            "eps_avg_yearly": 2.31,
            "eps_latest_yearly": 2.8,
            "eps_growth_yearly": 49.53
        },
        "20044": {
            "year_quarter": 20044,
            "year": 2004,
            "quarter": 4,
            "eps": 0.4,
            "eps_growth_year": -18.37,
            "eps_4q": 2.27,
            "eps_4q_growth_year": 70.96,
            "roe": 3.16,
            "roe_4q": 19.36,
            "gross_profit": 26610,
            "gross_margin": 15.69,
            "gross_margin_4q_avg": 19.89,
            "net_income": 8244,
            "revenue": 169630,
            "common_shares": 206829,
            "book_valuer_per_share": 12.78,
            "book_valuer_per_share_4q_avg": 12.68,
            "equity": 264347,
            "current_ratio": 246.79,
            "debt_ratio": 61.55,
            "inventory_turnover_ratio": 1.37,
            "account_receivable_turnover_ratio": null,
            "reinvestment_rate": null,
            "research_to_sale_ratio": null,
            "price_fair": 71,
            "eps_avg_yearly": 2.23,
            "eps_latest_yearly": 1.6,
            "eps_growth_yearly": 21.91
        },
        "20051": {
            "year_quarter": 20051,
            "year": 2005,
            "quarter": 1,
            "eps": 0.28,
            "eps_growth_year": -48.15,
            "eps_4q": 2.03,
            "eps_4q_growth_year": 31.38,
            "roe": 2.19,
            "roe_4q": 17.07,
            "gross_profit": 24745,
            "gross_margin": 14.18,
            "gross_margin_4q_avg": 17.57,
            "net_income": 5864,
            "revenue": 174452,
            "common_shares": 206829,
            "book_valuer_per_share": 13.05,
            "book_valuer_per_share_4q_avg": 12.85,
            "equity": 269992,
            "current_ratio": 126.51,
            "debt_ratio": 60.94,
            "inventory_turnover_ratio": 1.46,
            "account_receivable_turnover_ratio": null,
            "reinvestment_rate": null,
            "research_to_sale_ratio": null,
            "price_fair": 33.93,
            "eps_avg_yearly": 2.1,
            "eps_latest_yearly": 1.12,
            "eps_growth_yearly": 6.14
        },
        "20052": {
            "year_quarter": 20052,
            "year": 2005,
            "quarter": 2,
            "eps": 0.52,
            "eps_growth_year": -31.58,
            "eps_4q": 1.73,
            "eps_4q_growth_year": -18.26,
            "roe": 4.51,
            "roe_4q": 15.61,
            "gross_profit": 34922,
            "gross_margin": 17.32,
            "gross_margin_4q_avg": 16.42,
            "net_income": 12275,
            "revenue": 201671,
            "common_shares": 235858,
            "book_valuer_per_share": 11.63,
            "book_valuer_per_share_4q_avg": 12.48,
            "equity": 274398,
            "current_ratio": 127.21,
            "debt_ratio": 62.29,
            "inventory_turnover_ratio": 1.84,
            "account_receivable_turnover_ratio": null,
            "reinvestment_rate": null,
            "research_to_sale_ratio": null,
            "price_fair": 73.5,
            "eps_avg_yearly": 2.1,
            "eps_latest_yearly": 2.08,
            "eps_growth_yearly": 39.81
        },
        "20053": {
            "year_quarter": 20053,
            "year": 2005,
            "quarter": 3,
            "eps": 1.06,
            "eps_growth_year": 51.43,
            "eps_4q": 2.16,
            "eps_4q_growth_year": -6.9,
            "roe": 8.52,
            "roe_4q": 18.38,
            "gross_profit": 50358,
            "gross_margin": 24.67,
            "gross_margin_4q_avg": 17.97,
            "net_income": 25446,
            "revenue": 204143,
            "common_shares": 237318,
            "book_valuer_per_share": 13.61,
            "book_valuer_per_share_4q_avg": 12.77,
            "equity": 322983,
            "current_ratio": 143.38,
            "debt_ratio": 57.72,
            "inventory_turnover_ratio": 1.61,
            "account_receivable_turnover_ratio": null,
            "reinvestment_rate": null,
            "research_to_sale_ratio": null,
            "price_fair": 80.31,
            "eps_avg_yearly": 2.29,
            "eps_latest_yearly": 4.24,
            "eps_growth_yearly": 73.96
        },
        "20054": {
            "year_quarter": 20054,
            "year": 2005,
            "quarter": 4,
            "eps": 1.1,
            "eps_growth_year": 175,
            "eps_4q": 2.82,
            "eps_4q_growth_year": 24.22,
            "roe": 6.78,
            "roe_4q": 22.000000000000004,
            "gross_profit": 59786,
            "gross_margin": 27.25,
            "gross_margin_4q_avg": 20.86,
            "net_income": 27900,
            "revenue": 219374,
            "common_shares": 309914,
            "book_valuer_per_share": 16.15,
            "book_valuer_per_share_4q_avg": 13.61,
            "equity": 500585,
            "current_ratio": 220.65,
            "debt_ratio": 39.41,
            "inventory_turnover_ratio": 1.36,
            "account_receivable_turnover_ratio": null,
            "reinvestment_rate": null,
            "research_to_sale_ratio": null,
            "price_fair": 86.45,
            "eps_avg_yearly": 2.47,
            "eps_latest_yearly": 4.4,
            "eps_growth_yearly": 69.05
        },
        "20061": {
            "year_quarter": 20061,
            "year": 2006,
            "quarter": 1,
            "eps": 0.66,
            "eps_growth_year": 135.71,
            "eps_4q": 2.43,
            "eps_4q_growth_year": 19.77,
            "roe": 4.57,
            "roe_4q": 24.380000000000003,
            "gross_profit": 51300,
            "gross_margin": 25.08,
            "gross_margin_4q_avg": 23.58,
            "net_income": 24401,
            "revenue": 204534,
            "common_shares": 356895,
            "book_valuer_per_share": 15.9,
            "book_valuer_per_share_4q_avg": 14.32,
            "equity": 567520,
            "current_ratio": 298.77,
            "debt_ratio": 33.86,
            "inventory_turnover_ratio": 1.29,
            "account_receivable_turnover_ratio": null,
            "reinvestment_rate": null,
            "research_to_sale_ratio": null,
            "price_fair": 86.91,
            "eps_avg_yearly": 2.48,
            "eps_latest_yearly": 2.64,
            "eps_growth_yearly": 51.43
        },
        "20062": {
            "year_quarter": 20062,
            "year": 2006,
            "quarter": 2,
            "eps": 0.49,
            "eps_growth_year": -5.77,
            "eps_4q": 2.37,
            "eps_4q_growth_year": 37.39,
            "roe": 3.52,
            "roe_4q": 23.39,
            "gross_profit": 51008,
            "gross_margin": 22.58,
            "gross_margin_4q_avg": 24.9,
            "net_income": 20232,
            "revenue": 225911,
            "common_shares": 377109,
            "book_valuer_per_share": 15.43,
            "book_valuer_per_share_4q_avg": 15.27,
            "equity": 581784,
            "current_ratio": 257.47,
            "debt_ratio": 34.64,
            "inventory_turnover_ratio": 1.84,
            "account_receivable_turnover_ratio": null,
            "reinvestment_rate": null,
            "research_to_sale_ratio": null,
            "price_fair": 81.52,
            "eps_avg_yearly": 2.33,
            "eps_latest_yearly": 1.96,
            "eps_growth_yearly": 43.51
        },
        "20063": {
            "year_quarter": 20063,
            "year": 2006,
            "quarter": 3,
            "eps": 0.42,
            "eps_growth_year": -60.38,
            "eps_4q": 2.16,
            "eps_4q_growth_year": 0.19,
            "roe": 2.94,
            "roe_4q": 17.810000000000002,
            "gross_profit": 34895,
            "gross_margin": 15.8,
            "gross_margin_4q_avg": 22.68,
            "net_income": 17476,
            "revenue": 220893,
            "common_shares": 427396,
            "book_valuer_per_share": 14.24,
            "book_valuer_per_share_4q_avg": 15.43,
            "equity": 608677,
            "current_ratio": 173.05,
            "debt_ratio": 41.42,
            "inventory_turnover_ratio": 1.87,
            "account_receivable_turnover_ratio": null,
            "reinvestment_rate": null,
            "research_to_sale_ratio": null,
            "price_fair": 79.9,
            "eps_avg_yearly": 2.28,
            "eps_latest_yearly": 1.68,
            "eps_growth_yearly": 36.32
        },
        "20064": {
            "year_quarter": 20064,
            "year": 2006,
            "quarter": 4,
            "eps": -0.01,
            "eps_growth_year": -100.91,
            "eps_4q": 1.46,
            "eps_4q_growth_year": -48.2,
            "roe": -0.1,
            "roe_4q": 10.93,
            "gross_profit": 23937,
            "gross_margin": 10.48,
            "gross_margin_4q_avg": 18.49,
            "net_income": -603,
            "revenue": 228343,
            "common_shares": 431805,
            "book_valuer_per_share": 14.1,
            "book_valuer_per_share_4q_avg": 14.92,
            "equity": 608799,
            "current_ratio": 188.22,
            "debt_ratio": 48.22,
            "inventory_turnover_ratio": 1.18,
            "account_receivable_turnover_ratio": null,
            "reinvestment_rate": 99.76,
            "research_to_sale_ratio": null,
            "price_fair": 79.9,
            "eps_avg_yearly": 2.28,
            "eps_latest_yearly": 1.68,
            "eps_growth_yearly": 36.32
        },
        "20071": {
            "year_quarter": 20071,
            "year": 2007,
            "quarter": 1,
            "eps": 0.04,
            "eps_growth_year": -93.94,
            "eps_4q": 0.91,
            "eps_4q_growth_year": -62.77,
            "roe": 0.28,
            "roe_4q": 6.640000000000001,
            "gross_profit": 17766,
            "gross_margin": 9.06,
            "gross_margin_4q_avg": 14.48,
            "net_income": 1713,
            "revenue": 196154,
            "common_shares": 431805,
            "book_valuer_per_share": 14.26,
            "book_valuer_per_share_4q_avg": 14.51,
            "equity": 615875,
            "current_ratio": 153.27,
            "debt_ratio": 50.44,
            "inventory_turnover_ratio": 0.96,
            "account_receivable_turnover_ratio": null,
            "reinvestment_rate": 55.83,
            "research_to_sale_ratio": null,
            "price_fair": 79.9,
            "eps_avg_yearly": 2.28,
            "eps_latest_yearly": 1.68,
            "eps_growth_yearly": 36.32
        },
        "20072": {
            "year_quarter": 20072,
            "year": 2007,
            "quarter": 2,
            "eps": -0.18,
            "eps_growth_year": -136.73,
            "eps_4q": 0.24,
            "eps_4q_growth_year": -89.84,
            "roe": -1.35,
            "roe_4q": 1.7699999999999998,
            "gross_profit": 15756,
            "gross_margin": 7.04,
            "gross_margin_4q_avg": 10.6,
            "net_income": -8178,
            "revenue": 223741,
            "common_shares": 431805,
            "book_valuer_per_share": 13.82,
            "book_valuer_per_share_4q_avg": 14.11,
            "equity": 596942,
            "current_ratio": 188.04,
            "debt_ratio": 52.39,
            "inventory_turnover_ratio": 1.41,
            "account_receivable_turnover_ratio": null,
            "reinvestment_rate": 58.21,
            "research_to_sale_ratio": null,
            "price_fair": 83.35,
            "eps_avg_yearly": 2.38,
            "eps_latest_yearly": 1.68,
            "eps_growth_yearly": 50.65
        },
        "20073": {
            "year_quarter": 20073,
            "year": 2007,
            "quarter": 3,
            "eps": -0.11,
            "eps_growth_year": -126.19,
            "eps_4q": -0.27,
            "eps_4q_growth_year": -112.27,
            "roe": -0.83,
            "roe_4q": -2,
            "gross_profit": 20467,
            "gross_margin": 8.28,
            "gross_margin_4q_avg": 8.72,
            "net_income": -4916,
            "revenue": 247173,
            "common_shares": 451534,
            "book_valuer_per_share": 12.91,
            "book_valuer_per_share_4q_avg": 13.77,
            "equity": 583066,
            "current_ratio": 178.09,
            "debt_ratio": 54.21,
            "inventory_turnover_ratio": 1.37,
            "account_receivable_turnover_ratio": null,
            "reinvestment_rate": 53.61,
            "research_to_sale_ratio": null,
            "price_fair": 86.57,
            "eps_avg_yearly": 2.47,
            "eps_latest_yearly": 1.68,
            "eps_growth_yearly": 45.54
        },
        "20074": {
            "year_quarter": 20074,
            "year": 2007,
            "quarter": 4,
            "eps": 0.01,
            "eps_growth_year": null,
            "eps_4q": -0.24,
            "eps_4q_growth_year": -116.44,
            "roe": 0.08,
            "roe_4q": -1.82,
            "gross_profit": 24889,
            "gross_margin": 8.88,
            "gross_margin_4q_avg": 8.32,
            "net_income": 445,
            "revenue": 280173,
            "common_shares": 451534,
            "book_valuer_per_share": 12.92,
            "book_valuer_per_share_4q_avg": 13.48,
            "equity": 583219,
            "current_ratio": 155.62,
            "debt_ratio": 62.06,
            "inventory_turnover_ratio": 1.14,
            "account_receivable_turnover_ratio": null,
            "reinvestment_rate": 180.53,
            "research_to_sale_ratio": null,
            "price_fair": 88.2,
            "eps_avg_yearly": 2.52,
            "eps_latest_yearly": 1.68,
            "eps_growth_yearly": 30.36
        },
        "20081": {
            "year_quarter": 20081,
            "year": 2008,
            "quarter": 1,
            "eps": 0.1,
            "eps_growth_year": 150,
            "eps_4q": -0.19,
            "eps_4q_growth_year": -120.76,
            "roe": 0.75,
            "roe_4q": -1.35,
            "gross_profit": 34004,
            "gross_margin": 11.27,
            "gross_margin_4q_avg": 8.87,
            "net_income": 4389,
            "revenue": 301686,
            "common_shares": 451534,
            "book_valuer_per_share": 12.89,
            "book_valuer_per_share_4q_avg": 13.14,
            "equity": 581864,
            "current_ratio": 160.93,
            "debt_ratio": 60.57,
            "inventory_turnover_ratio": 0.96,
            "account_receivable_turnover_ratio": null,
            "reinvestment_rate": 180.06,
            "research_to_sale_ratio": null,
            "price_fair": 82.6,
            "eps_avg_yearly": 2.36,
            "eps_latest_yearly": 0.4,
            "eps_growth_yearly": 353.92
        },
        "20082": {
            "year_quarter": 20082,
            "year": 2008,
            "quarter": 2,
            "eps": 0.2,
            "eps_growth_year": null,
            "eps_4q": 0.2,
            "eps_4q_growth_year": -17.78,
            "roe": 1.52,
            "roe_4q": 1.52,
            "gross_profit": 51906,
            "gross_margin": 15.51,
            "gross_margin_4q_avg": 10.99,
            "net_income": 8951,
            "revenue": 334648,
            "common_shares": 451534,
            "book_valuer_per_share": 13.18,
            "book_valuer_per_share_4q_avg": 12.98,
            "equity": 595216,
            "current_ratio": 112.31,
            "debt_ratio": 61.16,
            "inventory_turnover_ratio": 0.96,
            "account_receivable_turnover_ratio": null,
            "reinvestment_rate": 190.44,
            "research_to_sale_ratio": null,
            "price_fair": 75.47,
            "eps_avg_yearly": 2.16,
            "eps_latest_yearly": 0.8,
            "eps_growth_yearly": 375.47
        },
        "20083": {
            "year_quarter": 20083,
            "year": 2008,
            "quarter": 3,
            "eps": 0.29,
            "eps_growth_year": null,
            "eps_4q": 0.6,
            "eps_4q_growth_year": null,
            "roe": 2.13,
            "roe_4q": 4.48,
            "gross_profit": 50727,
            "gross_margin": 13.24,
            "gross_margin_4q_avg": 12.23,
            "net_income": 12977,
            "revenue": 383279,
            "common_shares": 460534,
            "book_valuer_per_share": 13.51,
            "book_valuer_per_share_4q_avg": 13.13,
            "equity": 622187,
            "current_ratio": 113.54,
            "debt_ratio": 59.21,
            "inventory_turnover_ratio": 1.09,
            "account_receivable_turnover_ratio": null,
            "reinvestment_rate": 198.69,
            "research_to_sale_ratio": null,
            "price_fair": 70.25,
            "eps_avg_yearly": 2.01,
            "eps_latest_yearly": 1.16,
            "eps_growth_yearly": 394.7
        },
        "20084": {
            "year_quarter": 20084,
            "year": 2008,
            "quarter": 4,
            "eps": -0.13,
            "eps_growth_year": -1400,
            "eps_4q": 0.46,
            "eps_4q_growth_year": null,
            "roe": -0.93,
            "roe_4q": 3.4699999999999998,
            "gross_profit": 34681,
            "gross_margin": 15.58,
            "gross_margin_4q_avg": 13.9,
            "net_income": -5803,
            "revenue": 222615,
            "common_shares": 460534,
            "book_valuer_per_share": 13.49,
            "book_valuer_per_share_4q_avg": 13.27,
            "equity": 621239,
            "current_ratio": 110.82,
            "debt_ratio": 57.46,
            "inventory_turnover_ratio": 0.62,
            "account_receivable_turnover_ratio": 1.58,
            "reinvestment_rate": 209.12,
            "research_to_sale_ratio": null,
            "price_fair": 71.68,
            "eps_avg_yearly": 2.05,
            "eps_latest_yearly": 1.16,
            "eps_growth_yearly": 451.32
        },
        "20091": {
            "year_quarter": 20091,
            "year": 2009,
            "quarter": 1,
            "eps": 0.05,
            "eps_growth_year": -50,
            "eps_4q": 0.43,
            "eps_4q_growth_year": null,
            "roe": 0.34,
            "roe_4q": 3.0599999999999996,
            "gross_profit": 27719,
            "gross_margin": 17.44,
            "gross_margin_4q_avg": 15.44,
            "net_income": 2104,
            "revenue": 158970,
            "common_shares": 460534,
            "book_valuer_per_share": 13.77,
            "book_valuer_per_share_4q_avg": 13.49,
            "equity": 634282,
            "current_ratio": 113.76,
            "debt_ratio": 53.52,
            "inventory_turnover_ratio": 0.45,
            "account_receivable_turnover_ratio": 0.67,
            "reinvestment_rate": 216.3,
            "research_to_sale_ratio": null,
            "price_fair": 75.29,
            "eps_avg_yearly": 2.15,
            "eps_latest_yearly": 1.16,
            "eps_growth_yearly": 514.8
        },
        "20092": {
            "year_quarter": 20092,
            "year": 2009,
            "quarter": 2,
            "eps": 0.51,
            "eps_growth_year": 155,
            "eps_4q": 0.71,
            "eps_4q_growth_year": 260.35,
            "roe": 3.68,
            "roe_4q": 5.220000000000001,
            "gross_profit": 64040,
            "gross_margin": 26.34,
            "gross_margin_4q_avg": 18.15,
            "net_income": 23184,
            "revenue": 243142,
            "common_shares": 460534,
            "book_valuer_per_share": 13.58,
            "book_valuer_per_share_4q_avg": 13.59,
            "equity": 625417,
            "current_ratio": 116.43,
            "debt_ratio": 50.12,
            "inventory_turnover_ratio": 0.71,
            "account_receivable_turnover_ratio": 1.04,
            "reinvestment_rate": 190.92,
            "research_to_sale_ratio": null,
            "price_fair": 75.13,
            "eps_avg_yearly": 2.15,
            "eps_latest_yearly": 2.04,
            "eps_growth_yearly": 885.59
        },
        "20093": {
            "year_quarter": 20093,
            "year": 2009,
            "quarter": 3,
            "eps": 0.66,
            "eps_growth_year": 127.59,
            "eps_4q": 1.08,
            "eps_4q_growth_year": 81.17,
            "roe": 4.71,
            "roe_4q": 7.800000000000001,
            "gross_profit": 75067,
            "gross_margin": 25.09,
            "gross_margin_4q_avg": 21.11,
            "net_income": 30367,
            "revenue": 299145,
            "common_shares": 476334,
            "book_valuer_per_share": 13.94,
            "book_valuer_per_share_4q_avg": 13.7,
            "equity": 663941,
            "current_ratio": 126.02,
            "debt_ratio": 47.61,
            "inventory_turnover_ratio": 1.04,
            "account_receivable_turnover_ratio": 0.98,
            "reinvestment_rate": 175.84,
            "research_to_sale_ratio": null,
            "price_fair": 68.91,
            "eps_avg_yearly": 1.97,
            "eps_latest_yearly": 2.64,
            "eps_growth_yearly": 852.51
        },
        "20094": {
            "year_quarter": 20094,
            "year": 2009,
            "quarter": 4,
            "eps": 0.5,
            "eps_growth_year": null,
            "eps_4q": 1.69,
            "eps_4q_growth_year": 267.32,
            "roe": 3.43,
            "roe_4q": 12.16,
            "gross_profit": 63203,
            "gross_margin": 22.59,
            "gross_margin_4q_avg": 22.87,
            "net_income": 23141,
            "revenue": 279783,
            "common_shares": 476334,
            "book_valuer_per_share": 14.67,
            "book_valuer_per_share_4q_avg": 13.99,
            "equity": 684282,
            "current_ratio": 136.07,
            "debt_ratio": 47.56,
            "inventory_turnover_ratio": 1.01,
            "account_receivable_turnover_ratio": 1.2,
            "reinvestment_rate": 376.58,
            "research_to_sale_ratio": null,
            "price_fair": 59.58,
            "eps_avg_yearly": 1.7,
            "eps_latest_yearly": 2,
            "eps_growth_yearly": 840.06
        },
        "20101": {
            "year_quarter": 20101,
            "year": 2010,
            "quarter": 1,
            "eps": 0.37,
            "eps_growth_year": 640,
            "eps_4q": 2.01,
            "eps_4q_growth_year": 364.93,
            "roe": 2.49,
            "roe_4q": 14.309999999999999,
            "gross_profit": 52254,
            "gross_margin": 19.76,
            "gross_margin_4q_avg": 23.45,
            "net_income": 17233,
            "revenue": 264397,
            "common_shares": 476334,
            "book_valuer_per_share": 15.02,
            "book_valuer_per_share_4q_avg": 14.3,
            "equity": 700270,
            "current_ratio": 138.77,
            "debt_ratio": 45.25,
            "inventory_turnover_ratio": 0.93,
            "account_receivable_turnover_ratio": 0.58,
            "reinvestment_rate": 415.49,
            "research_to_sale_ratio": 0.89,
            "price_fair": 55.07,
            "eps_avg_yearly": 1.57,
            "eps_latest_yearly": 1.48,
            "eps_growth_yearly": 846.28
        },
        "20102": {
            "year_quarter": 20102,
            "year": 2010,
            "quarter": 2,
            "eps": 0.37,
            "eps_growth_year": -27.37,
            "eps_4q": 1.79,
            "eps_4q_growth_year": 150.4,
            "roe": 2.67,
            "roe_4q": 13.3,
            "gross_profit": 55831,
            "gross_margin": 17.49,
            "gross_margin_4q_avg": 21.23,
            "net_income": 18484,
            "revenue": 319214,
            "common_shares": 508978,
            "book_valuer_per_share": 13.75,
            "book_valuer_per_share_4q_avg": 14.35,
            "equity": 686209,
            "current_ratio": 129.44,
            "debt_ratio": 47.84,
            "inventory_turnover_ratio": 1.22,
            "account_receivable_turnover_ratio": 0.72,
            "reinvestment_rate": 430.49,
            "research_to_sale_ratio": 0.71,
            "price_fair": 53.2,
            "eps_avg_yearly": 1.52,
            "eps_latest_yearly": 1.48,
            "eps_growth_yearly": 857.73
        },
        "20103": {
            "year_quarter": 20103,
            "year": 2010,
            "quarter": 3,
            "eps": 0.48,
            "eps_growth_year": -27.82,
            "eps_4q": 1.66,
            "eps_4q_growth_year": 52.83,
            "roe": 3.38,
            "roe_4q": 11.969999999999999,
            "gross_profit": 56731,
            "gross_margin": 17.61,
            "gross_margin_4q_avg": 19.36,
            "net_income": 23770,
            "revenue": 322218,
            "common_shares": 508978,
            "book_valuer_per_share": 14.14,
            "book_valuer_per_share_4q_avg": 14.4,
            "equity": 721046,
            "current_ratio": 140.07,
            "debt_ratio": 45.8,
            "inventory_turnover_ratio": 1.36,
            "account_receivable_turnover_ratio": 0.68,
            "reinvestment_rate": 391.19,
            "research_to_sale_ratio": 0.72,
            "price_fair": 54.13,
            "eps_avg_yearly": 1.55,
            "eps_latest_yearly": 1.92,
            "eps_growth_yearly": 877.29
        },
        "20104": {
            "year_quarter": 20104,
            "year": 2010,
            "quarter": 4,
            "eps": -0.01,
            "eps_growth_year": -102.11,
            "eps_4q": 1.18,
            "eps_4q_growth_year": -30.07,
            "roe": -0.25,
            "roe_4q": 8.29,
            "gross_profit": 48255,
            "gross_margin": 15.39,
            "gross_margin_4q_avg": 17.56,
            "net_income": -1779,
            "revenue": 313515,
            "common_shares": 498988,
            "book_valuer_per_share": 13.76,
            "book_valuer_per_share_4q_avg": 14.17,
            "equity": 700189,
            "current_ratio": 132.22,
            "debt_ratio": 52.77,
            "inventory_turnover_ratio": 1.35,
            "account_receivable_turnover_ratio": 0.63,
            "reinvestment_rate": 334.57,
            "research_to_sale_ratio": 0.66,
            "price_fair": 54.13,
            "eps_avg_yearly": 1.55,
            "eps_latest_yearly": 1.92,
            "eps_growth_yearly": 877.29
        },
        "20111": {
            "year_quarter": 20111,
            "year": 2011,
            "quarter": 1,
            "eps": 0.28,
            "eps_growth_year": -24.32,
            "eps_4q": 1.11,
            "eps_4q_growth_year": -44.67,
            "roe": 1.71,
            "roe_4q": 7.51,
            "gross_profit": 45278,
            "gross_margin": 15.45,
            "gross_margin_4q_avg": 16.49,
            "net_income": 12380,
            "revenue": 292991,
            "common_shares": 498988,
            "book_valuer_per_share": 14.15,
            "book_valuer_per_share_4q_avg": 13.95,
            "equity": 747321,
            "current_ratio": 137.38,
            "debt_ratio": 51.76,
            "inventory_turnover_ratio": 1.11,
            "account_receivable_turnover_ratio": 0.57,
            "reinvestment_rate": 372.71,
            "research_to_sale_ratio": 0.58,
            "price_fair": 54.13,
            "eps_avg_yearly": 1.55,
            "eps_latest_yearly": 1.92,
            "eps_growth_yearly": 877.29
        },
        "20112": {
            "year_quarter": 20112,
            "year": 2011,
            "quarter": 2,
            "eps": 0.01,
            "eps_growth_year": -97.81,
            "eps_4q": 0.7,
            "eps_4q_growth_year": -60.66,
            "roe": -0.11,
            "roe_4q": 4.7299999999999995,
            "gross_profit": 39262,
            "gross_margin": 12.82,
            "gross_margin_4q_avg": 15.32,
            "net_income": -838,
            "revenue": 306184,
            "common_shares": 533917,
            "book_valuer_per_share": 12.89,
            "book_valuer_per_share_4q_avg": 13.74,
            "equity": 727511,
            "current_ratio": 131.24,
            "debt_ratio": 54.49,
            "inventory_turnover_ratio": 1.1,
            "account_receivable_turnover_ratio": 0.59,
            "reinvestment_rate": 365.16,
            "research_to_sale_ratio": 0.39,
            "price_fair": 48.86,
            "eps_avg_yearly": 1.4,
            "eps_latest_yearly": 0.04,
            "eps_growth_yearly": 750.99
        },
        "20113": {
            "year_quarter": 20113,
            "year": 2011,
            "quarter": 3,
            "eps": 0.41,
            "eps_growth_year": -13.39,
            "eps_4q": 0.67,
            "eps_4q_growth_year": -59.49,
            "roe": 2.7,
            "roe_4q": 4.050000000000001,
            "gross_profit": 44101,
            "gross_margin": 14.39,
            "gross_margin_4q_avg": 14.51,
            "net_income": 20333,
            "revenue": 306434,
            "common_shares": 533917,
            "book_valuer_per_share": 13.8,
            "book_valuer_per_share_4q_avg": 13.65,
            "equity": 777695,
            "current_ratio": 132.97,
            "debt_ratio": 50.62,
            "inventory_turnover_ratio": 1.09,
            "account_receivable_turnover_ratio": 0.57,
            "reinvestment_rate": 344.8,
            "research_to_sale_ratio": 0.34,
            "price_fair": 49.64,
            "eps_avg_yearly": 1.42,
            "eps_latest_yearly": 1.64,
            "eps_growth_yearly": 2137.26
        },
        "20114": {
            "year_quarter": 20114,
            "year": 2011,
            "quarter": 4,
            "eps": 0.41,
            "eps_growth_year": null,
            "eps_4q": 1.09,
            "eps_4q_growth_year": -8.09,
            "roe": 2.31,
            "roe_4q": 6.609999999999999,
            "gross_profit": 55599,
            "gross_margin": 18.87,
            "gross_margin_4q_avg": 15.38,
            "net_income": 18064,
            "revenue": 294612,
            "common_shares": 533917,
            "book_valuer_per_share": 14.09,
            "book_valuer_per_share_4q_avg": 13.73,
            "equity": 789402,
            "current_ratio": 138.04,
            "debt_ratio": 51.35,
            "inventory_turnover_ratio": 1.02,
            "account_receivable_turnover_ratio": 0.57,
            "reinvestment_rate": 204.78,
            "research_to_sale_ratio": 0.35,
            "price_fair": 50.28,
            "eps_avg_yearly": 1.44,
            "eps_latest_yearly": 1.64,
            "eps_growth_yearly": 1959.16
        },
        "20121": {
            "year_quarter": 20121,
            "year": 2012,
            "quarter": 1,
            "eps": 0.26,
            "eps_growth_year": -7.14,
            "eps_4q": 1.09,
            "eps_4q_growth_year": -2.42,
            "roe": 1.64,
            "roe_4q": 6.54,
            "gross_profit": 51566,
            "gross_margin": 20.64,
            "gross_margin_4q_avg": 16.68,
            "net_income": 12975,
            "revenue": 249789,
            "common_shares": 533917,
            "book_valuer_per_share": 14.18,
            "book_valuer_per_share_4q_avg": 13.74,
            "equity": 794487,
            "current_ratio": 155.88,
            "debt_ratio": 52.48,
            "inventory_turnover_ratio": 0.82,
            "account_receivable_turnover_ratio": 0.52,
            "reinvestment_rate": 194.42,
            "research_to_sale_ratio": 0.4,
            "price_fair": 52.15,
            "eps_avg_yearly": 1.49,
            "eps_latest_yearly": 1.04,
            "eps_growth_yearly": 1646.96
        },
        "20122": {
            "year_quarter": 20122,
            "year": 2012,
            "quarter": 2,
            "eps": 0.48,
            "eps_growth_year": 5801.55,
            "eps_4q": 1.56,
            "eps_4q_growth_year": 121.64,
            "roe": 3.03,
            "roe_4q": 9.68,
            "gross_profit": 59333,
            "gross_margin": 21.35,
            "gross_margin_4q_avg": 18.81,
            "net_income": 23650,
            "revenue": 277935,
            "common_shares": 533917,
            "book_valuer_per_share": 13.72,
            "book_valuer_per_share_4q_avg": 13.95,
            "equity": 768161,
            "current_ratio": 149.53,
            "debt_ratio": 52.91,
            "inventory_turnover_ratio": 0.8,
            "account_receivable_turnover_ratio": 0.56,
            "reinvestment_rate": 178.55,
            "research_to_sale_ratio": 0.36,
            "price_fair": 55.42,
            "eps_avg_yearly": 1.58,
            "eps_latest_yearly": 1.92,
            "eps_growth_yearly": 1641.83
        },
        "20123": {
            "year_quarter": 20123,
            "year": 2012,
            "quarter": 3,
            "eps": 0.48,
            "eps_growth_year": 15.94,
            "eps_4q": 1.62,
            "eps_4q_growth_year": 142.22,
            "roe": 2.88,
            "roe_4q": 9.86,
            "gross_profit": 60574,
            "gross_margin": 19.9,
            "gross_margin_4q_avg": 20.19,
            "net_income": 22287,
            "revenue": 304332,
            "common_shares": 533917,
            "book_valuer_per_share": 14.03,
            "book_valuer_per_share_4q_avg": 14.01,
            "equity": 780656,
            "current_ratio": 153.9,
            "debt_ratio": 51.22,
            "inventory_turnover_ratio": 0.82,
            "account_receivable_turnover_ratio": 0.58,
            "reinvestment_rate": 166.98,
            "research_to_sale_ratio": 0.43,
            "price_fair": 57.63,
            "eps_avg_yearly": 1.65,
            "eps_latest_yearly": 1.92,
            "eps_growth_yearly": 1626.83
        },
        "20124": {
            "year_quarter": 20124,
            "year": 2012,
            "quarter": 4,
            "eps": 0.41,
            "eps_growth_year": 0.25,
            "eps_4q": 1.66,
            "eps_4q_growth_year": 53.04,
            "roe": 2.34,
            "roe_4q": 9.89,
            "gross_profit": 54912,
            "gross_margin": 20.85,
            "gross_margin_4q_avg": 20.69,
            "net_income": 18313,
            "revenue": 263420,
            "common_shares": 533917,
            "book_valuer_per_share": 14.47,
            "book_valuer_per_share_4q_avg": 14.1,
            "equity": 782362,
            "current_ratio": 183.67,
            "debt_ratio": 53.85,
            "inventory_turnover_ratio": 0.7,
            "account_receivable_turnover_ratio": 0.51,
            "reinvestment_rate": 162.06,
            "research_to_sale_ratio": 0.58,
            "price_fair": 57.62,
            "eps_avg_yearly": 1.65,
            "eps_latest_yearly": 1.64,
            "eps_growth_yearly": 1497.21
        },
        "20131": {
            "year_quarter": 20131,
            "year": 2013,
            "quarter": 1,
            "eps": 0.31,
            "eps_growth_year": 19.23,
            "eps_4q": 1.73,
            "eps_4q_growth_year": 58.95,
            "roe": 1.22,
            "roe_4q": 9.469999999999999,
            "gross_profit": 48981,
            "gross_margin": 20.58,
            "gross_margin_4q_avg": 20.67,
            "net_income": 9544,
            "revenue": 238045,
            "common_shares": 533917,
            "book_valuer_per_share": 14.85,
            "book_valuer_per_share_4q_avg": 14.27,
            "equity": 784347,
            "current_ratio": 189.82,
            "debt_ratio": 50.58,
            "inventory_turnover_ratio": 0.68,
            "account_receivable_turnover_ratio": 0.61,
            "reinvestment_rate": 41.93,
            "research_to_sale_ratio": 0.81,
            "price_fair": 56.6,
            "eps_avg_yearly": 1.62,
            "eps_latest_yearly": 1.24,
            "eps_growth_yearly": 1383.29
        },
        "20132": {
            "year_quarter": 20132,
            "year": 2013,
            "quarter": 2,
            "eps": 0.54,
            "eps_growth_year": 12.56,
            "eps_4q": 1.77,
            "eps_4q_growth_year": 13.51,
            "roe": 2.84,
            "roe_4q": 9.28,
            "gross_profit": 66625,
            "gross_margin": 21.85,
            "gross_margin_4q_avg": 20.8,
            "net_income": 21534,
            "revenue": 304927,
            "common_shares": 533917,
            "book_valuer_per_share": 13.99,
            "book_valuer_per_share_4q_avg": 14.34,
            "equity": 734556,
            "current_ratio": 146.69,
            "debt_ratio": 56.85,
            "inventory_turnover_ratio": 0.94,
            "account_receivable_turnover_ratio": 1,
            "reinvestment_rate": 65.02,
            "research_to_sale_ratio": 0.53,
            "price_fair": 56.9,
            "eps_avg_yearly": 1.63,
            "eps_latest_yearly": 2.16,
            "eps_growth_yearly": 1141.63
        },
        "20133": {
            "year_quarter": 20133,
            "year": 2013,
            "quarter": 3,
            "eps": 0.72,
            "eps_growth_year": 50.52,
            "eps_4q": 1.87,
            "eps_4q_growth_year": 15.2,
            "roe": 4.76,
            "roe_4q": 11.16,
            "gross_profit": 79050,
            "gross_margin": 24.62,
            "gross_margin_4q_avg": 21.98,
            "net_income": 36821,
            "revenue": 321145,
            "common_shares": 533917,
            "book_valuer_per_share": 14.59,
            "book_valuer_per_share_4q_avg": 14.48,
            "equity": 813663,
            "current_ratio": 151.16,
            "debt_ratio": 52.95,
            "inventory_turnover_ratio": 1,
            "account_receivable_turnover_ratio": 0.94,
            "reinvestment_rate": 68.76,
            "research_to_sale_ratio": 0.45,
            "price_fair": 57.5,
            "eps_avg_yearly": 1.64,
            "eps_latest_yearly": 2.88,
            "eps_growth_yearly": 1142.75
        },
        "20134": {
            "year_quarter": 20134,
            "year": 2013,
            "quarter": 4,
            "eps": 0.63,
            "eps_growth_year": 55.36,
            "eps_4q": 2.02,
            "eps_4q_growth_year": 21.57,
            "roe": 4.68,
            "roe_4q": 13.5,
            "gross_profit": 65081,
            "gross_margin": 22.21,
            "gross_margin_4q_avg": 22.32,
            "net_income": 40487,
            "revenue": 293089,
            "common_shares": 567423,
            "book_valuer_per_share": 15.36,
            "book_valuer_per_share_4q_avg": 14.7,
            "equity": 916970,
            "current_ratio": 153.62,
            "debt_ratio": 50.17,
            "inventory_turnover_ratio": 0.85,
            "account_receivable_turnover_ratio": 0.82,
            "reinvestment_rate": -26.09,
            "research_to_sale_ratio": 0.47,
            "price_fair": 58.8,
            "eps_avg_yearly": 1.68,
            "eps_latest_yearly": 2.52,
            "eps_growth_yearly": 1146.11
        },
        "20141": {
            "year_quarter": 20141,
            "year": 2014,
            "quarter": 1,
            "eps": 0.36,
            "eps_growth_year": 16.13,
            "eps_4q": 2.02,
            "eps_4q_growth_year": 16.69,
            "roe": 2.23,
            "roe_4q": 14.51,
            "gross_profit": 58545,
            "gross_margin": 21.93,
            "gross_margin_4q_avg": 22.65,
            "net_income": 21213,
            "revenue": 266946,
            "common_shares": 604776,
            "book_valuer_per_share": 15.72,
            "book_valuer_per_share_4q_avg": 14.92,
            "equity": 983026,
            "current_ratio": 154.94,
            "debt_ratio": 47.68,
            "inventory_turnover_ratio": 0.67,
            "account_receivable_turnover_ratio": 0.8,
            "reinvestment_rate": -36.36,
            "research_to_sale_ratio": 0.59,
            "price_fair": 58.7,
            "eps_avg_yearly": 1.68,
            "eps_latest_yearly": 1.44,
            "eps_growth_yearly": 1141.29
        },
        "20142": {
            "year_quarter": 20142,
            "year": 2014,
            "quarter": 2,
            "eps": 0.32,
            "eps_growth_year": -40.74,
            "eps_4q": 1.88,
            "eps_4q_growth_year": 6.12,
            "roe": 2.04,
            "roe_4q": 13.709999999999999,
            "gross_profit": 67560,
            "gross_margin": 22.48,
            "gross_margin_4q_avg": 22.81,
            "net_income": 19387,
            "revenue": 300492,
            "common_shares": 633393,
            "book_valuer_per_share": 14.67,
            "book_valuer_per_share_4q_avg": 15.09,
            "equity": 919388,
            "current_ratio": 140.88,
            "debt_ratio": 51.44,
            "inventory_turnover_ratio": 0.7,
            "account_receivable_turnover_ratio": 0.92,
            "reinvestment_rate": -49.21,
            "research_to_sale_ratio": 0.46,
            "price_fair": 58.2,
            "eps_avg_yearly": 1.66,
            "eps_latest_yearly": 1.28,
            "eps_growth_yearly": 1138.12
        },
        "20143": {
            "year_quarter": 20143,
            "year": 2014,
            "quarter": 3,
            "eps": 0.55,
            "eps_growth_year": -23.61,
            "eps_4q": 1.81,
            "eps_4q_growth_year": -3.3,
            "roe": 3.59,
            "roe_4q": 12.54,
            "gross_profit": 68276,
            "gross_margin": 20.81,
            "gross_margin_4q_avg": 21.86,
            "net_income": 33707,
            "revenue": 328110,
            "common_shares": 634241,
            "book_valuer_per_share": 15.16,
            "book_valuer_per_share_4q_avg": 15.23,
            "equity": 957024,
            "current_ratio": 146.65,
            "debt_ratio": 49.4,
            "inventory_turnover_ratio": 0.76,
            "account_receivable_turnover_ratio": 0.91,
            "reinvestment_rate": -54.63,
            "research_to_sale_ratio": 0.35,
            "price_fair": 58.9,
            "eps_avg_yearly": 1.68,
            "eps_latest_yearly": 2.2,
            "eps_growth_yearly": 1150.16
        },
        "20144": {
            "year_quarter": 20144,
            "year": 2014,
            "quarter": 4,
            "eps": 0.58,
            "eps_growth_year": -8.51,
            "eps_4q": 1.77,
            "eps_4q_growth_year": -12.6,
            "roe": 3.7,
            "roe_4q": 11.56,
            "gross_profit": 67398,
            "gross_margin": 21.48,
            "gross_margin_4q_avg": 21.68,
            "net_income": 36299,
            "revenue": 313815,
            "common_shares": 638724,
            "book_valuer_per_share": 15.98,
            "book_valuer_per_share_4q_avg": 15.38,
            "equity": 1004574,
            "current_ratio": 158.74,
            "debt_ratio": 43.68,
            "inventory_turnover_ratio": 0.71,
            "account_receivable_turnover_ratio": 0.8,
            "reinvestment_rate": -88.84,
            "research_to_sale_ratio": 0.35,
            "price_fair": 60.39,
            "eps_avg_yearly": 1.73,
            "eps_latest_yearly": 2.32,
            "eps_growth_yearly": 1074.94
        },
        "20151": {
            "year_quarter": 20151,
            "year": 2015,
            "quarter": 1,
            "eps": 0.41,
            "eps_growth_year": 13.89,
            "eps_4q": 1.83,
            "eps_4q_growth_year": -9.18,
            "roe": 2.49,
            "roe_4q": 11.82,
            "gross_profit": 67898,
            "gross_margin": 24.17,
            "gross_margin_4q_avg": 22.24,
            "net_income": 25718,
            "revenue": 280967,
            "common_shares": 651971,
            "book_valuer_per_share": 16.37,
            "book_valuer_per_share_4q_avg": 15.55,
            "equity": 1063731,
            "current_ratio": 175.93,
            "debt_ratio": 39.56,
            "inventory_turnover_ratio": 0.62,
            "account_receivable_turnover_ratio": 0.75,
            "reinvestment_rate": -89.04,
            "research_to_sale_ratio": 0.39,
            "price_fair": 60.2,
            "eps_avg_yearly": 1.72,
            "eps_latest_yearly": 1.64,
            "eps_growth_yearly": 1000.43
        },
        "20152": {
            "year_quarter": 20152,
            "year": 2015,
            "quarter": 2,
            "eps": 0.55,
            "eps_growth_year": 71.88,
            "eps_4q": 2.07,
            "eps_4q_growth_year": 10.38,
            "roe": 3.33,
            "roe_4q": 13.11,
            "gross_profit": 76390,
            "gross_margin": 25.74,
            "gross_margin_4q_avg": 23.05,
            "net_income": 34567,
            "revenue": 296721,
            "common_shares": 651971,
            "book_valuer_per_share": 15.54,
            "book_valuer_per_share_4q_avg": 15.76,
            "equity": 1011520,
            "current_ratio": 150.36,
            "debt_ratio": 43.54,
            "inventory_turnover_ratio": 0.7,
            "account_receivable_turnover_ratio": 0.82,
            "reinvestment_rate": -80.58,
            "research_to_sale_ratio": 0.36,
            "price_fair": 64.93,
            "eps_avg_yearly": 1.86,
            "eps_latest_yearly": 2.2,
            "eps_growth_yearly": 1033.07
        },
        "20153": {
            "year_quarter": 20153,
            "year": 2015,
            "quarter": 3,
            "eps": 0.76,
            "eps_growth_year": 38.18,
            "eps_4q": 2.29,
            "eps_4q_growth_year": 26.78,
            "roe": 4.61,
            "roe_4q": 14.129999999999999,
            "gross_profit": 78418,
            "gross_margin": 25.59,
            "gross_margin_4q_avg": 24.25,
            "net_income": 48052,
            "revenue": 306476,
            "common_shares": 651971,
            "book_valuer_per_share": 16.52,
            "book_valuer_per_share_4q_avg": 16.1,
            "equity": 1072412,
            "current_ratio": 307.47,
            "debt_ratio": 40.86,
            "inventory_turnover_ratio": 0.8,
            "account_receivable_turnover_ratio": 0.82,
            "reinvestment_rate": -87.87,
            "research_to_sale_ratio": 0.45,
            "price_fair": 67.99,
            "eps_avg_yearly": 1.94,
            "eps_latest_yearly": 3.04,
            "eps_growth_yearly": 42.62
        },
        "20154": {
            "year_quarter": 20154,
            "year": 2015,
            "quarter": 4,
            "eps": 0.62,
            "eps_growth_year": 7.52,
            "eps_4q": 2.32,
            "eps_4q_growth_year": 31.44,
            "roe": 3.61,
            "roe_4q": 14.040000000000001,
            "gross_profit": 88879,
            "gross_margin": 28.65,
            "gross_margin_4q_avg": 26.04,
            "net_income": 39476,
            "revenue": 310265,
            "common_shares": 651971,
            "book_valuer_per_share": 17.01,
            "book_valuer_per_share_4q_avg": 16.36,
            "equity": 1113948,
            "current_ratio": 320.23,
            "debt_ratio": 39.4,
            "inventory_turnover_ratio": 0.81,
            "account_receivable_turnover_ratio": 0.82,
            "reinvestment_rate": -82.14,
            "research_to_sale_ratio": 0.39,
            "price_fair": 69.83,
            "eps_avg_yearly": 2,
            "eps_latest_yearly": 2.48,
            "eps_growth_yearly": 38.01
        },
        "20161": {
            "year_quarter": 20161,
            "year": 2016,
            "quarter": 1,
            "eps": 0.57,
            "eps_growth_year": 39.02,
            "eps_4q": 2.46,
            "eps_4q_growth_year": 34.55,
            "roe": 3.2,
            "roe_4q": 14.750000000000002,
            "gross_profit": 85183,
            "gross_margin": 28.03,
            "gross_margin_4q_avg": 27,
            "net_income": 36278,
            "revenue": 303951,
            "common_shares": 634942,
            "book_valuer_per_share": 17.48,
            "book_valuer_per_share_4q_avg": 16.64,
            "equity": 1153378,
            "current_ratio": 346.16,
            "debt_ratio": 37.35,
            "inventory_turnover_ratio": 0.84,
            "account_receivable_turnover_ratio": 0.82,
            "reinvestment_rate": -71.17,
            "research_to_sale_ratio": 0.43,
            "price_fair": 72.54,
            "eps_avg_yearly": 2.07,
            "eps_latest_yearly": 2.28,
            "eps_growth_yearly": 45.14
        },
        "20162": {
            "year_quarter": 20162,
            "year": 2016,
            "quarter": 2,
            "eps": 0.65,
            "eps_growth_year": 18.18,
            "eps_4q": 2.56,
            "eps_4q_growth_year": 23.74,
            "roe": 3.72,
            "roe_4q": 15.14,
            "gross_profit": 92385,
            "gross_margin": 29.96,
            "gross_margin_4q_avg": 28.06,
            "net_income": 41886,
            "revenue": 308389,
            "common_shares": 640432,
            "book_valuer_per_share": 16.51,
            "book_valuer_per_share_4q_avg": 16.88,
            "equity": 1097133,
            "current_ratio": 234.1,
            "debt_ratio": 43.64,
            "inventory_turnover_ratio": 0.89,
            "account_receivable_turnover_ratio": 0.84,
            "reinvestment_rate": -42.74,
            "research_to_sale_ratio": 0.41,
            "price_fair": 74.03,
            "eps_avg_yearly": 2.12,
            "eps_latest_yearly": 2.6,
            "eps_growth_yearly": 27.5
        },
        "20163": {
            "year_quarter": 20163,
            "year": 2016,
            "quarter": 3,
            "eps": 0.55,
            "eps_growth_year": -27.63,
            "eps_4q": 2.08,
            "eps_4q_growth_year": -9.43,
            "roe": 3.19,
            "roe_4q": 13.719999999999999,
            "gross_profit": 95252,
            "gross_margin": 29.36,
            "gross_margin_4q_avg": 29,
            "net_income": 38513,
            "revenue": 324417,
            "common_shares": 643946,
            "book_valuer_per_share": 17.12,
            "book_valuer_per_share_4q_avg": 17.03,
            "equity": 1318509,
            "current_ratio": 233.47,
            "debt_ratio": 34.22,
            "inventory_turnover_ratio": 0.95,
            "account_receivable_turnover_ratio": 0.88,
            "reinvestment_rate": -41.58,
            "research_to_sale_ratio": 0.64,
            "price_fair": 71.76,
            "eps_avg_yearly": 2.13,
            "eps_latest_yearly": 2.2,
            "eps_growth_yearly": 23.65
        },
        "20164": {
            "year_quarter": 20164,
            "year": 2016,
            "quarter": 4,
            "eps": 0.65,
            "eps_growth_year": 4.36,
            "eps_4q": 2.2,
            "eps_4q_growth_year": -5.28,
            "roe": 3.63,
            "roe_4q": 13.740000000000002,
            "gross_profit": 98238,
            "gross_margin": 31.4,
            "gross_margin_4q_avg": 29.69,
            "net_income": 48766,
            "revenue": 312896,
            "common_shares": 750455,
            "book_valuer_per_share": 17.77,
            "book_valuer_per_share_4q_avg": 17.22,
            "equity": 1370476,
            "current_ratio": 220.44,
            "debt_ratio": 36.13,
            "inventory_turnover_ratio": 0.81,
            "account_receivable_turnover_ratio": 0.83,
            "reinvestment_rate": -42.43,
            "research_to_sale_ratio": 0.6,
            "price_fair": 76.74,
            "eps_avg_yearly": 2.19,
            "eps_latest_yearly": 2.6,
            "eps_growth_yearly": 31.84
        },
        "20171": {
            "year_quarter": 20171,
            "year": 2017,
            "quarter": 1,
            "eps": 0.27,
            "eps_growth_year": -52.63,
            "eps_4q": 1.87,
            "eps_4q_growth_year": -23.99,
            "roe": 1.43,
            "roe_4q": 11.97,
            "gross_profit": 83862,
            "gross_margin": 29.1,
            "gross_margin_4q_avg": 29.96,
            "net_income": 20229,
            "revenue": 288168,
            "common_shares": 751809,
            "book_valuer_per_share": 17.91,
            "book_valuer_per_share_4q_avg": 17.33,
            "equity": 1465160,
            "current_ratio": 194.26,
            "debt_ratio": 35.3,
            "inventory_turnover_ratio": 0.65,
            "account_receivable_turnover_ratio": 0.79,
            "reinvestment_rate": 31.48,
            "research_to_sale_ratio": 0.7,
            "price_fair": 72.73,
            "eps_avg_yearly": 2.18,
            "eps_latest_yearly": 1.08,
            "eps_growth_yearly": 23.32
        },
        "20172": {
            "year_quarter": 20172,
            "year": 2017,
            "quarter": 2,
            "eps": 0.47,
            "eps_growth_year": -27.69,
            "eps_4q": 1.82,
            "eps_4q_growth_year": -29.07,
            "roe": 2.62,
            "roe_4q": 10.87,
            "gross_profit": 76823,
            "gross_margin": 26.13,
            "gross_margin_4q_avg": 29,
            "net_income": 37177,
            "revenue": 293991,
            "common_shares": 799205,
            "book_valuer_per_share": 16.81,
            "book_valuer_per_share_4q_avg": 17.4,
            "equity": 1377980,
            "current_ratio": 159.86,
            "debt_ratio": 42.74,
            "inventory_turnover_ratio": 0.64,
            "account_receivable_turnover_ratio": 0.84,
            "reinvestment_rate": 22.45,
            "research_to_sale_ratio": 0.7,
            "price_fair": 72.08,
            "eps_avg_yearly": 2.17,
            "eps_latest_yearly": 1.88,
            "eps_growth_yearly": 23.29
        },
        "20173": {
            "year_quarter": 20173,
            "year": 2017,
            "quarter": 3,
            "eps": 0.61,
            "eps_growth_year": 10.91,
            "eps_4q": 1.93,
            "eps_4q_growth_year": -7.27,
            "roe": 3.49,
            "roe_4q": 11.17,
            "gross_profit": 95173,
            "gross_margin": 27.8,
            "gross_margin_4q_avg": 28.61,
            "net_income": 49315,
            "revenue": 342351,
            "common_shares": 799621,
            "book_valuer_per_share": 17.47,
            "book_valuer_per_share_4q_avg": 17.49,
            "equity": 1451923,
            "current_ratio": 146.61,
            "debt_ratio": 41.47,
            "inventory_turnover_ratio": 0.71,
            "account_receivable_turnover_ratio": 0.93,
            "reinvestment_rate": 25.96,
            "research_to_sale_ratio": 0.76,
            "price_fair": 69.27,
            "eps_avg_yearly": 2.14,
            "eps_latest_yearly": 2.44,
            "eps_growth_yearly": 22.41
        },
        "20174": {
            "year_quarter": 20174,
            "year": 2017,
            "quarter": 4,
            "eps": 0.49,
            "eps_growth_year": -24.5,
            "eps_4q": 1.81,
            "eps_4q_growth_year": -17.5,
            "roe": 2.66,
            "roe_4q": 10.2,
            "gross_profit": 92129,
            "gross_margin": 26.52,
            "gross_margin_4q_avg": 27.39,
            "net_income": 39265,
            "revenue": 347412,
            "common_shares": 811776,
            "book_valuer_per_share": 18.01,
            "book_valuer_per_share_4q_avg": 17.55,
            "equity": 1498525,
            "current_ratio": 141.68,
            "debt_ratio": 43.43,
            "inventory_turnover_ratio": 0.7,
            "account_receivable_turnover_ratio": 0.86,
            "reinvestment_rate": 30.38,
            "research_to_sale_ratio": 0.72,
            "price_fair": 64.36,
            "eps_avg_yearly": 2.1,
            "eps_latest_yearly": 1.96,
            "eps_growth_yearly": 20.61
        },
        "20181": {
            "year_quarter": 20181,
            "year": 2018,
            "quarter": 1,
            "eps": 0.33,
            "eps_growth_year": 22.22,
            "eps_4q": 1.87,
            "eps_4q_growth_year": -0.12,
            "roe": 1.75,
            "roe_4q": 10.52,
            "gross_profit": 72171,
            "gross_margin": 20.94,
            "gross_margin_4q_avg": 25.35,
            "net_income": 26611,
            "revenue": 344622,
            "common_shares": 813544,
            "book_valuer_per_share": 18.42,
            "book_valuer_per_share_4q_avg": 17.68,
            "equity": 1545393,
            "current_ratio": 144.05,
            "debt_ratio": 43.83,
            "inventory_turnover_ratio": 0.69,
            "account_receivable_turnover_ratio": 0.82,
            "reinvestment_rate": 32.58,
            "research_to_sale_ratio": 0.73,
            "price_fair": 69.48,
            "eps_avg_yearly": 2.1,
            "eps_latest_yearly": 1.32,
            "eps_growth_yearly": 23.16
        },
        "20182": {
            "year_quarter": 20182,
            "year": 2018,
            "quarter": 2,
            "eps": 0.49,
            "eps_growth_year": 4.26,
            "eps_4q": 1.92,
            "eps_4q_growth_year": 5.53,
            "roe": 2.66,
            "roe_4q": 10.56,
            "gross_profit": 71716,
            "gross_margin": 20.52,
            "gross_margin_4q_avg": 23.95,
            "net_income": 39779,
            "revenue": 349546,
            "common_shares": 820781,
            "book_valuer_per_share": 17.42,
            "book_valuer_per_share_4q_avg": 17.83,
            "equity": 1448487,
            "current_ratio": 130.32,
            "debt_ratio": 49.33,
            "inventory_turnover_ratio": 0.67,
            "account_receivable_turnover_ratio": 0.83,
            "reinvestment_rate": 35.86,
            "research_to_sale_ratio": 0.65,
            "price_fair": 74.81,
            "eps_avg_yearly": 2.14,
            "eps_latest_yearly": 1.96,
            "eps_growth_yearly": 38.06
        },
        "20183": {
            "year_quarter": 20183,
            "year": 2018,
            "quarter": 3,
            "eps": 0.31,
            "eps_growth_year": -49.18,
            "eps_4q": 1.63,
            "eps_4q_growth_year": -15.46,
            "roe": 1.67,
            "roe_4q": 8.74,
            "gross_profit": 82680,
            "gross_margin": 21.17,
            "gross_margin_4q_avg": 22.29,
            "net_income": 24087,
            "revenue": 390522,
            "common_shares": 821223,
            "book_valuer_per_share": 17.45,
            "book_valuer_per_share_4q_avg": 17.83,
            "equity": 1438924,
            "current_ratio": 125.21,
            "debt_ratio": 49.81,
            "inventory_turnover_ratio": 0.7,
            "account_receivable_turnover_ratio": 0.87,
            "reinvestment_rate": 48.85,
            "research_to_sale_ratio": 0.62,
            "price_fair": 43.44,
            "eps_avg_yearly": 2.08,
            "eps_latest_yearly": 1.24,
            "eps_growth_yearly": 10.91
        },
        "20184": {
            "year_quarter": 20184,
            "year": 2018,
            "quarter": 4,
            "eps": 0.18,
            "eps_growth_year": -63.84,
            "eps_4q": 1.31,
            "eps_4q_growth_year": -27.65,
            "roe": 0.92,
            "roe_4q": 7,
            "gross_profit": 56049,
            "gross_margin": 17.4,
            "gross_margin_4q_avg": 20.01,
            "net_income": 13326,
            "revenue": 322172,
            "common_shares": 831223,
            "book_valuer_per_share": 17.64,
            "book_valuer_per_share_4q_avg": 17.73,
            "equity": 1452839,
            "current_ratio": 129.37,
            "debt_ratio": 45.55,
            "inventory_turnover_ratio": 0.58,
            "account_receivable_turnover_ratio": 0.7,
            "reinvestment_rate": 69.86,
            "research_to_sale_ratio": 0.61,
            "price_fair": 5.93,
            "eps_avg_yearly": 1.98,
            "eps_latest_yearly": 0.72,
            "eps_growth_yearly": -0.94
        },
        "20191": {
            "year_quarter": 20191,
            "year": 2019,
            "quarter": 1,
            "eps": 0.11,
            "eps_growth_year": -66.67,
            "eps_4q": 1.09,
            "eps_4q_growth_year": -41.85,
            "roe": 0.53,
            "roe_4q": 5.78,
            "gross_profit": 37446,
            "gross_margin": 13.03,
            "gross_margin_4q_avg": 18.03,
            "net_income": 7690,
            "revenue": 287369,
            "common_shares": 831457,
            "book_valuer_per_share": 17.91,
            "book_valuer_per_share_4q_avg": 17.61,
            "equity": 1474483,
            "current_ratio": 131.16,
            "debt_ratio": 45.53,
            "inventory_turnover_ratio": 0.53,
            "account_receivable_turnover_ratio": 0.67,
            "reinvestment_rate": 71.88,
            "research_to_sale_ratio": 0.72,
            "price_fair": 5.71,
            "eps_avg_yearly": 1.9,
            "eps_latest_yearly": 0.44,
            "eps_growth_yearly": -3.33
        },
        "20192": {
            "year_quarter": 20192,
            "year": 2019,
            "quarter": 2,
            "eps": 0.07,
            "eps_growth_year": -85.71,
            "eps_4q": 0.67,
            "eps_4q_growth_year": -64.92,
            "roe": 0.39,
            "roe_4q": 3.51,
            "gross_profit": 44266,
            "gross_margin": 13.99,
            "gross_margin_4q_avg": 16.4,
            "net_income": 5516,
            "revenue": 316401,
            "common_shares": 831457,
            "book_valuer_per_share": 16.55,
            "book_valuer_per_share_4q_avg": 17.39,
            "equity": 1344740,
            "current_ratio": 116.8,
            "debt_ratio": 48.48,
            "inventory_turnover_ratio": 0.61,
            "account_receivable_turnover_ratio": 0.76,
            "reinvestment_rate": 78.35,
            "research_to_sale_ratio": 0.7,
            "price_fair": 5.35,
            "eps_avg_yearly": 1.78,
            "eps_latest_yearly": 0.28,
            "eps_growth_yearly": -20.96
        },
        "20193": {
            "year_quarter": 20193,
            "year": 2019,
            "quarter": 3,
            "eps": 0.19,
            "eps_growth_year": -38.71,
            "eps_4q": 0.55,
            "eps_4q_growth_year": -66.4,
            "roe": 1.09,
            "roe_4q": 2.9299999999999997,
            "gross_profit": 61791,
            "gross_margin": 18.64,
            "gross_margin_4q_avg": 15.77,
            "net_income": 14722,
            "revenue": 331514,
            "common_shares": 852457,
            "book_valuer_per_share": 16.59,
            "book_valuer_per_share_4q_avg": 17.17,
            "equity": 1361863,
            "current_ratio": 118.48,
            "debt_ratio": 48.42,
            "inventory_turnover_ratio": 0.62,
            "account_receivable_turnover_ratio": 0.77,
            "reinvestment_rate": 81.43,
            "research_to_sale_ratio": 0.67,
            "price_fair": 36.66,
            "eps_avg_yearly": 1.64,
            "eps_latest_yearly": 0.76,
            "eps_growth_yearly": 12.35
        },
        "20194": {
            "year_quarter": 20194,
            "year": 2019,
            "quarter": 4,
            "eps": 0.25,
            "eps_growth_year": 40.09,
            "eps_4q": 0.62,
            "eps_4q_growth_year": -52.93,
            "roe": 1.31,
            "roe_4q": 3.3200000000000003,
            "gross_profit": 80581,
            "gross_margin": 27.15,
            "gross_margin_4q_avg": 18.2,
            "net_income": 17911,
            "revenue": 296792,
            "common_shares": 864519,
            "book_valuer_per_share": 16.83,
            "book_valuer_per_share_4q_avg": 16.97,
            "equity": 1380765,
            "current_ratio": 123.26,
            "debt_ratio": 45.65,
            "inventory_turnover_ratio": 0.47,
            "account_receivable_turnover_ratio": 0.7,
            "reinvestment_rate": 79.48,
            "research_to_sale_ratio": 0.71,
            "price_fair": 53.94,
            "eps_avg_yearly": 1.55,
            "eps_latest_yearly": 1,
            "eps_growth_yearly": 24.85
        },
        "20201": {
            "year_quarter": 20201,
            "year": 2020,
            "quarter": 1,
            "eps": 0.15,
            "eps_growth_year": 36.36,
            "eps_4q": 0.66,
            "eps_4q_growth_year": -39.04,
            "roe": 0.82,
            "roe_4q": 3.61,
            "gross_profit": 52051,
            "gross_margin": 18.18,
            "gross_margin_4q_avg": 19.49,
            "net_income": 11376,
            "revenue": 286265,
            "common_shares": 864832,
            "book_valuer_per_share": 16.92,
            "book_valuer_per_share_4q_avg": 16.72,
            "equity": 1386396,
            "current_ratio": 125.41,
            "debt_ratio": 45.01,
            "inventory_turnover_ratio": 0.51,
            "account_receivable_turnover_ratio": 0.74,
            "reinvestment_rate": 78.85,
            "research_to_sale_ratio": 0.76,
            "price_fair": 38.76,
            "eps_avg_yearly": 1.44,
            "eps_latest_yearly": 0.6,
            "eps_growth_yearly": 16.87
        },
        "20202": {
            "year_quarter": 20202,
            "year": 2020,
            "quarter": 2,
            "eps": 0.13,
            "eps_growth_year": 85.71,
            "eps_4q": 0.72,
            "eps_4q_growth_year": 6.24,
            "roe": 0.67,
            "roe_4q": 3.8899999999999997,
            "gross_profit": 55130,
            "gross_margin": 19.09,
            "gross_margin_4q_avg": 20.77,
            "net_income": 9043,
            "revenue": 288718,
            "common_shares": 865020,
            "book_valuer_per_share": 16,
            "book_valuer_per_share_4q_avg": 16.59,
            "equity": 1312311,
            "current_ratio": 120.84,
            "debt_ratio": 45.08,
            "inventory_turnover_ratio": 0.54,
            "account_receivable_turnover_ratio": 0.82,
            "reinvestment_rate": 51.18,
            "research_to_sale_ratio": 0.73,
            "price_fair": 26.29,
            "eps_avg_yearly": 1.31,
            "eps_latest_yearly": 0.52,
            "eps_growth_yearly": 10.03
        },
        "20203": {
            "year_quarter": 20203,
            "year": 2020,
            "quarter": 3,
            "eps": 0.32,
            "eps_growth_year": 68.42,
            "eps_4q": 0.84,
            "eps_4q_growth_year": 53.34,
            "roe": 1.93,
            "roe_4q": 4.73,
            "gross_profit": 79396,
            "gross_margin": 23.48,
            "gross_margin_4q_avg": 21.98,
            "net_income": 25747,
            "revenue": 338105,
            "common_shares": 865020,
            "book_valuer_per_share": 16.41,
            "book_valuer_per_share_4q_avg": 16.54,
            "equity": 1356070,
            "current_ratio": 128.26,
            "debt_ratio": 42.71,
            "inventory_turnover_ratio": 0.62,
            "account_receivable_turnover_ratio": 0.95,
            "reinvestment_rate": 50.36,
            "research_to_sale_ratio": 0.66,
            "price_fair": 43.93,
            "eps_avg_yearly": 1.26,
            "eps_latest_yearly": 1.28,
            "eps_growth_yearly": 50.41
        },
        "20204": {
            "year_quarter": 20204,
            "year": 2020,
            "quarter": 4,
            "eps": 0.32,
            "eps_growth_year": 27.82,
            "eps_4q": 0.91,
            "eps_4q_growth_year": 47.41,
            "roe": 1.85,
            "roe_4q": 5.2700000000000005,
            "gross_profit": 83766,
            "gross_margin": 26.22,
            "gross_margin_4q_avg": 21.74,
            "net_income": 25388,
            "revenue": 319444,
            "common_shares": 871245,
            "book_valuer_per_share": 16.87,
            "book_valuer_per_share_4q_avg": 16.55,
            "equity": 1394000,
            "current_ratio": 135.94,
            "debt_ratio": 40.49,
            "inventory_turnover_ratio": 0.59,
            "account_receivable_turnover_ratio": 0.85,
            "reinvestment_rate": 48.15,
            "research_to_sale_ratio": 0.63,
            "price_fair": 41.04,
            "eps_avg_yearly": 1.17,
            "eps_latest_yearly": 1.28,
            "eps_growth_yearly": 45.87
        },
        "20211": {
            "year_quarter": 20211,
            "year": 2021,
            "quarter": 1,
            "eps": 0.33,
            "eps_growth_year": 120,
            "eps_4q": 1.09,
            "eps_4q_growth_year": 64.2,
            "roe": 1.95,
            "roe_4q": 6.3999999999999995,
            "gross_profit": 82307,
            "gross_margin": 24.13,
            "gross_margin_4q_avg": 23.23,
            "net_income": 26668,
            "revenue": 341164,
            "common_shares": 871245,
            "book_valuer_per_share": 16.18,
            "book_valuer_per_share_4q_avg": 16.37,
            "equity": 1337432,
            "current_ratio": 126.28,
            "debt_ratio": 45.92,
            "inventory_turnover_ratio": 0.67,
            "account_receivable_turnover_ratio": 0.89,
            "reinvestment_rate": 27.15,
            "research_to_sale_ratio": 0.59,
            "price_fair": 41.56,
            "eps_avg_yearly": 1.19,
            "eps_latest_yearly": 1.32,
            "eps_growth_yearly": 61.26
        },
        "20212": {
            "year_quarter": 20212,
            "year": 2021,
            "quarter": 2,
            "eps": 0.19,
            "eps_growth_year": 46.15,
            "eps_4q": 1.15,
            "eps_4q_growth_year": 61.2,
            "roe": 1.14,
            "roe_4q": 6.869999999999999,
            "gross_profit": 70688,
            "gross_margin": 20.66,
            "gross_margin_4q_avg": 23.62,
            "net_income": 15347,
            "revenue": 342232,
            "common_shares": 871245,
            "book_valuer_per_share": 16.43,
            "book_valuer_per_share_4q_avg": 16.47,
            "equity": 1359120,
            "current_ratio": 127.4,
            "debt_ratio": 47.26,
            "inventory_turnover_ratio": 0.67,
            "account_receivable_turnover_ratio": 0.88,
            "reinvestment_rate": 24.01,
            "research_to_sale_ratio": 0.59,
            "price_fair": 39.11,
            "eps_avg_yearly": 1.12,
            "eps_latest_yearly": 0.76,
            "eps_growth_yearly": 32.14
        },
        "20213": {
            "year_quarter": 20213,
            "year": 2021,
            "quarter": 3,
            "eps": 0.28,
            "eps_growth_year": -12.5,
            "eps_4q": 1.11,
            "eps_4q_growth_year": 32.44,
            "roe": 1.82,
            "roe_4q": 6.76,
            "gross_profit": 73532,
            "gross_margin": 20.64,
            "gross_margin_4q_avg": 22.91,
            "net_income": 24895,
            "revenue": 356282,
            "common_shares": 845745,
            "book_valuer_per_share": 16.71,
            "book_valuer_per_share_4q_avg": 16.55,
            "equity": 1384122,
            "current_ratio": 121.3,
            "debt_ratio": 48.85,
            "inventory_turnover_ratio": 0.63,
            "account_receivable_turnover_ratio": 0.91,
            "reinvestment_rate": 14.82,
            "research_to_sale_ratio": 0.6,
            "price_fair": 36.23,
            "eps_avg_yearly": 1.04,
            "eps_latest_yearly": 1.12,
            "eps_growth_yearly": 36.53
        },
        "20214": {
            "year_quarter": 20214,
            "year": 2021,
            "quarter": 4,
            "eps": 0.15,
            "eps_growth_year": -53.49,
            "eps_4q": 0.94,
            "eps_4q_growth_year": 3.52,
            "roe": 0.96,
            "roe_4q": 5.87,
            "gross_profit": 61856,
            "gross_margin": 17.81,
            "gross_margin_4q_avg": 20.81,
            "net_income": 13416,
            "revenue": 347286,
            "common_shares": 845745,
            "book_valuer_per_share": 16.95,
            "book_valuer_per_share_4q_avg": 16.57,
            "equity": 1406440,
            "current_ratio": 132.72,
            "debt_ratio": 46.7,
            "inventory_turnover_ratio": 0.62,
            "account_receivable_turnover_ratio": 0.87,
            "reinvestment_rate": -8.25,
            "research_to_sale_ratio": 0.61,
            "price_fair": 33.25,
            "eps_avg_yearly": 0.95,
            "eps_latest_yearly": 0.6,
            "eps_growth_yearly": 29.84
        },
        "20221": {
            "year_quarter": 20221,
            "year": 2022,
            "quarter": 1,
            "eps": 0.21,
            "eps_growth_year": -36.36,
            "eps_4q": 0.82,
            "eps_4q_growth_year": -24.5,
            "roe": 1.47,
            "roe_4q": 5.39,
            "gross_profit": 53771,
            "gross_margin": 15.47,
            "gross_margin_4q_avg": 18.65,
            "net_income": 20352,
            "revenue": 347688,
            "common_shares": 845745,
            "book_valuer_per_share": 16.3,
            "book_valuer_per_share_4q_avg": 16.6,
            "equity": 1356771,
            "current_ratio": 123.2,
            "debt_ratio": 54.08,
            "inventory_turnover_ratio": 0.64,
            "account_receivable_turnover_ratio": 0.86,
            "reinvestment_rate": -14.49,
            "research_to_sale_ratio": 0.51,
            "price_fair": 32.2,
            "eps_avg_yearly": 0.92,
            "eps_latest_yearly": 0.84,
            "eps_growth_yearly": 48.01
        },
        "20222": {
            "year_quarter": 20222,
            "year": 2022,
            "quarter": 2,
            "eps": 0.11,
            "eps_growth_year": -42.11,
            "eps_4q": 0.74,
            "eps_4q_growth_year": -35.82,
            "roe": 0.81,
            "roe_4q": 5.0600000000000005,
            "gross_profit": 57182,
            "gross_margin": 16.38,
            "gross_margin_4q_avg": 17.58,
            "net_income": 10949,
            "revenue": 349046,
            "common_shares": 845745,
            "book_valuer_per_share": 16.2,
            "book_valuer_per_share_4q_avg": 16.54,
            "equity": 1349266,
            "current_ratio": 125.56,
            "debt_ratio": 51.27,
            "inventory_turnover_ratio": 0.61,
            "account_receivable_turnover_ratio": 0.86,
            "reinvestment_rate": -18.48,
            "research_to_sale_ratio": 0.48,
            "price_fair": 28.03,
            "eps_avg_yearly": 0.83,
            "eps_latest_yearly": 0.44,
            "eps_growth_yearly": 23.98
        },
        "20223": {
            "year_quarter": 20223,
            "year": 2022,
            "quarter": 3,
            "eps": 0.46,
            "eps_growth_year": 64.29,
            "eps_4q": 0.91,
            "eps_4q_growth_year": -18.22,
            "roe": 2.92,
            "roe_4q": 6.16,
            "gross_profit": 61620,
            "gross_margin": 17.08,
            "gross_margin_4q_avg": 16.69,
            "net_income": 39870,
            "revenue": 360878,
            "common_shares": 809745,
            "book_valuer_per_share": 16.58,
            "book_valuer_per_share_4q_avg": 16.51,
            "equity": 1382483,
            "current_ratio": 126.84,
            "debt_ratio": 53.47,
            "inventory_turnover_ratio": 0.62,
            "account_receivable_turnover_ratio": 0.9,
            "reinvestment_rate": -45.43,
            "research_to_sale_ratio": 0.3,
            "price_fair": 30.19,
            "eps_avg_yearly": 0.86,
            "eps_latest_yearly": 1.84,
            "eps_growth_yearly": 112.71
        },
        "20224": {
            "year_quarter": 20224,
            "year": 2022,
            "quarter": 4,
            "eps": 2.71,
            "eps_growth_year": 1740.24,
            "eps_4q": 3.47,
            "eps_4q_growth_year": 268.53,
            "roe": 14.54,
            "roe_4q": 19.74,
            "gross_profit": 24461,
            "gross_margin": 7.83,
            "gross_margin_4q_avg": 14.19,
            "net_income": 217060,
            "revenue": 312390,
            "common_shares": 809745,
            "book_valuer_per_share": 19.33,
            "book_valuer_per_share_4q_avg": 17.1,
            "equity": 1603013,
            "current_ratio": 154.5,
            "debt_ratio": 45.99,
            "inventory_turnover_ratio": 0.64,
            "account_receivable_turnover_ratio": 0.84,
            "reinvestment_rate": -30.28,
            "research_to_sale_ratio": 0.32,
            "price_fair": 52.33,
            "eps_avg_yearly": 1.5,
            "eps_latest_yearly": 10.84,
            "eps_growth_yearly": 245.48
        },
        "20231": {
            "year_quarter": 20231,
            "year": 2023,
            "quarter": 1,
            "eps": 0.1,
            "eps_growth_year": -52.38,
            "eps_4q": 3.37,
            "eps_4q_growth_year": 309.34,
            "roe": 0.67,
            "roe_4q": 18.939999999999998,
            "gross_profit": 48781,
            "gross_margin": 19.31,
            "gross_margin_4q_avg": 15.15,
            "net_income": 10431,
            "revenue": 252592,
            "common_shares": 809745,
            "book_valuer_per_share": 18.07,
            "book_valuer_per_share_4q_avg": 17.55,
            "equity": 1504088,
            "current_ratio": 139.57,
            "debt_ratio": 48.48,
            "inventory_turnover_ratio": 0.47,
            "account_receivable_turnover_ratio": 0.8,
            "reinvestment_rate": -14.48,
            "research_to_sale_ratio": 0.46,
            "price_fair": 52.24,
            "eps_avg_yearly": 1.49,
            "eps_latest_yearly": 0.4,
            "eps_growth_yearly": 231.12
        }
    },
    "months": {
        "2003-12": {
            "month": "2003-12",
            "price": "22.39",
            "revenue": 40755
        },
        "2004-01": {
            "month": "2004-01",
            "price": "23.62",
            "revenue": 37180
        },
        "2004-02": {
            "month": "2004-02",
            "price": "25.02",
            "revenue": 39508
        },
        "2004-03": {
            "month": "2004-03",
            "price": "25.78",
            "revenue": 50694
        },
        "2004-04": {
            "month": "2004-04",
            "price": "26.70",
            "revenue": 53818
        },
        "2004-05": {
            "month": "2004-05",
            "price": "24.12",
            "revenue": 55081
        },
        "2004-06": {
            "month": "2004-06",
            "price": "23.28",
            "revenue": 56143
        },
        "2004-07": {
            "month": "2004-07",
            "price": "20.59",
            "revenue": 57318
        },
        "2004-08": {
            "month": "2004-08",
            "price": "17.86",
            "revenue": 58529
        },
        "2004-09": {
            "month": "2004-09",
            "price": "17.73",
            "revenue": 59338
        },
        "2004-10": {
            "month": "2004-10",
            "price": "17.32",
            "revenue": 60226
        },
        "2004-11": {
            "month": "2004-11",
            "price": "17.41",
            "revenue": 56465
        },
        "2004-12": {
            "month": "2004-12",
            "price": "19.00",
            "revenue": 47532
        },
        "2005-01": {
            "month": "2005-01",
            "price": "18.24",
            "revenue": 60128
        },
        "2005-02": {
            "month": "2005-02",
            "price": "18.44",
            "revenue": 43704
        },
        "2005-03": {
            "month": "2005-03",
            "price": "21.34",
            "revenue": 70621
        },
        "2005-04": {
            "month": "2005-04",
            "price": "21.20",
            "revenue": 66578
        },
        "2005-05": {
            "month": "2005-05",
            "price": "17.33",
            "revenue": 67830
        },
        "2005-06": {
            "month": "2005-06",
            "price": "16.29",
            "revenue": 67262
        },
        "2005-07": {
            "month": "2005-07",
            "price": "18.28",
            "revenue": 65992
        },
        "2005-08": {
            "month": "2005-08",
            "price": "16.47",
            "revenue": 71099
        },
        "2005-09": {
            "month": "2005-09",
            "price": "15.97",
            "revenue": 67052
        },
        "2005-10": {
            "month": "2005-10",
            "price": "14.69",
            "revenue": 71887
        },
        "2005-11": {
            "month": "2005-11",
            "price": "15.02",
            "revenue": 72093
        },
        "2005-12": {
            "month": "2005-12",
            "price": "21.79",
            "revenue": 75394
        },
        "2006-01": {
            "month": "2006-01",
            "price": "26.41",
            "revenue": 62858
        },
        "2006-02": {
            "month": "2006-02",
            "price": "21.93",
            "revenue": 67228
        },
        "2006-03": {
            "month": "2006-03",
            "price": "21.77",
            "revenue": 74448
        },
        "2006-04": {
            "month": "2006-04",
            "price": "24.18",
            "revenue": 77144
        },
        "2006-05": {
            "month": "2006-05",
            "price": "25.15",
            "revenue": 77082
        },
        "2006-06": {
            "month": "2006-06",
            "price": "24.65",
            "revenue": 71684
        },
        "2006-07": {
            "month": "2006-07",
            "price": "20.84",
            "revenue": 70705
        },
        "2006-08": {
            "month": "2006-08",
            "price": "20.34",
            "revenue": 72791
        },
        "2006-09": {
            "month": "2006-09",
            "price": "18.83",
            "revenue": 77398
        },
        "2006-10": {
            "month": "2006-10",
            "price": "20.19",
            "revenue": 77686
        },
        "2006-11": {
            "month": "2006-11",
            "price": "19.49",
            "revenue": 78783
        },
        "2006-12": {
            "month": "2006-12",
            "price": "20.90",
            "revenue": 71874
        },
        "2007-01": {
            "month": "2007-01",
            "price": "22.05",
            "revenue": 72284
        },
        "2007-02": {
            "month": "2007-02",
            "price": "20.29",
            "revenue": 45722
        },
        "2007-03": {
            "month": "2007-03",
            "price": "20.64",
            "revenue": 78148
        },
        "2007-04": {
            "month": "2007-04",
            "price": "22.42",
            "revenue": 80113
        },
        "2007-05": {
            "month": "2007-05",
            "price": "21.96",
            "revenue": 77606
        },
        "2007-06": {
            "month": "2007-06",
            "price": "21.06",
            "revenue": 82539
        },
        "2007-07": {
            "month": "2007-07",
            "price": "21.12",
            "revenue": 96166
        },
        "2007-08": {
            "month": "2007-08",
            "price": "17.39",
            "revenue": 109281
        },
        "2007-09": {
            "month": "2007-09",
            "price": "17.04",
            "revenue": 103436
        },
        "2007-10": {
            "month": "2007-10",
            "price": "15.77",
            "revenue": 110214
        },
        "2007-11": {
            "month": "2007-11",
            "price": "13.25",
            "revenue": 108787
        },
        "2007-12": {
            "month": "2007-12",
            "price": "12.00",
            "revenue": 105445
        },
        "2008-01": {
            "month": "2008-01",
            "price": "10.93",
            "revenue": 109695
        },
        "2008-02": {
            "month": "2008-02",
            "price": "10.69",
            "revenue": 89434
        },
        "2008-03": {
            "month": "2008-03",
            "price": "12.94",
            "revenue": 102732
        },
        "2008-04": {
            "month": "2008-04",
            "price": "13.35",
            "revenue": 108791
        },
        "2008-05": {
            "month": "2008-05",
            "price": "13.32",
            "revenue": 117111
        },
        "2008-06": {
            "month": "2008-06",
            "price": "12.29",
            "revenue": 115468
        },
        "2008-07": {
            "month": "2008-07",
            "price": "10.24",
            "revenue": 127553
        },
        "2008-08": {
            "month": "2008-08",
            "price": "10.88",
            "revenue": 121972
        },
        "2008-09": {
            "month": "2008-09",
            "price": "10.01",
            "revenue": 126714
        },
        "2008-10": {
            "month": "2008-10",
            "price": "9.06",
            "revenue": 117248
        },
        "2008-11": {
            "month": "2008-11",
            "price": "8.41",
            "revenue": 62569
        },
        "2008-12": {
            "month": "2008-12",
            "price": "8.45",
            "revenue": 42432
        },
        "2009-01": {
            "month": "2009-01",
            "price": "7.61",
            "revenue": 46976
        },
        "2009-02": {
            "month": "2009-02",
            "price": "7.66",
            "revenue": 40863
        },
        "2009-03": {
            "month": "2009-03",
            "price": "8.06",
            "revenue": 71030
        },
        "2009-04": {
            "month": "2009-04",
            "price": "8.73",
            "revenue": 84012
        },
        "2009-05": {
            "month": "2009-05",
            "price": "8.79",
            "revenue": 79180
        },
        "2009-06": {
            "month": "2009-06",
            "price": "11.34",
            "revenue": 79644
        },
        "2009-07": {
            "month": "2009-07",
            "price": "13.82",
            "revenue": 95411
        },
        "2009-08": {
            "month": "2009-08",
            "price": "14.88",
            "revenue": 96009
        },
        "2009-09": {
            "month": "2009-09",
            "price": "17.14",
            "revenue": 107480
        },
        "2009-10": {
            "month": "2009-10",
            "price": "18.46",
            "revenue": 92344
        },
        "2009-11": {
            "month": "2009-11",
            "price": "18.10",
            "revenue": 89963
        },
        "2009-12": {
            "month": "2009-12",
            "price": "18.92",
            "revenue": 97221
        },
        "2010-01": {
            "month": "2010-01",
            "price": "18.52",
            "revenue": 88252
        },
        "2010-02": {
            "month": "2010-02",
            "price": "17.84",
            "revenue": 77639
        },
        "2010-03": {
            "month": "2010-03",
            "price": "20.48",
            "revenue": 98513
        },
        "2010-04": {
            "month": "2010-04",
            "price": "20.50",
            "revenue": 107749
        },
        "2010-05": {
            "month": "2010-05",
            "price": "19.31",
            "revenue": 101189
        },
        "2010-06": {
            "month": "2010-06",
            "price": "17.47",
            "revenue": 110388
        },
        "2010-07": {
            "month": "2010-07",
            "price": "17.63",
            "revenue": 108001
        },
        "2010-08": {
            "month": "2010-08",
            "price": "17.91",
            "revenue": 107360
        },
        "2010-09": {
            "month": "2010-09",
            "price": "17.16",
            "revenue": 106879
        },
        "2010-10": {
            "month": "2010-10",
            "price": "16.41",
            "revenue": 101472
        },
        "2010-11": {
            "month": "2010-11",
            "price": "15.41",
            "revenue": 99732
        },
        "2010-12": {
            "month": "2010-12",
            "price": "17.10",
            "revenue": 113087
        },
        "2011-01": {
            "month": "2011-01",
            "price": "17.49",
            "revenue": 111682
        },
        "2011-02": {
            "month": "2011-02",
            "price": "17.16",
            "revenue": 74964
        },
        "2011-03": {
            "month": "2011-03",
            "price": "15.25",
            "revenue": 104851
        },
        "2011-04": {
            "month": "2011-04",
            "price": "15.06",
            "revenue": 104883
        },
        "2011-05": {
            "month": "2011-05",
            "price": "14.32",
            "revenue": 103818
        },
        "2011-06": {
            "month": "2011-06",
            "price": "14.12",
            "revenue": 97525
        },
        "2011-07": {
            "month": "2011-07",
            "price": "13.32",
            "revenue": 98558
        },
        "2011-08": {
            "month": "2011-08",
            "price": "11.03",
            "revenue": 102153
        },
        "2011-09": {
            "month": "2011-09",
            "price": "10.54",
            "revenue": 106826
        },
        "2011-10": {
            "month": "2011-10",
            "price": "10.29",
            "revenue": 96272
        },
        "2011-11": {
            "month": "2011-11",
            "price": "10.55",
            "revenue": 100117
        },
        "2011-12": {
            "month": "2011-12",
            "price": "10.20",
            "revenue": 96930
        },
        "2012-01": {
            "month": "2012-01",
            "price": "10.45",
            "revenue": 74175
        },
        "2012-02": {
            "month": "2012-02",
            "price": "11.67",
            "revenue": 75433
        },
        "2012-03": {
            "month": "2012-03",
            "price": "11.76",
            "revenue": 100160
        },
        "2012-04": {
            "month": "2012-04",
            "price": "11.58",
            "revenue": 90784
        },
        "2012-05": {
            "month": "2012-05",
            "price": "11.60",
            "revenue": 97214
        },
        "2012-06": {
            "month": "2012-06",
            "price": "13.92",
            "revenue": 89921
        },
        "2012-07": {
            "month": "2012-07",
            "price": "13.49",
            "revenue": 97804
        },
        "2012-08": {
            "month": "2012-08",
            "price": "15.13",
            "revenue": 97717
        },
        "2012-09": {
            "month": "2012-09",
            "price": "15.72",
            "revenue": 108770
        },
        "2012-10": {
            "month": "2012-10",
            "price": "17.35",
            "revenue": 90677
        },
        "2012-11": {
            "month": "2012-11",
            "price": "16.08",
            "revenue": 82015
        },
        "2012-12": {
            "month": "2012-12",
            "price": "16.20",
            "revenue": 90049
        },
        "2013-01": {
            "month": "2013-01",
            "price": "16.72",
            "revenue": 85432
        },
        "2013-02": {
            "month": "2013-02",
            "price": "16.84",
            "revenue": 68059
        },
        "2013-03": {
            "month": "2013-03",
            "price": "17.65",
            "revenue": 85039
        },
        "2013-04": {
            "month": "2013-04",
            "price": "17.90",
            "revenue": 98493
        },
        "2013-05": {
            "month": "2013-05",
            "price": "18.60",
            "revenue": 102740
        },
        "2013-06": {
            "month": "2013-06",
            "price": "18.16",
            "revenue": 103058
        },
        "2013-07": {
            "month": "2013-07",
            "price": "19.00",
            "revenue": 100923
        },
        "2013-08": {
            "month": "2013-08",
            "price": "18.58",
            "revenue": 106538
        },
        "2013-09": {
            "month": "2013-09",
            "price": "22.81",
            "revenue": 113111
        },
        "2013-10": {
            "month": "2013-10",
            "price": "29.27",
            "revenue": 101251
        },
        "2013-11": {
            "month": "2013-11",
            "price": "30.70",
            "revenue": 100782
        },
        "2013-12": {
            "month": "2013-12",
            "price": "33.03",
            "revenue": 91900
        },
        "2014-01": {
            "month": "2014-01",
            "price": "38.88",
            "revenue": 95417
        },
        "2014-02": {
            "month": "2014-02",
            "price": "48.70",
            "revenue": 73796
        },
        "2014-03": {
            "month": "2014-03",
            "price": "46.53",
            "revenue": 97661
        },
        "2014-04": {
            "month": "2014-04",
            "price": "42.92",
            "revenue": 107173
        },
        "2014-05": {
            "month": "2014-05",
            "price": "32.85",
            "revenue": 94829
        },
        "2014-06": {
            "month": "2014-06",
            "price": "29.53",
            "revenue": 98486
        },
        "2014-07": {
            "month": "2014-07",
            "price": "28.13",
            "revenue": 101822
        },
        "2014-08": {
            "month": "2014-08",
            "price": "25.46",
            "revenue": 107519
        },
        "2014-09": {
            "month": "2014-09",
            "price": "30.29",
            "revenue": 118783
        },
        "2014-10": {
            "month": "2014-10",
            "price": "29.25",
            "revenue": 110378
        },
        "2014-11": {
            "month": "2014-11",
            "price": "27.01",
            "revenue": 92873
        },
        "2014-12": {
            "month": "2014-12",
            "price": "27.83",
            "revenue": 110873
        },
        "2015-01": {
            "month": "2015-01",
            "price": "28.06",
            "revenue": 95191
        },
        "2015-02": {
            "month": "2015-02",
            "price": "26.96",
            "revenue": 87703
        },
        "2015-03": {
            "month": "2015-03",
            "price": "27.48",
            "revenue": 98023
        },
        "2015-04": {
            "month": "2015-04",
            "price": "27.79",
            "revenue": 103633
        },
        "2015-05": {
            "month": "2015-05",
            "price": "26.53",
            "revenue": 93522
        },
        "2015-06": {
            "month": "2015-06",
            "price": "22.46",
            "revenue": 99528
        },
        "2015-07": {
            "month": "2015-07",
            "price": "21.38",
            "revenue": 103332
        },
        "2015-08": {
            "month": "2015-08",
            "price": "21.14",
            "revenue": 99996
        },
        "2015-09": {
            "month": "2015-09",
            "price": "24.18",
            "revenue": 103120
        },
        "2015-10": {
            "month": "2015-10",
            "price": "25.81",
            "revenue": 97402
        },
        "2015-11": {
            "month": "2015-11",
            "price": "25.43",
            "revenue": 100069
        },
        "2015-12": {
            "month": "2015-12",
            "price": "24.20",
            "revenue": 112820
        },
        "2016-01": {
            "month": "2016-01",
            "price": "22.75",
            "revenue": 111417
        },
        "2016-02": {
            "month": "2016-02",
            "price": "24.05",
            "revenue": 87544
        },
        "2016-03": {
            "month": "2016-03",
            "price": "26.17",
            "revenue": 105016
        },
        "2016-04": {
            "month": "2016-04",
            "price": "26.06",
            "revenue": 101330
        },
        "2016-05": {
            "month": "2016-05",
            "price": "25.90",
            "revenue": 100298
        },
        "2016-06": {
            "month": "2016-06",
            "price": "26.78",
            "revenue": 106729
        },
        "2016-07": {
            "month": "2016-07",
            "price": "29.24",
            "revenue": 107344
        },
        "2016-08": {
            "month": "2016-08",
            "price": "32.88",
            "revenue": 107491
        },
        "2016-09": {
            "month": "2016-09",
            "price": "31.33",
            "revenue": 109535
        },
        "2016-10": {
            "month": "2016-10",
            "price": "29.22",
            "revenue": 95224
        },
        "2016-11": {
            "month": "2016-11",
            "price": "27.81",
            "revenue": 107545
        },
        "2016-12": {
            "month": "2016-12",
            "price": "30.18",
            "revenue": 110063
        },
        "2017-01": {
            "month": "2017-01",
            "price": "31.86",
            "revenue": 97502
        },
        "2017-02": {
            "month": "2017-02",
            "price": "31.75",
            "revenue": 85472
        },
        "2017-03": {
            "month": "2017-03",
            "price": "32.46",
            "revenue": 105222
        },
        "2017-04": {
            "month": "2017-04",
            "price": "30.41",
            "revenue": 90764
        },
        "2017-05": {
            "month": "2017-05",
            "price": "29.28",
            "revenue": 99335
        },
        "2017-06": {
            "month": "2017-06",
            "price": "28.81",
            "revenue": 103905
        },
        "2017-07": {
            "month": "2017-07",
            "price": "26.62",
            "revenue": 101934
        },
        "2017-08": {
            "month": "2017-08",
            "price": "25.80",
            "revenue": 115209
        },
        "2017-09": {
            "month": "2017-09",
            "price": "26.60",
            "revenue": 125387
        },
        "2017-10": {
            "month": "2017-10",
            "price": "27.66",
            "revenue": 111833
        },
        "2017-11": {
            "month": "2017-11",
            "price": "27.26",
            "revenue": 118460
        },
        "2017-12": {
            "month": "2017-12",
            "price": "26.36",
            "revenue": 117144
        },
        "2018-01": {
            "month": "2018-01",
            "price": "26.44",
            "revenue": 128941
        },
        "2018-02": {
            "month": "2018-02",
            "price": "25.97",
            "revenue": 89666
        },
        "2018-03": {
            "month": "2018-03",
            "price": "26.29",
            "revenue": 125934
        },
        "2018-04": {
            "month": "2018-04",
            "price": "26.48",
            "revenue": 115422
        },
        "2018-05": {
            "month": "2018-05",
            "price": "25.37",
            "revenue": 118904
        },
        "2018-06": {
            "month": "2018-06",
            "price": "25.56",
            "revenue": 115218
        },
        "2018-07": {
            "month": "2018-07",
            "price": "24.59",
            "revenue": 133491
        },
        "2018-08": {
            "month": "2018-08",
            "price": "24.17",
            "revenue": 129853
        },
        "2018-09": {
            "month": "2018-09",
            "price": "23.47",
            "revenue": 127047
        },
        "2018-10": {
            "month": "2018-10",
            "price": "20.48",
            "revenue": 108063
        },
        "2018-11": {
            "month": "2018-11",
            "price": "18.05",
            "revenue": 113924
        },
        "2018-12": {
            "month": "2018-12",
            "price": "17.57",
            "revenue": 100364
        },
        "2019-01": {
            "month": "2019-01",
            "price": "18.84",
            "revenue": 118043
        },
        "2019-02": {
            "month": "2019-02",
            "price": "20.85",
            "revenue": 60404
        },
        "2019-03": {
            "month": "2019-03",
            "price": "20.15",
            "revenue": 108771
        },
        "2019-04": {
            "month": "2019-04",
            "price": "21.08",
            "revenue": 112328
        },
        "2019-05": {
            "month": "2019-05",
            "price": "20.54",
            "revenue": 107562
        },
        "2019-06": {
            "month": "2019-06",
            "price": "19.72",
            "revenue": 96628
        },
        "2019-07": {
            "month": "2019-07",
            "price": "19.24",
            "revenue": 116902
        },
        "2019-08": {
            "month": "2019-08",
            "price": "18.49",
            "revenue": 110760
        },
        "2019-09": {
            "month": "2019-09",
            "price": "18.90",
            "revenue": 103849
        },
        "2019-10": {
            "month": "2019-10",
            "price": "18.64",
            "revenue": 94137
        },
        "2019-11": {
            "month": "2019-11",
            "price": "18.61",
            "revenue": 105832
        },
        "2019-12": {
            "month": "2019-12",
            "price": "18.48",
            "revenue": 96811
        },
        "2020-01": {
            "month": "2020-01",
            "price": "18.21",
            "revenue": 93691
        },
        "2020-02": {
            "month": "2020-02",
            "price": "17.32",
            "revenue": 78766
        },
        "2020-03": {
            "month": "2020-03",
            "price": "15.04",
            "revenue": 113904
        },
        "2020-04": {
            "month": "2020-04",
            "price": "15.50",
            "revenue": 105957
        },
        "2020-05": {
            "month": "2020-05",
            "price": "16.68",
            "revenue": 88877
        },
        "2020-06": {
            "month": "2020-06",
            "price": "17.18",
            "revenue": 93933
        },
        "2020-07": {
            "month": "2020-07",
            "price": "16.90",
            "revenue": 115846
        },
        "2020-08": {
            "month": "2020-08",
            "price": "16.42",
            "revenue": 100202
        },
        "2020-09": {
            "month": "2020-09",
            "price": "16.26",
            "revenue": 121986
        },
        "2020-10": {
            "month": "2020-10",
            "price": "16.79",
            "revenue": 97198
        },
        "2020-11": {
            "month": "2020-11",
            "price": "17.90",
            "revenue": 103996
        },
        "2020-12": {
            "month": "2020-12",
            "price": "18.18",
            "revenue": 118286
        },
        "2021-01": {
            "month": "2021-01",
            "price": "17.76",
            "revenue": 122952
        },
        "2021-02": {
            "month": "2021-02",
            "price": "17.58",
            "revenue": 96940
        },
        "2021-03": {
            "month": "2021-03",
            "price": "19.01",
            "revenue": 121279
        },
        "2021-04": {
            "month": "2021-04",
            "price": "22.01",
            "revenue": 118229
        },
        "2021-05": {
            "month": "2021-05",
            "price": "21.05",
            "revenue": 104840
        },
        "2021-06": {
            "month": "2021-06",
            "price": "20.31",
            "revenue": 121215
        },
        "2021-07": {
            "month": "2021-07",
            "price": "20.87",
            "revenue": 110591
        },
        "2021-08": {
            "month": "2021-08",
            "price": "19.95",
            "revenue": 124621
        },
        "2021-09": {
            "month": "2021-09",
            "price": "19.83",
            "revenue": 119003
        },
        "2021-10": {
            "month": "2021-10",
            "price": "19.62",
            "revenue": 97782
        },
        "2021-11": {
            "month": "2021-11",
            "price": "19.42",
            "revenue": 121606
        },
        "2021-12": {
            "month": "2021-12",
            "price": "20.04",
            "revenue": 127903
        },
        "2022-01": {
            "month": "2022-01",
            "price": "21.04",
            "revenue": 124512
        },
        "2022-02": {
            "month": "2022-02",
            "price": "21.08",
            "revenue": 89185
        },
        "2022-03": {
            "month": "2022-03",
            "price": "20.20",
            "revenue": 136957
        },
        "2022-04": {
            "month": "2022-04",
            "price": "22.19",
            "revenue": 99412
        },
        "2022-05": {
            "month": "2022-05",
            "price": "20.42",
            "revenue": 126471
        },
        "2022-06": {
            "month": "2022-06",
            "price": "20.00",
            "revenue": 122913
        },
        "2022-07": {
            "month": "2022-07",
            "price": "18.05",
            "revenue": 113364
        },
        "2022-08": {
            "month": "2022-08",
            "price": "18.82",
            "revenue": 131052
        },
        "2022-09": {
            "month": "2022-09",
            "price": "18.77",
            "revenue": 117413
        },
        "2022-10": {
            "month": "2022-10",
            "price": "18.09",
            "revenue": 98482
        },
        "2022-11": {
            "month": "2022-11",
            "price": "18.09",
            "revenue": 110979
        },
        "2022-12": {
            "month": "2022-12",
            "price": "19.12",
            "revenue": 103804
        },
        "2023-01": {
            "month": "2023-01",
            "price": "19.40",
            "revenue": 74468
        },
        "2023-02": {
            "month": "2023-02",
            "price": "20.12",
            "revenue": 81005
        },
        "2023-03": {
            "month": "2023-03",
            "price": "20.74",
            "revenue": 97127
        },
        "2023-04": {
            "month": "2023-04",
            "price": "21.08",
            "revenue": 87804
        }
    }
}
