{
    "summary": {
        "stock_name": "伍豐",
        "stock_id": "8076",
        "category": "電腦及週邊設備",
        "main_business": "微電腦. 商用電腦及裝備(印表機.顯示器.終端機)之配備<br>有關電腦硬體及軟體程式之研究開發設計業務<br>有關前各項產品及零件之進出口業務",
        "website_url": "https://www.fecpos.com/tw/",
        "ceo": "徐明哲",
        "pe_ratio": 22,
        "report_year_from": 2002,
        "report_year_to": 2023,
        "age": 21,
        "eps_negative_percentage": 14,
        "eps_growth_avg": {
            "last_all": 6.64,
            "last_2y": 0,
            "last_4y": 11.34,
            "last_8y": 1.17,
            "last_12y": 3.3,
            "last_16y": 5.82,
            "last_20y": null,
            "at_2006_last_3y": null,
            "at_2007_last_3y": 42.48,
            "at_2008_last_3y": 11.71,
            "at_2009_last_3y": 15.04,
            "at_2010_last_3y": -50,
            "at_2011_last_3y": -100,
            "at_2012_last_3y": 0,
            "at_2013_last_3y": 9,
            "at_2014_last_3y": 54.93,
            "at_2015_last_3y": 30.91,
            "at_2016_last_3y": 2.52,
            "at_2017_last_3y": -9.01,
            "at_2018_last_3y": -5.96,
            "at_2019_last_3y": 3.17,
            "at_2020_last_3y": -18.43,
            "at_2021_last_3y": -18.21,
            "at_2022_last_3y": -1.54,
            "at_2023_last_3y": -1.54,
            "at_2006_last_all": 39.97,
            "at_2007_last_all": 42.48,
            "at_2008_last_all": 13.98,
            "at_2009_last_all": 13.98,
            "at_2010_last_all": -5.01,
            "at_2011_last_all": -5.01,
            "at_2012_last_all": 9.99,
            "at_2013_last_all": 12.11,
            "at_2014_last_all": 14.97,
            "at_2015_last_all": 9.36,
            "at_2016_last_all": 7.27,
            "at_2017_last_all": 5.07,
            "at_2018_last_all": 8.53,
            "at_2019_last_all": 7.59,
            "at_2020_last_all": 0.42,
            "at_2021_last_all": 0.42,
            "at_2022_last_all": 6.64,
            "at_2023_last_all": 6.64
        },
        "latest_eps": 1.57,
        "latest_price": 34.65,
        "latest_roe": 11.12,
        "latest_gross_margin": 27.64,
        "latest_equity": 4387668,
        "latest_revenue": 555669,
        "latest_gross_profit": 153584,
        "latest_net_income": 215740,
        "latest_debt_ratio": 34.49,
        "latest_current_ratio": 137.44,
        "latest_account_receivable_turnover_ratio": 1.14,
        "latest_inventory_turnover_ratio": 0.48,
        "latest_reinvestment_rate": 110.51,
        "latest_research_to_sale_ratio": 2.91
    },
    "eps_dividends": {
        "2001": {
            "cash": 0,
            "stock": 0,
            "eps": 0
        },
        "2002": {
            "cash": 0,
            "stock": 1.34,
            "eps": 0
        },
        "2003": {
            "cash": 0,
            "stock": 5.8,
            "eps": 5.24
        },
        "2004": {
            "cash": 0,
            "stock": 4,
            "eps": 6.45
        },
        "2005": {
            "cash": 2.43,
            "stock": 2.43,
            "eps": 6.56
        },
        "2006": {
            "cash": 1,
            "stock": 4.01,
            "eps": 12.8
        },
        "2007": {
            "cash": 1.54,
            "stock": 7.71,
            "eps": 19.2
        },
        "2008": {
            "cash": 3.52,
            "stock": 3.52,
            "eps": -0.28
        },
        "2009": {
            "cash": 0.51,
            "stock": 1.01,
            "eps": 0.53
        },
        "2010": {
            "cash": 0.41,
            "stock": 1.01,
            "eps": -0.93
        },
        "2011": {
            "cash": 0,
            "stock": 0,
            "eps": 0.34
        },
        "2012": {
            "cash": 0.2,
            "stock": 0.3,
            "eps": 1
        },
        "2013": {
            "cash": 0.2,
            "stock": 0.5,
            "eps": 1.27
        },
        "2014": {
            "cash": 0.3,
            "stock": 1,
            "eps": 1.75
        },
        "2015": {
            "cash": 0.5,
            "stock": 0.8,
            "eps": 1.03
        },
        "2016": {
            "cash": 0.72,
            "stock": 0.3,
            "eps": 0.89
        },
        "2017": {
            "cash": 0.7,
            "stock": 0.3,
            "eps": 0.72
        },
        "2018": {
            "cash": 0.7,
            "stock": 0.3,
            "eps": 1.08
        },
        "2019": {
            "cash": 1,
            "stock": 0,
            "eps": 1.03
        },
        "2020": {
            "cash": 0.26,
            "stock": 0.74,
            "eps": -0.27
        },
        "2021": {
            "cash": 0.5,
            "stock": 0,
            "eps": 0.55
        },
        "2022": {
            "cash": 0.3,
            "stock": 0.7,
            "eps": 1.14
        },
        "2023": {
            "cash": 0.7,
            "stock": 0.3,
            "eps": 0.75
        }
    },
    "dividends": {
        "2002-04-25": {
            "cash": 0,
            "stock": 1.34
        },
        "2003-04-07": {
            "cash": 0,
            "stock": 5.8
        },
        "2004-02-23": {
            "cash": 0,
            "stock": 4
        },
        "2005-04-27": {
            "cash": 2.43,
            "stock": 2.43
        },
        "2006-04-21": {
            "cash": 1,
            "stock": 4.01
        },
        "2007-04-18": {
            "cash": 1.54,
            "stock": 7.71
        },
        "2008-04-28": {
            "cash": 3.52,
            "stock": 3.52
        },
        "2009-03-25": {
            "cash": 0.51,
            "stock": 1.01
        },
        "2010-04-26": {
            "cash": 0.41,
            "stock": 1.01
        },
        "2012-06-15": {
            "cash": 0.2,
            "stock": 0.3
        },
        "2013-06-14": {
            "cash": 0.2,
            "stock": 0.5
        },
        "2014-10-22": {
            "cash": 0.3,
            "stock": 1
        },
        "2015-10-22": {
            "cash": 0.5,
            "stock": 0.8
        },
        "2016-10-05": {
            "cash": 0.72,
            "stock": 0.3
        },
        "2017-09-29": {
            "cash": 0.7,
            "stock": 0.3
        },
        "2018-09-27": {
            "cash": 0.7,
            "stock": 0.3
        },
        "2019-09-27": {
            "cash": 1,
            "stock": 0
        },
        "2020-09-25": {
            "cash": 0.26,
            "stock": 0.74
        },
        "2021-10-14": {
            "cash": 0.5,
            "stock": 0
        },
        "2022-10-04": {
            "cash": 0.3,
            "stock": 0.7
        },
        "2023-05-11": {
            "cash": 0.7,
            "stock": 0.3
        }
    },
    "prices": {
        "200101": "無",
        "200102": "無",
        "200103": "無",
        "200104": "無",
        "200105": "無",
        "200106": "無",
        "200107": "無",
        "200108": "無",
        "200109": "無",
        "200110": "無",
        "200111": "無",
        "200112": "無",
        "200201": "無",
        "200202": "無",
        "200203": "無",
        "200204": "無",
        "200205": "無",
        "200206": "無",
        "200207": "無",
        "200208": "無",
        "200209": "無",
        "200210": "無",
        "200211": "無",
        "200212": "無",
        "200301": "無",
        "200302": "無",
        "200303": "無",
        "200304": "無",
        "200305": "無",
        "200306": "無",
        "200307": "無",
        "200308": "無",
        "200309": "77.50",
        "200310": "74.72",
        "200311": "78.52",
        "200312": "83.62",
        "200401": "92.17",
        "200402": "98.22",
        "200403": "114.00",
        "200404": "117.70",
        "200405": "115.90",
        "200406": "83.55",
        "200407": "78.61",
        "200408": "76.78",
        "200409": "78.21",
        "200410": "76.35",
        "200411": "77.32",
        "200412": "73.37",
        "200501": "76.03",
        "200502": "75.46",
        "200503": "77.63",
        "200504": "78.42",
        "200505": "88.37",
        "200506": "93.65",
        "200507": "102.12",
        "200508": "102.13",
        "200509": "125.83",
        "200510": "143.50",
        "200511": "151.32",
        "200512": "207.34",
        "200601": "326.22",
        "200602": "317.00",
        "200603": "387.20",
        "200604": "384.13",
        "200605": "345.57",
        "200606": "313.41",
        "200607": "311.69",
        "200608": "332.83",
        "200609": "319.31",
        "200610": "322.08",
        "200611": "324.02",
        "200612": "389.67",
        "200701": "491.77",
        "200702": "460.21",
        "200703": "477.09",
        "200704": "504.48",
        "200705": "535.55",
        "200706": "653.20",
        "200707": "872.32",
        "200708": "564.09",
        "200709": "514.28",
        "200710": "455.91",
        "200711": "370.02",
        "200712": "341.45",
        "200801": "269.00",
        "200802": "192.75",
        "200803": "273.52",
        "200804": "313.69",
        "200805": "273.14",
        "200806": "193.79",
        "200807": "170.89",
        "200808": "164.43",
        "200809": "91.69",
        "200810": "95.55",
        "200811": "64.12",
        "200812": "61.03",
        "200901": "66.99",
        "200902": "63.65",
        "200903": "70.13",
        "200904": "83.70",
        "200905": "84.79",
        "200906": "80.03",
        "200907": "82.68",
        "200908": "79.62",
        "200909": "80.50",
        "200910": "71.95",
        "200911": "70.65",
        "200912": "79.67",
        "201001": "76.36",
        "201002": "63.30",
        "201003": "70.87",
        "201004": "71.16",
        "201005": "59.95",
        "201006": "55.82",
        "201007": "62.01",
        "201008": "72.12",
        "201009": "75.80",
        "201010": "63.80",
        "201011": "59.73",
        "201012": "62.23",
        "201101": "59.15",
        "201102": "52.54",
        "201103": "47.60",
        "201104": "49.12",
        "201105": "50.28",
        "201106": "53.79",
        "201107": "47.33",
        "201108": "36.28",
        "201109": "32.06",
        "201110": "32.67",
        "201111": "31.87",
        "201112": "24.44",
        "201201": "26.02",
        "201202": "39.84",
        "201203": "46.75",
        "201204": "38.90",
        "201205": "35.54",
        "201206": "34.20",
        "201207": "38.85",
        "201208": "38.80",
        "201209": "39.40",
        "201210": "37.55",
        "201211": "35.25",
        "201212": "39.64",
        "201301": "41.06",
        "201302": "41.45",
        "201303": "40.69",
        "201304": "51.19",
        "201305": "52.32",
        "201306": "54.36",
        "201307": "54.38",
        "201308": "69.36",
        "201309": "85.52",
        "201310": "115.43",
        "201311": "111.26",
        "201312": "121.34",
        "201401": "124.03",
        "201402": "139.18",
        "201403": "166.79",
        "201404": "170.52",
        "201405": "159.12",
        "201406": "188.08",
        "201407": "180.50",
        "201408": "155.81",
        "201409": "165.24",
        "201410": "125.92",
        "201411": "111.70",
        "201412": "115.19",
        "201501": "110.55",
        "201502": "106.00",
        "201503": "108.48",
        "201504": "112.12",
        "201505": "113.15",
        "201506": "117.98",
        "201507": "101.98",
        "201508": "81.73",
        "201509": "83.60",
        "201510": "103.72",
        "201511": "96.22",
        "201512": "85.73",
        "201601": "78.14",
        "201602": "81.85",
        "201603": "85.97",
        "201604": "85.45",
        "201605": "71.29",
        "201606": "66.92",
        "201607": "63.32",
        "201608": "72.43",
        "201609": "73.50",
        "201610": "68.03",
        "201611": "61.09",
        "201612": "60.75",
        "201701": "59.86",
        "201702": "61.08",
        "201703": "59.56",
        "201704": "49.62",
        "201705": "45.26",
        "201706": "45.88",
        "201707": "45.16",
        "201708": "42.50",
        "201709": "48.22",
        "201710": "49.47",
        "201711": "45.25",
        "201712": "42.08",
        "201801": "41.33",
        "201802": "39.22",
        "201803": "44.29",
        "201804": "44.98",
        "201805": "43.75",
        "201806": "56.87",
        "201807": "55.05",
        "201808": "50.32",
        "201809": "42.86",
        "201810": "36.15",
        "201811": "36.92",
        "201812": "38.88",
        "201901": "39.49",
        "201902": "44.38",
        "201903": "42.02",
        "201904": "43.93",
        "201905": "40.81",
        "201906": "41.92",
        "201907": "42.61",
        "201908": "40.28",
        "201909": "39.43",
        "201910": "37.79",
        "201911": "36.78",
        "201912": "36.71",
        "202001": "35.51",
        "202002": "31.96",
        "202003": "26.55",
        "202004": "27.34",
        "202005": "28.78",
        "202006": "30.56",
        "202007": "29.87",
        "202008": "28.36",
        "202009": "26.89",
        "202010": "25.86",
        "202011": "27.26",
        "202012": "28.03",
        "202101": "29.66",
        "202102": "28.56",
        "202103": "30.15",
        "202104": "33.92",
        "202105": "30.39",
        "202106": "33.49",
        "202107": "34.03",
        "202108": "31.08",
        "202109": "29.75",
        "202110": "29.86",
        "202111": "32.27",
        "202112": "33.12",
        "202201": "33.66",
        "202202": "32.49",
        "202203": "30.24",
        "202204": "29.11",
        "202205": "28.06",
        "202206": "29.20",
        "202207": "29.72",
        "202208": "32.15",
        "202209": "31.10",
        "202210": "26.34",
        "202211": "27.85",
        "202212": "28.82",
        "202301": "28.27",
        "202302": "29.64",
        "202303": "29.22",
        "202304": "28.60",
        "202305": "32.42"
    },
    "quarters": {
        "20011": {
            "year_quarter": 20011,
            "year": 2001,
            "quarter": 1,
            "eps": null,
            "eps_growth_year": null,
            "eps_4q": null,
            "eps_4q_growth_year": null,
            "roe": null,
            "roe_4q": 0,
            "gross_profit": null,
            "gross_margin": null,
            "gross_margin_4q_avg": 0,
            "net_income": null,
            "revenue": null,
            "common_shares": null,
            "book_valuer_per_share": null,
            "book_valuer_per_share_4q_avg": 0,
            "equity": null,
            "current_ratio": null,
            "debt_ratio": null,
            "inventory_turnover_ratio": null,
            "account_receivable_turnover_ratio": null,
            "reinvestment_rate": null,
            "research_to_sale_ratio": null,
            "price_fair": 0,
            "eps_avg_yearly": 0,
            "eps_latest_yearly": 0,
            "eps_growth_yearly": 0
        },
        "20012": {
            "year_quarter": 20012,
            "year": 2001,
            "quarter": 2,
            "eps": null,
            "eps_growth_year": null,
            "eps_4q": null,
            "eps_4q_growth_year": null,
            "roe": null,
            "roe_4q": 0,
            "gross_profit": null,
            "gross_margin": null,
            "gross_margin_4q_avg": 0,
            "net_income": null,
            "revenue": null,
            "common_shares": null,
            "book_valuer_per_share": null,
            "book_valuer_per_share_4q_avg": 0,
            "equity": null,
            "current_ratio": null,
            "debt_ratio": null,
            "inventory_turnover_ratio": null,
            "account_receivable_turnover_ratio": null,
            "reinvestment_rate": null,
            "research_to_sale_ratio": null,
            "price_fair": 0,
            "eps_avg_yearly": 0,
            "eps_latest_yearly": 0,
            "eps_growth_yearly": 0
        },
        "20013": {
            "year_quarter": 20013,
            "year": 2001,
            "quarter": 3,
            "eps": null,
            "eps_growth_year": null,
            "eps_4q": null,
            "eps_4q_growth_year": null,
            "roe": null,
            "roe_4q": 0,
            "gross_profit": null,
            "gross_margin": null,
            "gross_margin_4q_avg": 0,
            "net_income": null,
            "revenue": null,
            "common_shares": null,
            "book_valuer_per_share": null,
            "book_valuer_per_share_4q_avg": 0,
            "equity": null,
            "current_ratio": null,
            "debt_ratio": null,
            "inventory_turnover_ratio": null,
            "account_receivable_turnover_ratio": null,
            "reinvestment_rate": null,
            "research_to_sale_ratio": null,
            "price_fair": 0,
            "eps_avg_yearly": 0,
            "eps_latest_yearly": 0,
            "eps_growth_yearly": 0
        },
        "20014": {
            "year_quarter": 20014,
            "year": 2001,
            "quarter": 4,
            "eps": null,
            "eps_growth_year": null,
            "eps_4q": null,
            "eps_4q_growth_year": null,
            "roe": null,
            "roe_4q": 0,
            "gross_profit": null,
            "gross_margin": null,
            "gross_margin_4q_avg": 0,
            "net_income": null,
            "revenue": null,
            "common_shares": 50000,
            "book_valuer_per_share": 11.51,
            "book_valuer_per_share_4q_avg": 2.88,
            "equity": 57530,
            "current_ratio": 131.44,
            "debt_ratio": 59.98,
            "inventory_turnover_ratio": null,
            "account_receivable_turnover_ratio": null,
            "reinvestment_rate": null,
            "research_to_sale_ratio": null,
            "price_fair": 0,
            "eps_avg_yearly": 0,
            "eps_latest_yearly": 0,
            "eps_growth_yearly": 0
        },
        "20021": {
            "year_quarter": 20021,
            "year": 2002,
            "quarter": 1,
            "eps": null,
            "eps_growth_year": null,
            "eps_4q": null,
            "eps_4q_growth_year": null,
            "roe": null,
            "roe_4q": 0,
            "gross_profit": null,
            "gross_margin": null,
            "gross_margin_4q_avg": 0,
            "net_income": null,
            "revenue": null,
            "common_shares": null,
            "book_valuer_per_share": null,
            "book_valuer_per_share_4q_avg": 2.88,
            "equity": null,
            "current_ratio": null,
            "debt_ratio": null,
            "inventory_turnover_ratio": null,
            "account_receivable_turnover_ratio": null,
            "reinvestment_rate": null,
            "research_to_sale_ratio": null,
            "price_fair": 0,
            "eps_avg_yearly": 0,
            "eps_latest_yearly": 0,
            "eps_growth_yearly": 0
        },
        "20022": {
            "year_quarter": 20022,
            "year": 2002,
            "quarter": 2,
            "eps": null,
            "eps_growth_year": null,
            "eps_4q": null,
            "eps_4q_growth_year": null,
            "roe": null,
            "roe_4q": 0,
            "gross_profit": null,
            "gross_margin": null,
            "gross_margin_4q_avg": 0,
            "net_income": null,
            "revenue": null,
            "common_shares": null,
            "book_valuer_per_share": null,
            "book_valuer_per_share_4q_avg": 2.88,
            "equity": null,
            "current_ratio": null,
            "debt_ratio": null,
            "inventory_turnover_ratio": null,
            "account_receivable_turnover_ratio": null,
            "reinvestment_rate": null,
            "research_to_sale_ratio": null,
            "price_fair": 0,
            "eps_avg_yearly": 0,
            "eps_latest_yearly": 0,
            "eps_growth_yearly": 0
        },
        "20023": {
            "year_quarter": 20023,
            "year": 2002,
            "quarter": 3,
            "eps": null,
            "eps_growth_year": null,
            "eps_4q": null,
            "eps_4q_growth_year": null,
            "roe": null,
            "roe_4q": 0,
            "gross_profit": null,
            "gross_margin": null,
            "gross_margin_4q_avg": 0,
            "net_income": null,
            "revenue": null,
            "common_shares": null,
            "book_valuer_per_share": null,
            "book_valuer_per_share_4q_avg": 2.88,
            "equity": null,
            "current_ratio": null,
            "debt_ratio": null,
            "inventory_turnover_ratio": null,
            "account_receivable_turnover_ratio": null,
            "reinvestment_rate": null,
            "research_to_sale_ratio": null,
            "price_fair": 0,
            "eps_avg_yearly": 0,
            "eps_latest_yearly": 0,
            "eps_growth_yearly": 0
        },
        "20024": {
            "year_quarter": 20024,
            "year": 2002,
            "quarter": 4,
            "eps": null,
            "eps_growth_year": null,
            "eps_4q": null,
            "eps_4q_growth_year": null,
            "roe": null,
            "roe_4q": 0,
            "gross_profit": null,
            "gross_margin": null,
            "gross_margin_4q_avg": 0,
            "net_income": null,
            "revenue": null,
            "common_shares": 120000,
            "book_valuer_per_share": 17.6,
            "book_valuer_per_share_4q_avg": 4.4,
            "equity": 211204,
            "current_ratio": 225.43,
            "debt_ratio": 30.38,
            "inventory_turnover_ratio": null,
            "account_receivable_turnover_ratio": null,
            "reinvestment_rate": null,
            "research_to_sale_ratio": null,
            "price_fair": 0,
            "eps_avg_yearly": 0,
            "eps_latest_yearly": 0,
            "eps_growth_yearly": 0
        },
        "20031": {
            "year_quarter": 20031,
            "year": 2003,
            "quarter": 1,
            "eps": 1.5,
            "eps_growth_year": null,
            "eps_4q": null,
            "eps_4q_growth_year": null,
            "roe": 8.18,
            "roe_4q": 8.18,
            "gross_profit": 46401,
            "gross_margin": 32.94,
            "gross_margin_4q_avg": 8.24,
            "net_income": 18012,
            "revenue": 140857,
            "common_shares": 120000,
            "book_valuer_per_share": 19.1,
            "book_valuer_per_share_4q_avg": 9.18,
            "equity": 229215,
            "current_ratio": 243.49,
            "debt_ratio": 27.88,
            "inventory_turnover_ratio": 1.14,
            "account_receivable_turnover_ratio": null,
            "reinvestment_rate": null,
            "research_to_sale_ratio": null,
            "price_fair": 0,
            "eps_avg_yearly": 0,
            "eps_latest_yearly": 0,
            "eps_growth_yearly": 0
        },
        "20032": {
            "year_quarter": 20032,
            "year": 2003,
            "quarter": 2,
            "eps": 0.87,
            "eps_growth_year": null,
            "eps_4q": null,
            "eps_4q_growth_year": null,
            "roe": 7.06,
            "roe_4q": 15.239999999999998,
            "gross_profit": 45342,
            "gross_margin": 30.3,
            "gross_margin_4q_avg": 15.81,
            "net_income": 16778,
            "revenue": 149658,
            "common_shares": 192000,
            "book_valuer_per_share": 12.81,
            "book_valuer_per_share_4q_avg": 12.38,
            "equity": 245919,
            "current_ratio": 269.11,
            "debt_ratio": 25.94,
            "inventory_turnover_ratio": 1.51,
            "account_receivable_turnover_ratio": null,
            "reinvestment_rate": null,
            "research_to_sale_ratio": null,
            "price_fair": 10.44,
            "eps_avg_yearly": 3.48,
            "eps_latest_yearly": 3.48,
            "eps_growth_yearly": -168
        },
        "20033": {
            "year_quarter": 20033,
            "year": 2003,
            "quarter": 3,
            "eps": 0.88,
            "eps_growth_year": null,
            "eps_4q": null,
            "eps_4q_growth_year": null,
            "roe": 9.35,
            "roe_4q": 24.59,
            "gross_profit": 49695,
            "gross_margin": 31.45,
            "gross_margin_4q_avg": 23.67,
            "net_income": 24108,
            "revenue": 158035,
            "common_shares": 192000,
            "book_valuer_per_share": 14.05,
            "book_valuer_per_share_4q_avg": 15.89,
            "equity": 269802,
            "current_ratio": 351.94,
            "debt_ratio": 20.34,
            "inventory_turnover_ratio": 1.49,
            "account_receivable_turnover_ratio": null,
            "reinvestment_rate": null,
            "research_to_sale_ratio": null,
            "price_fair": 10.5,
            "eps_avg_yearly": 3.5,
            "eps_latest_yearly": 3.52,
            "eps_growth_yearly": -81.7
        },
        "20034": {
            "year_quarter": 20034,
            "year": 2003,
            "quarter": 4,
            "eps": 1.99,
            "eps_growth_year": null,
            "eps_4q": 5.06,
            "eps_4q_growth_year": null,
            "roe": 13.21,
            "roe_4q": 37.8,
            "gross_profit": 64486,
            "gross_margin": 31,
            "gross_margin_4q_avg": 31.42,
            "net_income": 38156,
            "revenue": 208008,
            "common_shares": 192000,
            "book_valuer_per_share": 16.04,
            "book_valuer_per_share_4q_avg": 15.5,
            "equity": 308051,
            "current_ratio": 371.8,
            "debt_ratio": 20.71,
            "inventory_turnover_ratio": 1.54,
            "account_receivable_turnover_ratio": null,
            "reinvestment_rate": null,
            "research_to_sale_ratio": null,
            "price_fair": 174.53,
            "eps_avg_yearly": 4.99,
            "eps_latest_yearly": 7.96,
            "eps_growth_yearly": 113.71
        },
        "20041": {
            "year_quarter": 20041,
            "year": 2004,
            "quarter": 1,
            "eps": 2.3,
            "eps_growth_year": 53.33,
            "eps_4q": 6.42,
            "eps_4q_growth_year": null,
            "roe": 13.36,
            "roe_4q": 42.980000000000004,
            "gross_profit": 67768,
            "gross_margin": 30.66,
            "gross_margin_4q_avg": 30.85,
            "net_income": 44105,
            "revenue": 221061,
            "common_shares": 192000,
            "book_valuer_per_share": 18.33,
            "book_valuer_per_share_4q_avg": 15.31,
            "equity": 351981,
            "current_ratio": 666.59,
            "debt_ratio": 49.07,
            "inventory_turnover_ratio": 1.52,
            "account_receivable_turnover_ratio": null,
            "reinvestment_rate": null,
            "research_to_sale_ratio": null,
            "price_fair": 211.4,
            "eps_avg_yearly": 6.04,
            "eps_latest_yearly": 9.2,
            "eps_growth_yearly": 100.86
        },
        "20042": {
            "year_quarter": 20042,
            "year": 2004,
            "quarter": 2,
            "eps": 1.41,
            "eps_growth_year": 62.07,
            "eps_4q": 5.29,
            "eps_4q_growth_year": null,
            "roe": 10.42,
            "roe_4q": 46.34,
            "gross_profit": 75028,
            "gross_margin": 31.14,
            "gross_margin_4q_avg": 31.06,
            "net_income": 38617,
            "revenue": 240920,
            "common_shares": 273800,
            "book_valuer_per_share": 14.2,
            "book_valuer_per_share_4q_avg": 15.66,
            "equity": 388911,
            "current_ratio": 572.08,
            "debt_ratio": 47.95,
            "inventory_turnover_ratio": 1.52,
            "account_receivable_turnover_ratio": null,
            "reinvestment_rate": null,
            "research_to_sale_ratio": null,
            "price_fair": 208.6,
            "eps_avg_yearly": 5.96,
            "eps_latest_yearly": 5.64,
            "eps_growth_yearly": 49.73
        },
        "20043": {
            "year_quarter": 20043,
            "year": 2004,
            "quarter": 3,
            "eps": 1.35,
            "eps_growth_year": 53.41,
            "eps_4q": 5.77,
            "eps_4q_growth_year": null,
            "roe": 8.99,
            "roe_4q": 45.98,
            "gross_profit": 71067,
            "gross_margin": 31.74,
            "gross_margin_4q_avg": 31.14,
            "net_income": 36920,
            "revenue": 223876,
            "common_shares": 273800,
            "book_valuer_per_share": 15.79,
            "book_valuer_per_share_4q_avg": 16.09,
            "equity": 432429,
            "current_ratio": 689.01,
            "debt_ratio": 43.51,
            "inventory_turnover_ratio": 1.21,
            "account_receivable_turnover_ratio": null,
            "reinvestment_rate": null,
            "research_to_sale_ratio": null,
            "price_fair": 205.33,
            "eps_avg_yearly": 5.87,
            "eps_latest_yearly": 5.4,
            "eps_growth_yearly": 38.61
        },
        "20044": {
            "year_quarter": 20044,
            "year": 2004,
            "quarter": 4,
            "eps": 1.39,
            "eps_growth_year": -30.15,
            "eps_4q": 5.76,
            "eps_4q_growth_year": 13.7,
            "roe": 8.44,
            "roe_4q": 41.21,
            "gross_profit": 79085,
            "gross_margin": 29.33,
            "gross_margin_4q_avg": 30.72,
            "net_income": 38095,
            "revenue": 269642,
            "common_shares": 274538,
            "book_valuer_per_share": 17.12,
            "book_valuer_per_share_4q_avg": 16.36,
            "equity": 470022,
            "current_ratio": 647.9,
            "debt_ratio": 42.16,
            "inventory_turnover_ratio": 1.45,
            "account_receivable_turnover_ratio": null,
            "reinvestment_rate": null,
            "research_to_sale_ratio": null,
            "price_fair": 203.8,
            "eps_avg_yearly": 5.82,
            "eps_latest_yearly": 5.56,
            "eps_growth_yearly": 34.79
        },
        "20051": {
            "year_quarter": 20051,
            "year": 2005,
            "quarter": 1,
            "eps": 1.2,
            "eps_growth_year": -47.83,
            "eps_4q": 5.32,
            "eps_4q_growth_year": -17.16,
            "roe": 6.77,
            "roe_4q": 34.62,
            "gross_profit": 62984,
            "gross_margin": 28.48,
            "gross_margin_4q_avg": 30.17,
            "net_income": 33100,
            "revenue": 221158,
            "common_shares": 274538,
            "book_valuer_per_share": 18.49,
            "book_valuer_per_share_4q_avg": 16.4,
            "equity": 507603,
            "current_ratio": 770.42,
            "debt_ratio": 39.02,
            "inventory_turnover_ratio": 1.08,
            "account_receivable_turnover_ratio": null,
            "reinvestment_rate": null,
            "research_to_sale_ratio": null,
            "price_fair": 191.37,
            "eps_avg_yearly": 5.7,
            "eps_latest_yearly": 4.8,
            "eps_growth_yearly": 23.6
        },
        "20052": {
            "year_quarter": 20052,
            "year": 2005,
            "quarter": 2,
            "eps": 1.43,
            "eps_growth_year": 1.42,
            "eps_4q": 4.54,
            "eps_4q_growth_year": -14.24,
            "roe": 9.82,
            "roe_4q": 34.02,
            "gross_profit": 88742,
            "gross_margin": 30.06,
            "gross_margin_4q_avg": 29.9,
            "net_income": 49714,
            "revenue": 295205,
            "common_shares": 275121,
            "book_valuer_per_share": 18.35,
            "book_valuer_per_share_4q_avg": 17.44,
            "equity": 504891,
            "current_ratio": 373.9,
            "debt_ratio": 45.09,
            "inventory_turnover_ratio": 1.25,
            "account_receivable_turnover_ratio": null,
            "reinvestment_rate": null,
            "research_to_sale_ratio": null,
            "price_fair": 199.42,
            "eps_avg_yearly": 5.7,
            "eps_latest_yearly": 5.72,
            "eps_growth_yearly": 29.5
        },
        "20053": {
            "year_quarter": 20053,
            "year": 2005,
            "quarter": 3,
            "eps": 1.87,
            "eps_growth_year": 38.52,
            "eps_4q": 5.3,
            "eps_4q_growth_year": -8.13,
            "roe": 11.83,
            "roe_4q": 36.86,
            "gross_profit": 103443,
            "gross_margin": 32.77,
            "gross_margin_4q_avg": 30.16,
            "net_income": 65901,
            "revenue": 315664,
            "common_shares": 356855,
            "book_valuer_per_share": 17.08,
            "book_valuer_per_share_4q_avg": 17.76,
            "equity": 609412,
            "current_ratio": 547.89,
            "debt_ratio": 33.55,
            "inventory_turnover_ratio": 1.22,
            "account_receivable_turnover_ratio": null,
            "reinvestment_rate": null,
            "research_to_sale_ratio": null,
            "price_fair": 205.66,
            "eps_avg_yearly": 5.88,
            "eps_latest_yearly": 7.48,
            "eps_growth_yearly": 38.86
        },
        "20054": {
            "year_quarter": 20054,
            "year": 2005,
            "quarter": 4,
            "eps": 2.06,
            "eps_growth_year": 48.2,
            "eps_4q": 6.25,
            "eps_4q_growth_year": 8.64,
            "roe": 11.18,
            "roe_4q": 39.599999999999994,
            "gross_profit": 128857,
            "gross_margin": 32.87,
            "gross_margin_4q_avg": 31.05,
            "net_income": 73064,
            "revenue": 392028,
            "common_shares": 360825,
            "book_valuer_per_share": 19.34,
            "book_valuer_per_share_4q_avg": 18.32,
            "equity": 697870,
            "current_ratio": 464.57,
            "debt_ratio": 32.9,
            "inventory_turnover_ratio": 1.45,
            "account_receivable_turnover_ratio": null,
            "reinvestment_rate": null,
            "research_to_sale_ratio": null,
            "price_fair": 213.18,
            "eps_avg_yearly": 6.09,
            "eps_latest_yearly": 8.24,
            "eps_growth_yearly": 39.02
        },
        "20061": {
            "year_quarter": 20061,
            "year": 2006,
            "quarter": 1,
            "eps": 2.79,
            "eps_growth_year": 132.5,
            "eps_4q": 7.85,
            "eps_4q_growth_year": 47.55,
            "roe": 13.1,
            "roe_4q": 45.93,
            "gross_profit": 138246,
            "gross_margin": 33.68,
            "gross_margin_4q_avg": 32.35,
            "net_income": 104058,
            "revenue": 410430,
            "common_shares": 363581,
            "book_valuer_per_share": 24.49,
            "book_valuer_per_share_4q_avg": 19.82,
            "equity": 890407,
            "current_ratio": 243.73,
            "debt_ratio": 31.7,
            "inventory_turnover_ratio": 1.31,
            "account_receivable_turnover_ratio": null,
            "reinvestment_rate": null,
            "research_to_sale_ratio": null,
            "price_fair": 227.97,
            "eps_avg_yearly": 6.51,
            "eps_latest_yearly": 11.16,
            "eps_growth_yearly": 47.58
        },
        "20062": {
            "year_quarter": 20062,
            "year": 2006,
            "quarter": 2,
            "eps": 2.54,
            "eps_growth_year": 77.62,
            "eps_4q": 7.12,
            "eps_4q_growth_year": 56.73,
            "roe": 14.36,
            "roe_4q": 50.47,
            "gross_profit": 179557,
            "gross_margin": 31.89,
            "gross_margin_4q_avg": 32.8,
            "net_income": 134912,
            "revenue": 563018,
            "common_shares": 378191,
            "book_valuer_per_share": 26.14,
            "book_valuer_per_share_4q_avg": 21.76,
            "equity": 988427,
            "current_ratio": 228.85,
            "debt_ratio": 34.39,
            "inventory_turnover_ratio": 1.63,
            "account_receivable_turnover_ratio": null,
            "reinvestment_rate": null,
            "research_to_sale_ratio": null,
            "price_fair": 237.78,
            "eps_avg_yearly": 6.79,
            "eps_latest_yearly": 10.16,
            "eps_growth_yearly": 41.16
        },
        "20063": {
            "year_quarter": 20063,
            "year": 2006,
            "quarter": 3,
            "eps": 3.77,
            "eps_growth_year": 101.6,
            "eps_4q": 9.44,
            "eps_4q_growth_year": 78.02,
            "roe": 18.21,
            "roe_4q": 56.85,
            "gross_profit": 206734,
            "gross_margin": 35.49,
            "gross_margin_4q_avg": 33.48,
            "net_income": 207592,
            "revenue": 582536,
            "common_shares": 536385,
            "book_valuer_per_share": 24.07,
            "book_valuer_per_share_4q_avg": 23.51,
            "equity": 1291266,
            "current_ratio": 433.53,
            "debt_ratio": 36.69,
            "inventory_turnover_ratio": 1.25,
            "account_receivable_turnover_ratio": null,
            "reinvestment_rate": null,
            "research_to_sale_ratio": null,
            "price_fair": 258.5,
            "eps_avg_yearly": 7.39,
            "eps_latest_yearly": 15.08,
            "eps_growth_yearly": 52.06
        },
        "20064": {
            "year_quarter": 20064,
            "year": 2006,
            "quarter": 4,
            "eps": 3.7,
            "eps_growth_year": 79.61,
            "eps_4q": 12.01,
            "eps_4q_growth_year": 92.13,
            "roe": 14.19,
            "roe_4q": 59.86,
            "gross_profit": 237591,
            "gross_margin": 31.57,
            "gross_margin_4q_avg": 33.16,
            "net_income": 198744,
            "revenue": 752583,
            "common_shares": 542593,
            "book_valuer_per_share": 27.84,
            "book_valuer_per_share_4q_avg": 25.64,
            "equity": 1510339,
            "current_ratio": 321.93,
            "debt_ratio": 38.34,
            "inventory_turnover_ratio": 1.47,
            "account_receivable_turnover_ratio": null,
            "reinvestment_rate": 11.08,
            "research_to_sale_ratio": null,
            "price_fair": 275.8,
            "eps_avg_yearly": 7.88,
            "eps_latest_yearly": 14.8,
            "eps_growth_yearly": 48.09
        },
        "20071": {
            "year_quarter": 20071,
            "year": 2007,
            "quarter": 1,
            "eps": 3.71,
            "eps_growth_year": 32.97,
            "eps_4q": 13.63,
            "eps_4q_growth_year": 73.66,
            "roe": 12.09,
            "roe_4q": 58.85,
            "gross_profit": 270685,
            "gross_margin": 33,
            "gross_margin_4q_avg": 32.99,
            "net_income": 202420,
            "revenue": 820189,
            "common_shares": 547087,
            "book_valuer_per_share": 33.6,
            "book_valuer_per_share_4q_avg": 27.91,
            "equity": 1838222,
            "current_ratio": 381.87,
            "debt_ratio": 27.8,
            "inventory_turnover_ratio": 1.6,
            "account_receivable_turnover_ratio": null,
            "reinvestment_rate": 4.82,
            "research_to_sale_ratio": null,
            "price_fair": 291.03,
            "eps_avg_yearly": 8.32,
            "eps_latest_yearly": 14.84,
            "eps_growth_yearly": 45.15
        },
        "20072": {
            "year_quarter": 20072,
            "year": 2007,
            "quarter": 2,
            "eps": 2.28,
            "eps_growth_year": -10.24,
            "eps_4q": 8.38,
            "eps_4q_growth_year": 17.79,
            "roe": 11.96,
            "roe_4q": 56.45,
            "gross_profit": 272677,
            "gross_margin": 35.24,
            "gross_margin_4q_avg": 33.83,
            "net_income": 227494,
            "revenue": 773669,
            "common_shares": 561036,
            "book_valuer_per_share": 35.05,
            "book_valuer_per_share_4q_avg": 30.14,
            "equity": 1966460,
            "current_ratio": 324.87,
            "debt_ratio": 31.23,
            "inventory_turnover_ratio": 1.32,
            "account_receivable_turnover_ratio": null,
            "reinvestment_rate": 4.11,
            "research_to_sale_ratio": null,
            "price_fair": 303.36,
            "eps_avg_yearly": 8.67,
            "eps_latest_yearly": 9.12,
            "eps_growth_yearly": 46.02
        },
        "20073": {
            "year_quarter": 20073,
            "year": 2007,
            "quarter": 3,
            "eps": 1.32,
            "eps_growth_year": -64.99,
            "eps_4q": 7.65,
            "eps_4q_growth_year": -18.98,
            "roe": 6.49,
            "roe_4q": 44.730000000000004,
            "gross_profit": 180250,
            "gross_margin": 25.35,
            "gross_margin_4q_avg": 31.29,
            "net_income": 131183,
            "revenue": 711111,
            "common_shares": 1002014,
            "book_valuer_per_share": 20.74,
            "book_valuer_per_share_4q_avg": 29.31,
            "equity": 2078217,
            "current_ratio": 225.83,
            "debt_ratio": 33.42,
            "inventory_turnover_ratio": 1.4,
            "account_receivable_turnover_ratio": null,
            "reinvestment_rate": 3.73,
            "research_to_sale_ratio": null,
            "price_fair": 307.21,
            "eps_avg_yearly": 8.78,
            "eps_latest_yearly": 5.28,
            "eps_growth_yearly": 35.2
        },
        "20074": {
            "year_quarter": 20074,
            "year": 2007,
            "quarter": 4,
            "eps": 11.89,
            "eps_growth_year": 221.35,
            "eps_4q": 17.5,
            "eps_4q_growth_year": 45.65,
            "roe": 44.53,
            "roe_4q": 75.07000000000001,
            "gross_profit": 294135,
            "gross_margin": 30.74,
            "gross_margin_4q_avg": 31.08,
            "net_income": 1189690,
            "revenue": 956912,
            "common_shares": 1005239,
            "book_valuer_per_share": 32.02,
            "book_valuer_per_share_4q_avg": 30.35,
            "equity": 3265562,
            "current_ratio": 198.75,
            "debt_ratio": 33.64,
            "inventory_turnover_ratio": 1.38,
            "account_receivable_turnover_ratio": null,
            "reinvestment_rate": 7.7,
            "research_to_sale_ratio": null,
            "price_fair": 393.84,
            "eps_avg_yearly": 11.25,
            "eps_latest_yearly": 47.56,
            "eps_growth_yearly": 203.86
        },
        "20081": {
            "year_quarter": 20081,
            "year": 2008,
            "quarter": 1,
            "eps": 0.22,
            "eps_growth_year": -94.07,
            "eps_4q": 16.63,
            "eps_4q_growth_year": 22.03,
            "roe": 0.65,
            "roe_4q": 63.63,
            "gross_profit": 271816,
            "gross_margin": 33.62,
            "gross_margin_4q_avg": 31.24,
            "net_income": 20781,
            "revenue": 808586,
            "common_shares": 1016502,
            "book_valuer_per_share": 30.17,
            "book_valuer_per_share_4q_avg": 29.5,
            "equity": 3111392,
            "current_ratio": 198.13,
            "debt_ratio": 36.09,
            "inventory_turnover_ratio": 0.95,
            "account_receivable_turnover_ratio": null,
            "reinvestment_rate": 7.87,
            "research_to_sale_ratio": null,
            "price_fair": 375.64,
            "eps_avg_yearly": 10.73,
            "eps_latest_yearly": 0.88,
            "eps_growth_yearly": 175.43
        },
        "20082": {
            "year_quarter": 20082,
            "year": 2008,
            "quarter": 2,
            "eps": 0.86,
            "eps_growth_year": -62.28,
            "eps_4q": 15.51,
            "eps_4q_growth_year": 85.08,
            "roe": 2.63,
            "roe_4q": 54.300000000000004,
            "gross_profit": 208120,
            "gross_margin": 27.14,
            "gross_margin_4q_avg": 29.21,
            "net_income": 79358,
            "revenue": 766881,
            "common_shares": 1018161,
            "book_valuer_per_share": 27.04,
            "book_valuer_per_share_4q_avg": 27.49,
            "equity": 2933765,
            "current_ratio": 152,
            "debt_ratio": 42.94,
            "inventory_turnover_ratio": 0.99,
            "account_receivable_turnover_ratio": null,
            "reinvestment_rate": 6.47,
            "research_to_sale_ratio": null,
            "price_fair": 370.83,
            "eps_avg_yearly": 10.6,
            "eps_latest_yearly": 3.44,
            "eps_growth_yearly": 257.83
        },
        "20083": {
            "year_quarter": 20083,
            "year": 2008,
            "quarter": 3,
            "eps": -0.8,
            "eps_growth_year": -160.61,
            "eps_4q": 8.54,
            "eps_4q_growth_year": 11.7,
            "roe": -3.71,
            "roe_4q": 44.1,
            "gross_profit": 184986,
            "gross_margin": 31.35,
            "gross_margin_4q_avg": 30.71,
            "net_income": -110516,
            "revenue": 590065,
            "common_shares": 1393635,
            "book_valuer_per_share": 20.28,
            "book_valuer_per_share_4q_avg": 27.38,
            "equity": 3018139,
            "current_ratio": 162.63,
            "debt_ratio": 39.69,
            "inventory_turnover_ratio": 0.67,
            "account_receivable_turnover_ratio": null,
            "reinvestment_rate": 5.75,
            "research_to_sale_ratio": null,
            "price_fair": 382.95,
            "eps_avg_yearly": 10.94,
            "eps_latest_yearly": 3.44,
            "eps_growth_yearly": 276.15
        },
        "20084": {
            "year_quarter": 20084,
            "year": 2008,
            "quarter": 4,
            "eps": -0.56,
            "eps_growth_year": -104.71,
            "eps_4q": -0.52,
            "eps_4q_growth_year": -102.96,
            "roe": -2.75,
            "roe_4q": -3.18,
            "gross_profit": 111028,
            "gross_margin": 24.33,
            "gross_margin_4q_avg": 29.11,
            "net_income": -78298,
            "revenue": 456299,
            "common_shares": 1399754,
            "book_valuer_per_share": 17.71,
            "book_valuer_per_share_4q_avg": 23.8,
            "equity": 2679050,
            "current_ratio": 162.53,
            "debt_ratio": 39.55,
            "inventory_turnover_ratio": 0.61,
            "account_receivable_turnover_ratio": 0.87,
            "reinvestment_rate": 15.01,
            "research_to_sale_ratio": null,
            "price_fair": 396.4,
            "eps_avg_yearly": 11.33,
            "eps_latest_yearly": 3.44,
            "eps_growth_yearly": 295.03
        },
        "20091": {
            "year_quarter": 20091,
            "year": 2009,
            "quarter": 1,
            "eps": -0.15,
            "eps_growth_year": -168.18,
            "eps_4q": -0.89,
            "eps_4q_growth_year": -105.37,
            "roe": -1.01,
            "roe_4q": -4.84,
            "gross_profit": 156353,
            "gross_margin": 25.06,
            "gross_margin_4q_avg": 26.97,
            "net_income": -27408,
            "revenue": 623862,
            "common_shares": 1399754,
            "book_valuer_per_share": 18.07,
            "book_valuer_per_share_4q_avg": 20.78,
            "equity": 2722450,
            "current_ratio": 171.49,
            "debt_ratio": 36.26,
            "inventory_turnover_ratio": 0.94,
            "account_receivable_turnover_ratio": 0.6,
            "reinvestment_rate": 15.68,
            "research_to_sale_ratio": null,
            "price_fair": 413.97,
            "eps_avg_yearly": 11.83,
            "eps_latest_yearly": 3.44,
            "eps_growth_yearly": 321.93
        },
        "20092": {
            "year_quarter": 20092,
            "year": 2009,
            "quarter": 2,
            "eps": 0.62,
            "eps_growth_year": -27.91,
            "eps_4q": -0.95,
            "eps_4q_growth_year": -106.11,
            "roe": 3.01,
            "roe_4q": -4.46,
            "gross_profit": 98738,
            "gross_margin": 28.59,
            "gross_margin_4q_avg": 27.33,
            "net_income": 82418,
            "revenue": 345302,
            "common_shares": 1399834,
            "book_valuer_per_share": 18.33,
            "book_valuer_per_share_4q_avg": 18.6,
            "equity": 2748861,
            "current_ratio": 177.32,
            "debt_ratio": 30.84,
            "inventory_turnover_ratio": 0.53,
            "account_receivable_turnover_ratio": 0.41,
            "reinvestment_rate": 14.61,
            "research_to_sale_ratio": null,
            "price_fair": 431.78,
            "eps_avg_yearly": 12.34,
            "eps_latest_yearly": 3.44,
            "eps_growth_yearly": 342.37
        },
        "20093": {
            "year_quarter": 20093,
            "year": 2009,
            "quarter": 3,
            "eps": 0.06,
            "eps_growth_year": null,
            "eps_4q": -0.04,
            "eps_4q_growth_year": -100.47,
            "roe": 0.35,
            "roe_4q": -0.40000000000000036,
            "gross_profit": 150990,
            "gross_margin": 29.65,
            "gross_margin_4q_avg": 26.91,
            "net_income": 9798,
            "revenue": 509221,
            "common_shares": 1540751,
            "book_valuer_per_share": 16.87,
            "book_valuer_per_share_4q_avg": 17.75,
            "equity": 2779604,
            "current_ratio": 212.4,
            "debt_ratio": 27.44,
            "inventory_turnover_ratio": 0.69,
            "account_receivable_turnover_ratio": 0.9,
            "reinvestment_rate": 13.62,
            "research_to_sale_ratio": null,
            "price_fair": 410.67,
            "eps_avg_yearly": 11.73,
            "eps_latest_yearly": 0.24,
            "eps_growth_yearly": 302.01
        },
        "20094": {
            "year_quarter": 20094,
            "year": 2009,
            "quarter": 4,
            "eps": 0,
            "eps_growth_year": null,
            "eps_4q": 0.5,
            "eps_4q_growth_year": null,
            "roe": -0.42,
            "roe_4q": 1.93,
            "gross_profit": 77970,
            "gross_margin": 16.6,
            "gross_margin_4q_avg": 24.98,
            "net_income": -11664,
            "revenue": 469779,
            "common_shares": 1540952,
            "book_valuer_per_share": 17.45,
            "book_valuer_per_share_4q_avg": 17.68,
            "equity": 2838115,
            "current_ratio": 200.03,
            "debt_ratio": 26.84,
            "inventory_turnover_ratio": 0.7,
            "account_receivable_turnover_ratio": 2.02,
            "reinvestment_rate": 72.75,
            "research_to_sale_ratio": null,
            "price_fair": 421.78,
            "eps_avg_yearly": 12.05,
            "eps_latest_yearly": 0.24,
            "eps_growth_yearly": 325.77
        },
        "20101": {
            "year_quarter": 20101,
            "year": 2010,
            "quarter": 1,
            "eps": 0.02,
            "eps_growth_year": null,
            "eps_4q": 0.65,
            "eps_4q_growth_year": null,
            "roe": -0.01,
            "roe_4q": 2.9299999999999997,
            "gross_profit": 144344,
            "gross_margin": 28.56,
            "gross_margin_4q_avg": 25.85,
            "net_income": -368,
            "revenue": 505318,
            "common_shares": 1540952,
            "book_valuer_per_share": 17.31,
            "book_valuer_per_share_4q_avg": 17.49,
            "equity": 2816260,
            "current_ratio": 225.15,
            "debt_ratio": 24.04,
            "inventory_turnover_ratio": 0.62,
            "account_receivable_turnover_ratio": 1.03,
            "reinvestment_rate": 74.5,
            "research_to_sale_ratio": 2.42,
            "price_fair": 424.9,
            "eps_avg_yearly": 12.14,
            "eps_latest_yearly": 0.24,
            "eps_growth_yearly": 344.17
        },
        "20102": {
            "year_quarter": 20102,
            "year": 2010,
            "quarter": 2,
            "eps": -0.58,
            "eps_growth_year": -194.14,
            "eps_4q": -0.51,
            "eps_4q_growth_year": null,
            "roe": -3.64,
            "roe_4q": -3.72,
            "gross_profit": 192792,
            "gross_margin": 26.41,
            "gross_margin_4q_avg": 25.31,
            "net_income": -99367,
            "revenue": 729873,
            "common_shares": 1540952,
            "book_valuer_per_share": 16.1,
            "book_valuer_per_share_4q_avg": 16.93,
            "equity": 2641484,
            "current_ratio": 178.59,
            "debt_ratio": 33.62,
            "inventory_turnover_ratio": 0.84,
            "account_receivable_turnover_ratio": 1.11,
            "reinvestment_rate": 74.98,
            "research_to_sale_ratio": 2,
            "price_fair": 432.6,
            "eps_avg_yearly": 12.36,
            "eps_latest_yearly": 0.24,
            "eps_growth_yearly": 386.39
        },
        "20103": {
            "year_quarter": 20103,
            "year": 2010,
            "quarter": 3,
            "eps": 0.23,
            "eps_growth_year": 289.82,
            "eps_4q": -0.33,
            "eps_4q_growth_year": null,
            "roe": 1.32,
            "roe_4q": -2.75,
            "gross_profit": 183162,
            "gross_margin": 26.19,
            "gross_margin_4q_avg": 24.44,
            "net_income": 35086,
            "revenue": 699471,
            "common_shares": 1540952,
            "book_valuer_per_share": 16.31,
            "book_valuer_per_share_4q_avg": 16.79,
            "equity": 2667779,
            "current_ratio": 153.63,
            "debt_ratio": 33.87,
            "inventory_turnover_ratio": 0.78,
            "account_receivable_turnover_ratio": 0.98,
            "reinvestment_rate": 86.62,
            "research_to_sale_ratio": 1.78,
            "price_fair": 420.7,
            "eps_avg_yearly": 12.02,
            "eps_latest_yearly": 0.24,
            "eps_growth_yearly": 410.48
        },
        "20104": {
            "year_quarter": 20104,
            "year": 2010,
            "quarter": 4,
            "eps": -0.6,
            "eps_growth_year": null,
            "eps_4q": -0.93,
            "eps_4q_growth_year": -287.65,
            "roe": -3.8,
            "roe_4q": -6.129999999999999,
            "gross_profit": 151465,
            "gross_margin": 21.88,
            "gross_margin_4q_avg": 25.76,
            "net_income": -98505,
            "revenue": 692213,
            "common_shares": 1696038,
            "book_valuer_per_share": 13.94,
            "book_valuer_per_share_4q_avg": 15.92,
            "equity": 2514051,
            "current_ratio": 155.2,
            "debt_ratio": 34.43,
            "inventory_turnover_ratio": 0.91,
            "account_receivable_turnover_ratio": 1.14,
            "reinvestment_rate": 95.06,
            "research_to_sale_ratio": 1.88,
            "price_fair": 406.8,
            "eps_avg_yearly": 11.62,
            "eps_latest_yearly": 0.24,
            "eps_growth_yearly": 470.18
        },
        "20111": {
            "year_quarter": 20111,
            "year": 2011,
            "quarter": 1,
            "eps": 0.05,
            "eps_growth_year": 150,
            "eps_4q": -0.9,
            "eps_4q_growth_year": -239.17,
            "roe": 0.25,
            "roe_4q": -5.869999999999999,
            "gross_profit": 123112,
            "gross_margin": 22.82,
            "gross_margin_4q_avg": 24.33,
            "net_income": 6357,
            "revenue": 539609,
            "common_shares": 1694538,
            "book_valuer_per_share": 14.6,
            "book_valuer_per_share_4q_avg": 15.24,
            "equity": 2625199,
            "current_ratio": 160.1,
            "debt_ratio": 33.07,
            "inventory_turnover_ratio": 0.76,
            "account_receivable_turnover_ratio": 0.88,
            "reinvestment_rate": 123.79,
            "research_to_sale_ratio": 2.04,
            "price_fair": 388.03,
            "eps_avg_yearly": 11.09,
            "eps_latest_yearly": 0.24,
            "eps_growth_yearly": 548.36
        },
        "20112": {
            "year_quarter": 20112,
            "year": 2011,
            "quarter": 2,
            "eps": -0.08,
            "eps_growth_year": null,
            "eps_4q": -0.39,
            "eps_4q_growth_year": null,
            "roe": -0.54,
            "roe_4q": -2.7699999999999996,
            "gross_profit": 115840,
            "gross_margin": 24.08,
            "gross_margin_4q_avg": 23.74,
            "net_income": -13979,
            "revenue": 481074,
            "common_shares": 1694538,
            "book_valuer_per_share": 14.42,
            "book_valuer_per_share_4q_avg": 14.82,
            "equity": 2591198,
            "current_ratio": 169.47,
            "debt_ratio": 30.98,
            "inventory_turnover_ratio": 0.6,
            "account_receivable_turnover_ratio": 0.83,
            "reinvestment_rate": 145.97,
            "research_to_sale_ratio": 2.3,
            "price_fair": 401.8,
            "eps_avg_yearly": 11.48,
            "eps_latest_yearly": 0.24,
            "eps_growth_yearly": 688.87
        },
        "20113": {
            "year_quarter": 20113,
            "year": 2011,
            "quarter": 3,
            "eps": 0.12,
            "eps_growth_year": -50.36,
            "eps_4q": -0.52,
            "eps_4q_growth_year": null,
            "roe": 0.67,
            "roe_4q": -3.42,
            "gross_profit": 130914,
            "gross_margin": 21.61,
            "gross_margin_4q_avg": 22.6,
            "net_income": 17355,
            "revenue": 605878,
            "common_shares": 1694538,
            "book_valuer_per_share": 14.45,
            "book_valuer_per_share_4q_avg": 14.35,
            "equity": 2572152,
            "current_ratio": 155.11,
            "debt_ratio": 34.71,
            "inventory_turnover_ratio": 0.72,
            "account_receivable_turnover_ratio": 0.97,
            "reinvestment_rate": 92.5,
            "research_to_sale_ratio": 1.97,
            "price_fair": 456.05,
            "eps_avg_yearly": 13.03,
            "eps_latest_yearly": 0.24,
            "eps_growth_yearly": 903.19
        },
        "20114": {
            "year_quarter": 20114,
            "year": 2011,
            "quarter": 4,
            "eps": 0.25,
            "eps_growth_year": null,
            "eps_4q": 0.34,
            "eps_4q_growth_year": null,
            "roe": 1.89,
            "roe_4q": 2.27,
            "gross_profit": 197689,
            "gross_margin": 27.14,
            "gross_margin_4q_avg": 23.91,
            "net_income": 48644,
            "revenue": 728314,
            "common_shares": 1686038,
            "book_valuer_per_share": 14.52,
            "book_valuer_per_share_4q_avg": 14.5,
            "equity": 2576906,
            "current_ratio": 157.14,
            "debt_ratio": 37.47,
            "inventory_turnover_ratio": 0.8,
            "account_receivable_turnover_ratio": 0.87,
            "reinvestment_rate": null,
            "research_to_sale_ratio": 1.47,
            "price_fair": 48.65,
            "eps_avg_yearly": 1.39,
            "eps_latest_yearly": 1,
            "eps_growth_yearly": 210.77
        },
        "20121": {
            "year_quarter": 20121,
            "year": 2012,
            "quarter": 1,
            "eps": 0.45,
            "eps_growth_year": 800,
            "eps_4q": 0.75,
            "eps_4q_growth_year": null,
            "roe": 2.95,
            "roe_4q": 4.97,
            "gross_profit": 137843,
            "gross_margin": 27.4,
            "gross_margin_4q_avg": 25.06,
            "net_income": 74635,
            "revenue": 503111,
            "common_shares": 1686038,
            "book_valuer_per_share": 14.8,
            "book_valuer_per_share_4q_avg": 14.55,
            "equity": 2476080,
            "current_ratio": 177.05,
            "debt_ratio": 34.6,
            "inventory_turnover_ratio": 0.57,
            "account_receivable_turnover_ratio": 0.61,
            "reinvestment_rate": null,
            "research_to_sale_ratio": 3.37,
            "price_fair": 56.7,
            "eps_avg_yearly": 1.62,
            "eps_latest_yearly": 1.8,
            "eps_growth_yearly": 388.92
        },
        "20122": {
            "year_quarter": 20122,
            "year": 2012,
            "quarter": 2,
            "eps": 0.2,
            "eps_growth_year": null,
            "eps_4q": 1,
            "eps_4q_growth_year": null,
            "roe": 1.3,
            "roe_4q": 6.81,
            "gross_profit": 160445,
            "gross_margin": 24.99,
            "gross_margin_4q_avg": 25.29,
            "net_income": 32163,
            "revenue": 642086,
            "common_shares": 1686038,
            "book_valuer_per_share": 14.88,
            "book_valuer_per_share_4q_avg": 14.66,
            "equity": 2488242,
            "current_ratio": 159.5,
            "debt_ratio": 36.37,
            "inventory_turnover_ratio": 0.8,
            "account_receivable_turnover_ratio": 0.83,
            "reinvestment_rate": null,
            "research_to_sale_ratio": 1.8,
            "price_fair": 33.6,
            "eps_avg_yearly": 0.96,
            "eps_latest_yearly": 0.8,
            "eps_growth_yearly": 42.46
        },
        "20123": {
            "year_quarter": 20123,
            "year": 2012,
            "quarter": 3,
            "eps": 0.11,
            "eps_growth_year": -4.68,
            "eps_4q": 1,
            "eps_4q_growth_year": null,
            "roe": 0.75,
            "roe_4q": 6.89,
            "gross_profit": 127625,
            "gross_margin": 22.09,
            "gross_margin_4q_avg": 25.41,
            "net_income": 18529,
            "revenue": 577861,
            "common_shares": 1686038,
            "book_valuer_per_share": 14.8,
            "book_valuer_per_share_4q_avg": 14.75,
            "equity": 2473897,
            "current_ratio": 164.43,
            "debt_ratio": 35.75,
            "inventory_turnover_ratio": 0.73,
            "account_receivable_turnover_ratio": 0.71,
            "reinvestment_rate": 2676.07,
            "research_to_sale_ratio": 2.32,
            "price_fair": 2.57,
            "eps_avg_yearly": 0.86,
            "eps_latest_yearly": 0.44,
            "eps_growth_yearly": -2.04
        },
        "20124": {
            "year_quarter": 20124,
            "year": 2012,
            "quarter": 4,
            "eps": 0.24,
            "eps_growth_year": -1.27,
            "eps_4q": 1,
            "eps_4q_growth_year": 198.22,
            "roe": 1.67,
            "roe_4q": 6.67,
            "gross_profit": 160831,
            "gross_margin": 24.93,
            "gross_margin_4q_avg": 24.85,
            "net_income": 42072,
            "revenue": 645208,
            "common_shares": 1735573,
            "book_valuer_per_share": 14.82,
            "book_valuer_per_share_4q_avg": 14.83,
            "equity": 2551270,
            "current_ratio": 266.92,
            "debt_ratio": 35.44,
            "inventory_turnover_ratio": 0.72,
            "account_receivable_turnover_ratio": 0.77,
            "reinvestment_rate": 316.14,
            "research_to_sale_ratio": 2.53,
            "price_fair": 30.57,
            "eps_avg_yearly": 0.87,
            "eps_latest_yearly": 0.96,
            "eps_growth_yearly": 77.09
        },
        "20131": {
            "year_quarter": 20131,
            "year": 2013,
            "quarter": 1,
            "eps": 0.03,
            "eps_growth_year": -93.33,
            "eps_4q": 0.58,
            "eps_4q_growth_year": -22.4,
            "roe": 0.15,
            "roe_4q": 3.87,
            "gross_profit": 113282,
            "gross_margin": 25.92,
            "gross_margin_4q_avg": 24.48,
            "net_income": 3970,
            "revenue": 437035,
            "common_shares": 1735573,
            "book_valuer_per_share": 15.64,
            "book_valuer_per_share_4q_avg": 15.04,
            "equity": 2691420,
            "current_ratio": 274.36,
            "debt_ratio": 33.65,
            "inventory_turnover_ratio": 0.47,
            "account_receivable_turnover_ratio": 0.52,
            "reinvestment_rate": 302.26,
            "research_to_sale_ratio": 3.8,
            "price_fair": 19.97,
            "eps_avg_yearly": 0.77,
            "eps_latest_yearly": 0.12,
            "eps_growth_yearly": 16.08
        },
        "20132": {
            "year_quarter": 20132,
            "year": 2013,
            "quarter": 2,
            "eps": 0.21,
            "eps_growth_year": 6.25,
            "eps_4q": 0.56,
            "eps_4q_growth_year": -43.51,
            "roe": 1.26,
            "roe_4q": 3.83,
            "gross_profit": 132875,
            "gross_margin": 24.1,
            "gross_margin_4q_avg": 24.26,
            "net_income": 34185,
            "revenue": 551407,
            "common_shares": 1735573,
            "book_valuer_per_share": 15.79,
            "book_valuer_per_share_4q_avg": 15.26,
            "equity": 2721258,
            "current_ratio": 230.57,
            "debt_ratio": 37.78,
            "inventory_turnover_ratio": 0.54,
            "account_receivable_turnover_ratio": 0.69,
            "reinvestment_rate": 593.86,
            "research_to_sale_ratio": 2.79,
            "price_fair": 27.13,
            "eps_avg_yearly": 0.78,
            "eps_latest_yearly": 0.84,
            "eps_growth_yearly": 314.07
        },
        "20133": {
            "year_quarter": 20133,
            "year": 2013,
            "quarter": 3,
            "eps": 0.39,
            "eps_growth_year": 252.38,
            "eps_4q": 0.84,
            "eps_4q_growth_year": -15.49,
            "roe": 2.5,
            "roe_4q": 5.58,
            "gross_profit": 185459,
            "gross_margin": 26.17,
            "gross_margin_4q_avg": 25.28,
            "net_income": 70442,
            "revenue": 708779,
            "common_shares": 1824525,
            "book_valuer_per_share": 16,
            "book_valuer_per_share_4q_avg": 15.56,
            "equity": 2921842,
            "current_ratio": 165.64,
            "debt_ratio": 40.07,
            "inventory_turnover_ratio": 0.58,
            "account_receivable_turnover_ratio": 0.84,
            "reinvestment_rate": 458.96,
            "research_to_sale_ratio": 1.94,
            "price_fair": 32.9,
            "eps_avg_yearly": 0.94,
            "eps_latest_yearly": 1.56,
            "eps_growth_yearly": 402.09
        },
        "20134": {
            "year_quarter": 20134,
            "year": 2013,
            "quarter": 4,
            "eps": 0.64,
            "eps_growth_year": 163.28,
            "eps_4q": 1.25,
            "eps_4q_growth_year": 25.04,
            "roe": 3.71,
            "roe_4q": 7.62,
            "gross_profit": 255300,
            "gross_margin": 27.08,
            "gross_margin_4q_avg": 25.82,
            "net_income": 114785,
            "revenue": 942894,
            "common_shares": 1847235,
            "book_valuer_per_share": 17.75,
            "book_valuer_per_share_4q_avg": 16.3,
            "equity": 3258635,
            "current_ratio": 161.45,
            "debt_ratio": 40.55,
            "inventory_turnover_ratio": 0.73,
            "account_receivable_turnover_ratio": 0.92,
            "reinvestment_rate": 81.08,
            "research_to_sale_ratio": 2.46,
            "price_fair": 39.2,
            "eps_avg_yearly": 1.12,
            "eps_latest_yearly": 2.56,
            "eps_growth_yearly": 385.9
        },
        "20141": {
            "year_quarter": 20141,
            "year": 2014,
            "quarter": 1,
            "eps": 0.25,
            "eps_growth_year": 733.33,
            "eps_4q": 1.46,
            "eps_4q_growth_year": 152.43,
            "roe": 1.28,
            "roe_4q": 8.75,
            "gross_profit": 146624,
            "gross_margin": 27.07,
            "gross_margin_4q_avg": 26.11,
            "net_income": 42028,
            "revenue": 541670,
            "common_shares": 1854957,
            "book_valuer_per_share": 17.83,
            "book_valuer_per_share_4q_avg": 16.84,
            "equity": 3290313,
            "current_ratio": 188.2,
            "debt_ratio": 38.08,
            "inventory_turnover_ratio": 0.44,
            "account_receivable_turnover_ratio": 0.48,
            "reinvestment_rate": 38.6,
            "research_to_sale_ratio": 3.55,
            "price_fair": 38.78,
            "eps_avg_yearly": 1.11,
            "eps_latest_yearly": 1,
            "eps_growth_yearly": 322.94
        },
        "20142": {
            "year_quarter": 20142,
            "year": 2014,
            "quarter": 2,
            "eps": 0.41,
            "eps_growth_year": 95.24,
            "eps_4q": 1.52,
            "eps_4q_growth_year": 169.47,
            "roe": 2.19,
            "roe_4q": 9.68,
            "gross_profit": 191663,
            "gross_margin": 28.82,
            "gross_margin_4q_avg": 27.29,
            "net_income": 72980,
            "revenue": 665109,
            "common_shares": 1854957,
            "book_valuer_per_share": 18.05,
            "book_valuer_per_share_4q_avg": 17.41,
            "equity": 3366129,
            "current_ratio": 154.88,
            "debt_ratio": 41.31,
            "inventory_turnover_ratio": 0.53,
            "account_receivable_turnover_ratio": 0.6,
            "reinvestment_rate": 122.22,
            "research_to_sale_ratio": 2.47,
            "price_fair": 40.47,
            "eps_avg_yearly": 1.16,
            "eps_latest_yearly": 1.64,
            "eps_growth_yearly": 316.85
        },
        "20143": {
            "year_quarter": 20143,
            "year": 2014,
            "quarter": 3,
            "eps": 0.69,
            "eps_growth_year": 76.92,
            "eps_4q": 1.77,
            "eps_4q_growth_year": 110.44,
            "roe": 3.36,
            "roe_4q": 10.54,
            "gross_profit": 222103,
            "gross_margin": 28.88,
            "gross_margin_4q_avg": 27.96,
            "net_income": 136881,
            "revenue": 769027,
            "common_shares": 2152658,
            "book_valuer_per_share": 22.16,
            "book_valuer_per_share_4q_avg": 18.95,
            "equity": 4776028,
            "current_ratio": 227.19,
            "debt_ratio": 27.12,
            "inventory_turnover_ratio": 0.57,
            "account_receivable_turnover_ratio": 0.73,
            "reinvestment_rate": 189.09,
            "research_to_sale_ratio": 2.54,
            "price_fair": 45.15,
            "eps_avg_yearly": 1.29,
            "eps_latest_yearly": 2.76,
            "eps_growth_yearly": 313.21
        },
        "20144": {
            "year_quarter": 20144,
            "year": 2014,
            "quarter": 4,
            "eps": 0.4,
            "eps_growth_year": -38.06,
            "eps_4q": 1.61,
            "eps_4q_growth_year": 28.98,
            "roe": 1.73,
            "roe_4q": 8.559999999999999,
            "gross_profit": 201703,
            "gross_margin": 26.33,
            "gross_margin_4q_avg": 27.78,
            "net_income": 81165,
            "revenue": 766013,
            "common_shares": 2127798,
            "book_valuer_per_share": 21.35,
            "book_valuer_per_share_4q_avg": 19.85,
            "equity": 4631170,
            "current_ratio": 140.58,
            "debt_ratio": 31.72,
            "inventory_turnover_ratio": 0.55,
            "account_receivable_turnover_ratio": 0.79,
            "reinvestment_rate": 206.56,
            "research_to_sale_ratio": 4.12,
            "price_fair": 45.98,
            "eps_avg_yearly": 1.31,
            "eps_latest_yearly": 1.6,
            "eps_growth_yearly": 276.19
        },
        "20151": {
            "year_quarter": 20151,
            "year": 2015,
            "quarter": 1,
            "eps": 0.18,
            "eps_growth_year": -28,
            "eps_4q": 1.58,
            "eps_4q_growth_year": 8.04,
            "roe": 0.72,
            "roe_4q": 8,
            "gross_profit": 154077,
            "gross_margin": 25.62,
            "gross_margin_4q_avg": 27.41,
            "net_income": 32879,
            "revenue": 601359,
            "common_shares": 2181608,
            "book_valuer_per_share": 20.77,
            "book_valuer_per_share_4q_avg": 20.58,
            "equity": 4542119,
            "current_ratio": 146.93,
            "debt_ratio": 29.85,
            "inventory_turnover_ratio": 0.43,
            "account_receivable_turnover_ratio": 0.7,
            "reinvestment_rate": 163.3,
            "research_to_sale_ratio": 3.2,
            "price_fair": 44.5,
            "eps_avg_yearly": 1.27,
            "eps_latest_yearly": 0.72,
            "eps_growth_yearly": 240.74
        },
        "20152": {
            "year_quarter": 20152,
            "year": 2015,
            "quarter": 2,
            "eps": 0.19,
            "eps_growth_year": -53.66,
            "eps_4q": 1.32,
            "eps_4q_growth_year": -13.53,
            "roe": 0.7,
            "roe_4q": 6.51,
            "gross_profit": 160678,
            "gross_margin": 24.8,
            "gross_margin_4q_avg": 26.41,
            "net_income": 31625,
            "revenue": 648007,
            "common_shares": 2181608,
            "book_valuer_per_share": 20.53,
            "book_valuer_per_share_4q_avg": 21.2,
            "equity": 4507855,
            "current_ratio": 137.22,
            "debt_ratio": 33.3,
            "inventory_turnover_ratio": 0.49,
            "account_receivable_turnover_ratio": 0.77,
            "reinvestment_rate": 161.06,
            "research_to_sale_ratio": 2.95,
            "price_fair": 43.31,
            "eps_avg_yearly": 1.24,
            "eps_latest_yearly": 0.76,
            "eps_growth_yearly": 226.18
        },
        "20153": {
            "year_quarter": 20153,
            "year": 2015,
            "quarter": 3,
            "eps": 0.4,
            "eps_growth_year": -42.03,
            "eps_4q": 1.11,
            "eps_4q_growth_year": -37.26,
            "roe": 1.86,
            "roe_4q": 5.01,
            "gross_profit": 198444,
            "gross_margin": 25.32,
            "gross_margin_4q_avg": 25.52,
            "net_income": 84324,
            "revenue": 783862,
            "common_shares": 2353819,
            "book_valuer_per_share": 19.29,
            "book_valuer_per_share_4q_avg": 20.49,
            "equity": 4567094,
            "current_ratio": 143.59,
            "debt_ratio": 32.86,
            "inventory_turnover_ratio": 0.58,
            "account_receivable_turnover_ratio": 0.77,
            "reinvestment_rate": 214.48,
            "research_to_sale_ratio": 2.67,
            "price_fair": 44.1,
            "eps_avg_yearly": 1.26,
            "eps_latest_yearly": 1.6,
            "eps_growth_yearly": 239.67
        },
        "20154": {
            "year_quarter": 20154,
            "year": 2015,
            "quarter": 4,
            "eps": 0.26,
            "eps_growth_year": -33.53,
            "eps_4q": 1,
            "eps_4q_growth_year": -38.32,
            "roe": 1.09,
            "roe_4q": 4.37,
            "gross_profit": 227337,
            "gross_margin": 29.47,
            "gross_margin_4q_avg": 26.3,
            "net_income": 52250,
            "revenue": 771399,
            "common_shares": 2353819,
            "book_valuer_per_share": 21.04,
            "book_valuer_per_share_4q_avg": 20.41,
            "equity": 5056403,
            "current_ratio": 156.31,
            "debt_ratio": 30.33,
            "inventory_turnover_ratio": 0.52,
            "account_receivable_turnover_ratio": 0.73,
            "reinvestment_rate": 244.41,
            "research_to_sale_ratio": 3.79,
            "price_fair": 44.19,
            "eps_avg_yearly": 1.26,
            "eps_latest_yearly": 1.04,
            "eps_growth_yearly": 203.84
        },
        "20161": {
            "year_quarter": 20161,
            "year": 2016,
            "quarter": 1,
            "eps": 0.09,
            "eps_growth_year": -50,
            "eps_4q": 0.93,
            "eps_4q_growth_year": -41.4,
            "roe": 0.33,
            "roe_4q": 3.9800000000000004,
            "gross_profit": 209980,
            "gross_margin": 28.5,
            "gross_margin_4q_avg": 27.02,
            "net_income": 15911,
            "revenue": 736728,
            "common_shares": 2403219,
            "book_valuer_per_share": 18.68,
            "book_valuer_per_share_4q_avg": 19.89,
            "equity": 4494080,
            "current_ratio": 157.7,
            "debt_ratio": 31.47,
            "inventory_turnover_ratio": 0.49,
            "account_receivable_turnover_ratio": 0.85,
            "reinvestment_rate": 213.06,
            "research_to_sale_ratio": 2.56,
            "price_fair": 41.04,
            "eps_avg_yearly": 1.17,
            "eps_latest_yearly": 0.36,
            "eps_growth_yearly": 167.49
        },
        "20162": {
            "year_quarter": 20162,
            "year": 2016,
            "quarter": 2,
            "eps": 0.31,
            "eps_growth_year": 63.16,
            "eps_4q": 1.03,
            "eps_4q_growth_year": -21.53,
            "roe": 1.57,
            "roe_4q": 4.8500000000000005,
            "gross_profit": 218638,
            "gross_margin": 27.36,
            "gross_margin_4q_avg": 27.66,
            "net_income": 69433,
            "revenue": 799111,
            "common_shares": 2403219,
            "book_valuer_per_share": 18.15,
            "book_valuer_per_share_4q_avg": 19.29,
            "equity": 4353975,
            "current_ratio": 150.48,
            "debt_ratio": 33.03,
            "inventory_turnover_ratio": 0.54,
            "account_receivable_turnover_ratio": 0.94,
            "reinvestment_rate": 201.64,
            "research_to_sale_ratio": 2.43,
            "price_fair": 42,
            "eps_avg_yearly": 1.2,
            "eps_latest_yearly": 1.24,
            "eps_growth_yearly": 242.49
        },
        "20163": {
            "year_quarter": 20163,
            "year": 2016,
            "quarter": 3,
            "eps": 0.36,
            "eps_growth_year": -10,
            "eps_4q": 1.01,
            "eps_4q_growth_year": -9.18,
            "roe": 2.04,
            "roe_4q": 5.03,
            "gross_profit": 210845,
            "gross_margin": 26.2,
            "gross_margin_4q_avg": 27.88,
            "net_income": 91601,
            "revenue": 804788,
            "common_shares": 2474369,
            "book_valuer_per_share": 18.67,
            "book_valuer_per_share_4q_avg": 19.14,
            "equity": 4616720,
            "current_ratio": 148.8,
            "debt_ratio": 32.64,
            "inventory_turnover_ratio": 0.56,
            "account_receivable_turnover_ratio": 0.9,
            "reinvestment_rate": 222.96,
            "research_to_sale_ratio": 2.48,
            "price_fair": 44.19,
            "eps_avg_yearly": 1.26,
            "eps_latest_yearly": 1.44,
            "eps_growth_yearly": 257.77
        },
        "20164": {
            "year_quarter": 20164,
            "year": 2016,
            "quarter": 4,
            "eps": 0.13,
            "eps_growth_year": -52.21,
            "eps_4q": 0.88,
            "eps_4q_growth_year": -11.63,
            "roe": 0.56,
            "roe_4q": 4.5,
            "gross_profit": 187203,
            "gross_margin": 24.39,
            "gross_margin_4q_avg": 26.61,
            "net_income": 25391,
            "revenue": 767411,
            "common_shares": 2474369,
            "book_valuer_per_share": 18.14,
            "book_valuer_per_share_4q_avg": 18.41,
            "equity": 4482386,
            "current_ratio": 146.79,
            "debt_ratio": 34.28,
            "inventory_turnover_ratio": 0.53,
            "account_receivable_turnover_ratio": 0.87,
            "reinvestment_rate": 204.97,
            "research_to_sale_ratio": 3.02,
            "price_fair": 43.23,
            "eps_avg_yearly": 1.24,
            "eps_latest_yearly": 0.52,
            "eps_growth_yearly": 212.26
        },
        "20171": {
            "year_quarter": 20171,
            "year": 2017,
            "quarter": 1,
            "eps": 0.03,
            "eps_growth_year": -66.67,
            "eps_4q": 0.82,
            "eps_4q_growth_year": -11.22,
            "roe": 0.04,
            "roe_4q": 4.21,
            "gross_profit": 176677,
            "gross_margin": 27.64,
            "gross_margin_4q_avg": 26.4,
            "net_income": 1864,
            "revenue": 639267,
            "common_shares": 2474369,
            "book_valuer_per_share": 17.41,
            "book_valuer_per_share_4q_avg": 18.09,
            "equity": 4301622,
            "current_ratio": 156.25,
            "debt_ratio": 30.76,
            "inventory_turnover_ratio": 0.44,
            "account_receivable_turnover_ratio": 0.78,
            "reinvestment_rate": 185,
            "research_to_sale_ratio": 3.01,
            "price_fair": 43.23,
            "eps_avg_yearly": 1.24,
            "eps_latest_yearly": 0.12,
            "eps_growth_yearly": 214.9
        },
        "20172": {
            "year_quarter": 20172,
            "year": 2017,
            "quarter": 2,
            "eps": 0.2,
            "eps_growth_year": -35.48,
            "eps_4q": 0.69,
            "eps_4q_growth_year": -32.78,
            "roe": 0.91,
            "roe_4q": 3.5500000000000003,
            "gross_profit": 208486,
            "gross_margin": 26.77,
            "gross_margin_4q_avg": 26.25,
            "net_income": 38269,
            "revenue": 778927,
            "common_shares": 2474369,
            "book_valuer_per_share": 16.71,
            "book_valuer_per_share_4q_avg": 17.73,
            "equity": 4120875,
            "current_ratio": 142.41,
            "debt_ratio": 35.76,
            "inventory_turnover_ratio": 0.55,
            "account_receivable_turnover_ratio": 0.95,
            "reinvestment_rate": 150.81,
            "research_to_sale_ratio": 2.63,
            "price_fair": 43.14,
            "eps_avg_yearly": 1.23,
            "eps_latest_yearly": 0.8,
            "eps_growth_yearly": 206.57
        },
        "20173": {
            "year_quarter": 20173,
            "year": 2017,
            "quarter": 3,
            "eps": 0.31,
            "eps_growth_year": -13.89,
            "eps_4q": 0.65,
            "eps_4q_growth_year": -35.23,
            "roe": 1.87,
            "roe_4q": 3.3800000000000003,
            "gross_profit": 220221,
            "gross_margin": 24.63,
            "gross_margin_4q_avg": 25.86,
            "net_income": 77747,
            "revenue": 894009,
            "common_shares": 2547654,
            "book_valuer_per_share": 16.41,
            "book_valuer_per_share_4q_avg": 17.17,
            "equity": 4192002,
            "current_ratio": 130.8,
            "debt_ratio": 40.31,
            "inventory_turnover_ratio": 0.63,
            "account_receivable_turnover_ratio": 1.06,
            "reinvestment_rate": 144.71,
            "research_to_sale_ratio": 2.21,
            "price_fair": 42.44,
            "eps_avg_yearly": 1.21,
            "eps_latest_yearly": 1.24,
            "eps_growth_yearly": 198.89
        },
        "20174": {
            "year_quarter": 20174,
            "year": 2017,
            "quarter": 4,
            "eps": 0.18,
            "eps_growth_year": 45,
            "eps_4q": 0.71,
            "eps_4q_growth_year": -18.74,
            "roe": 1.09,
            "roe_4q": 3.91,
            "gross_profit": 203607,
            "gross_margin": 27.24,
            "gross_margin_4q_avg": 26.57,
            "net_income": 45708,
            "revenue": 747570,
            "common_shares": 2516104,
            "book_valuer_per_share": 16.38,
            "book_valuer_per_share_4q_avg": 16.73,
            "equity": 4182369,
            "current_ratio": 137.57,
            "debt_ratio": 38.5,
            "inventory_turnover_ratio": 0.49,
            "account_receivable_turnover_ratio": 0.95,
            "reinvestment_rate": 70.2,
            "research_to_sale_ratio": 3.11,
            "price_fair": 38.41,
            "eps_avg_yearly": 1.1,
            "eps_latest_yearly": 0.72,
            "eps_growth_yearly": 172.38
        },
        "20181": {
            "year_quarter": 20181,
            "year": 2018,
            "quarter": 1,
            "eps": 0.24,
            "eps_growth_year": 700,
            "eps_4q": 0.92,
            "eps_4q_growth_year": 12.29,
            "roe": 1.4,
            "roe_4q": 5.2700000000000005,
            "gross_profit": 237566,
            "gross_margin": 28.76,
            "gross_margin_4q_avg": 26.85,
            "net_income": 58771,
            "revenue": 826024,
            "common_shares": 2516104,
            "book_valuer_per_share": 16.47,
            "book_valuer_per_share_4q_avg": 16.49,
            "equity": 4203431,
            "current_ratio": 140.16,
            "debt_ratio": 36.92,
            "inventory_turnover_ratio": 0.53,
            "account_receivable_turnover_ratio": 1.08,
            "reinvestment_rate": 54.41,
            "research_to_sale_ratio": 2.19,
            "price_fair": 38.33,
            "eps_avg_yearly": 1.1,
            "eps_latest_yearly": 0.96,
            "eps_growth_yearly": 195.95
        },
        "20182": {
            "year_quarter": 20182,
            "year": 2018,
            "quarter": 2,
            "eps": 0.26,
            "eps_growth_year": 30,
            "eps_4q": 0.97,
            "eps_4q_growth_year": 39.34,
            "roe": 1.51,
            "roe_4q": 5.87,
            "gross_profit": 288301,
            "gross_margin": 27.49,
            "gross_margin_4q_avg": 27.03,
            "net_income": 63176,
            "revenue": 1048761,
            "common_shares": 2516104,
            "book_valuer_per_share": 16.43,
            "book_valuer_per_share_4q_avg": 16.42,
            "equity": 4176344,
            "current_ratio": 164.41,
            "debt_ratio": 43.55,
            "inventory_turnover_ratio": 0.69,
            "account_receivable_turnover_ratio": 1.21,
            "reinvestment_rate": 9.07,
            "research_to_sale_ratio": 1.77,
            "price_fair": 37.01,
            "eps_avg_yearly": 1.06,
            "eps_latest_yearly": 1.04,
            "eps_growth_yearly": 182.03
        },
        "20183": {
            "year_quarter": 20183,
            "year": 2018,
            "quarter": 3,
            "eps": 0.3,
            "eps_growth_year": -3.23,
            "eps_4q": 0.96,
            "eps_4q_growth_year": 47.41,
            "roe": 1.92,
            "roe_4q": 5.92,
            "gross_profit": 300604,
            "gross_margin": 29.01,
            "gross_margin_4q_avg": 28.13,
            "net_income": 80122,
            "revenue": 1036133,
            "common_shares": 2591587,
            "book_valuer_per_share": 15.98,
            "book_valuer_per_share_4q_avg": 16.32,
            "equity": 4183853,
            "current_ratio": 176.21,
            "debt_ratio": 40.73,
            "inventory_turnover_ratio": 0.65,
            "account_receivable_turnover_ratio": 1.09,
            "reinvestment_rate": -57.68,
            "research_to_sale_ratio": 2.4,
            "price_fair": 33.6,
            "eps_avg_yearly": 0.96,
            "eps_latest_yearly": 1.2,
            "eps_growth_yearly": 168.8
        },
        "20184": {
            "year_quarter": 20184,
            "year": 2018,
            "quarter": 4,
            "eps": 0.28,
            "eps_growth_year": 52.31,
            "eps_4q": 1.08,
            "eps_4q_growth_year": 50.43,
            "roe": 1.59,
            "roe_4q": 6.42,
            "gross_profit": 268515,
            "gross_margin": 28.04,
            "gross_margin_4q_avg": 28.33,
            "net_income": 66641,
            "revenue": 957681,
            "common_shares": 2591587,
            "book_valuer_per_share": 16.23,
            "book_valuer_per_share_4q_avg": 16.28,
            "equity": 4194822,
            "current_ratio": 183.4,
            "debt_ratio": 39.55,
            "inventory_turnover_ratio": 0.63,
            "account_receivable_turnover_ratio": 1.05,
            "reinvestment_rate": -124.28,
            "research_to_sale_ratio": 3.25,
            "price_fair": 32.55,
            "eps_avg_yearly": 0.93,
            "eps_latest_yearly": 1.12,
            "eps_growth_yearly": 177.64
        },
        "20191": {
            "year_quarter": 20191,
            "year": 2019,
            "quarter": 1,
            "eps": 0.3,
            "eps_growth_year": 25,
            "eps_4q": 1.14,
            "eps_4q_growth_year": 23.26,
            "roe": 1.76,
            "roe_4q": 6.779999999999999,
            "gross_profit": 230131,
            "gross_margin": 30.71,
            "gross_margin_4q_avg": 28.81,
            "net_income": 74832,
            "revenue": 749440,
            "common_shares": 2591587,
            "book_valuer_per_share": 16.53,
            "book_valuer_per_share_4q_avg": 16.29,
            "equity": 4308372,
            "current_ratio": 190.89,
            "debt_ratio": 38,
            "inventory_turnover_ratio": 0.49,
            "account_receivable_turnover_ratio": 1,
            "reinvestment_rate": -81.5,
            "research_to_sale_ratio": 2.75,
            "price_fair": 33.6,
            "eps_avg_yearly": 0.96,
            "eps_latest_yearly": 1.2,
            "eps_growth_yearly": 193.18
        },
        "20192": {
            "year_quarter": 20192,
            "year": 2019,
            "quarter": 2,
            "eps": 0.36,
            "eps_growth_year": 38.46,
            "eps_4q": 1.24,
            "eps_4q_growth_year": 28.08,
            "roe": 2.25,
            "roe_4q": 7.52,
            "gross_profit": 250611,
            "gross_margin": 31.31,
            "gross_margin_4q_avg": 29.77,
            "net_income": 95914,
            "revenue": 800345,
            "common_shares": 2591587,
            "book_valuer_per_share": 16.18,
            "book_valuer_per_share_4q_avg": 16.23,
            "equity": 4212888,
            "current_ratio": 189.63,
            "debt_ratio": 37.34,
            "inventory_turnover_ratio": 0.52,
            "account_receivable_turnover_ratio": 1.26,
            "reinvestment_rate": -88.28,
            "research_to_sale_ratio": 2.64,
            "price_fair": 35.09,
            "eps_avg_yearly": 1,
            "eps_latest_yearly": 1.44,
            "eps_growth_yearly": 196.79
        },
        "20193": {
            "year_quarter": 20193,
            "year": 2019,
            "quarter": 3,
            "eps": 0.3,
            "eps_growth_year": 0,
            "eps_4q": 1.24,
            "eps_4q_growth_year": 28.29,
            "roe": 1.93,
            "roe_4q": 7.529999999999999,
            "gross_profit": 246257,
            "gross_margin": 30.19,
            "gross_margin_4q_avg": 30.06,
            "net_income": 81238,
            "revenue": 815622,
            "common_shares": 2591587,
            "book_valuer_per_share": 16.11,
            "book_valuer_per_share_4q_avg": 16.26,
            "equity": 4207511,
            "current_ratio": 187.26,
            "debt_ratio": 37.98,
            "inventory_turnover_ratio": 0.56,
            "account_receivable_turnover_ratio": 1.18,
            "reinvestment_rate": -80.03,
            "research_to_sale_ratio": 2.23,
            "price_fair": 34.21,
            "eps_avg_yearly": 0.98,
            "eps_latest_yearly": 1.2,
            "eps_growth_yearly": 164.99
        },
        "20194": {
            "year_quarter": 20194,
            "year": 2019,
            "quarter": 4,
            "eps": 0.07,
            "eps_growth_year": -74.86,
            "eps_4q": 1.03,
            "eps_4q_growth_year": -4.39,
            "roe": 0.34,
            "roe_4q": 6.279999999999999,
            "gross_profit": 226090,
            "gross_margin": 29.57,
            "gross_margin_4q_avg": 30.45,
            "net_income": 14074,
            "revenue": 764708,
            "common_shares": 2591587,
            "book_valuer_per_share": 15.6,
            "book_valuer_per_share_4q_avg": 16.11,
            "equity": 4069047,
            "current_ratio": 204.03,
            "debt_ratio": 35.75,
            "inventory_turnover_ratio": 0.59,
            "account_receivable_turnover_ratio": 1.14,
            "reinvestment_rate": -128.58,
            "research_to_sale_ratio": 3.09,
            "price_fair": 32.55,
            "eps_avg_yearly": 0.93,
            "eps_latest_yearly": 0.28,
            "eps_growth_yearly": 154.58
        },
        "20201": {
            "year_quarter": 20201,
            "year": 2020,
            "quarter": 1,
            "eps": -0.12,
            "eps_growth_year": -140,
            "eps_4q": 0.63,
            "eps_4q_growth_year": -44.62,
            "roe": -0.86,
            "roe_4q": 3.66,
            "gross_profit": 154060,
            "gross_margin": 29.83,
            "gross_margin_4q_avg": 30.23,
            "net_income": -33676,
            "revenue": 516452,
            "common_shares": 2591587,
            "book_valuer_per_share": 14.83,
            "book_valuer_per_share_4q_avg": 15.68,
            "equity": 3766437,
            "current_ratio": 155.39,
            "debt_ratio": 44.56,
            "inventory_turnover_ratio": 0.41,
            "account_receivable_turnover_ratio": 0.86,
            "reinvestment_rate": -76.11,
            "research_to_sale_ratio": 3.66,
            "price_fair": 33.88,
            "eps_avg_yearly": 0.97,
            "eps_latest_yearly": 0.28,
            "eps_growth_yearly": 182.32
        },
        "20202": {
            "year_quarter": 20202,
            "year": 2020,
            "quarter": 2,
            "eps": -0.04,
            "eps_growth_year": -111.11,
            "eps_4q": 0.21,
            "eps_4q_growth_year": -83.05,
            "roe": -0.34,
            "roe_4q": 1.07,
            "gross_profit": 166448,
            "gross_margin": 29.86,
            "gross_margin_4q_avg": 29.86,
            "net_income": -12322,
            "revenue": 557390,
            "common_shares": 2591587,
            "book_valuer_per_share": 14.34,
            "book_valuer_per_share_4q_avg": 15.22,
            "equity": 3586923,
            "current_ratio": 124.08,
            "debt_ratio": 43.5,
            "inventory_turnover_ratio": 0.43,
            "account_receivable_turnover_ratio": 0.99,
            "reinvestment_rate": -98.99,
            "research_to_sale_ratio": 3.24,
            "price_fair": 33.2,
            "eps_avg_yearly": 0.95,
            "eps_latest_yearly": 0.28,
            "eps_growth_yearly": 125.5
        },
        "20203": {
            "year_quarter": 20203,
            "year": 2020,
            "quarter": 3,
            "eps": -0.05,
            "eps_growth_year": -116.67,
            "eps_4q": -0.13,
            "eps_4q_growth_year": -110.89,
            "roe": -0.51,
            "roe_4q": -1.3699999999999999,
            "gross_profit": 150769,
            "gross_margin": 25.16,
            "gross_margin_4q_avg": 28.61,
            "net_income": -18179,
            "revenue": 599219,
            "common_shares": 2775315,
            "book_valuer_per_share": 13.21,
            "book_valuer_per_share_4q_avg": 14.5,
            "equity": 3540413,
            "current_ratio": 125,
            "debt_ratio": 42.13,
            "inventory_turnover_ratio": 0.53,
            "account_receivable_turnover_ratio": 1.07,
            "reinvestment_rate": -169.21,
            "research_to_sale_ratio": 3.73,
            "price_fair": 31.88,
            "eps_avg_yearly": 0.91,
            "eps_latest_yearly": 0.28,
            "eps_growth_yearly": 130.19
        },
        "20204": {
            "year_quarter": 20204,
            "year": 2020,
            "quarter": 4,
            "eps": -0.06,
            "eps_growth_year": -180.32,
            "eps_4q": -0.26,
            "eps_4q_growth_year": -125.19,
            "roe": -0.53,
            "roe_4q": -2.24,
            "gross_profit": 146779,
            "gross_margin": 25.71,
            "gross_margin_4q_avg": 27.64,
            "net_income": -19120,
            "revenue": 570859,
            "common_shares": 2775315,
            "book_valuer_per_share": 13.78,
            "book_valuer_per_share_4q_avg": 14.04,
            "equity": 3675688,
            "current_ratio": 112.06,
            "debt_ratio": 41.96,
            "inventory_turnover_ratio": 0.58,
            "account_receivable_turnover_ratio": 1.08,
            "reinvestment_rate": -88.53,
            "research_to_sale_ratio": 3.23,
            "price_fair": 33.02,
            "eps_avg_yearly": 0.94,
            "eps_latest_yearly": 0.28,
            "eps_growth_yearly": 162.33
        },
        "20211": {
            "year_quarter": 20211,
            "year": 2021,
            "quarter": 1,
            "eps": -0.1,
            "eps_growth_year": null,
            "eps_4q": -0.24,
            "eps_4q_growth_year": -138.14,
            "roe": -0.81,
            "roe_4q": -2.19,
            "gross_profit": 154229,
            "gross_margin": 29.53,
            "gross_margin_4q_avg": 27.57,
            "net_income": -29688,
            "revenue": 522224,
            "common_shares": 2775315,
            "book_valuer_per_share": 13.66,
            "book_valuer_per_share_4q_avg": 13.75,
            "equity": 3639578,
            "current_ratio": 111.87,
            "debt_ratio": 41.82,
            "inventory_turnover_ratio": 0.55,
            "account_receivable_turnover_ratio": 1.03,
            "reinvestment_rate": -73.58,
            "research_to_sale_ratio": 4.29,
            "price_fair": 35.64,
            "eps_avg_yearly": 1.02,
            "eps_latest_yearly": 0.28,
            "eps_growth_yearly": 205.06
        },
        "20212": {
            "year_quarter": 20212,
            "year": 2021,
            "quarter": 2,
            "eps": 0.05,
            "eps_growth_year": null,
            "eps_4q": -0.16,
            "eps_4q_growth_year": -175.04,
            "roe": 0.3,
            "roe_4q": -1.55,
            "gross_profit": 187681,
            "gross_margin": 31.85,
            "gross_margin_4q_avg": 28.06,
            "net_income": 10847,
            "revenue": 589293,
            "common_shares": 2775315,
            "book_valuer_per_share": 13.46,
            "book_valuer_per_share_4q_avg": 13.53,
            "equity": 3586303,
            "current_ratio": 137.54,
            "debt_ratio": 42.19,
            "inventory_turnover_ratio": 0.58,
            "account_receivable_turnover_ratio": 1.17,
            "reinvestment_rate": -52.02,
            "research_to_sale_ratio": 3.72,
            "price_fair": 3.12,
            "eps_avg_yearly": 1.04,
            "eps_latest_yearly": 0.28,
            "eps_growth_yearly": -1.1
        },
        "20213": {
            "year_quarter": 20213,
            "year": 2021,
            "quarter": 3,
            "eps": 0.18,
            "eps_growth_year": null,
            "eps_4q": 0.08,
            "eps_4q_growth_year": null,
            "roe": 1.33,
            "roe_4q": 0.29000000000000004,
            "gross_profit": 209846,
            "gross_margin": 31.58,
            "gross_margin_4q_avg": 29.67,
            "net_income": 47098,
            "revenue": 664427,
            "common_shares": 2775315,
            "book_valuer_per_share": 13.1,
            "book_valuer_per_share_4q_avg": 13.5,
            "equity": 3492096,
            "current_ratio": 130.51,
            "debt_ratio": 45.67,
            "inventory_turnover_ratio": 0.57,
            "account_receivable_turnover_ratio": 1.24,
            "reinvestment_rate": -65.89,
            "research_to_sale_ratio": 2.89,
            "price_fair": 34.58,
            "eps_avg_yearly": 0.99,
            "eps_latest_yearly": 0.72,
            "eps_growth_yearly": 80.9
        },
        "20214": {
            "year_quarter": 20214,
            "year": 2021,
            "quarter": 4,
            "eps": 0.42,
            "eps_growth_year": null,
            "eps_4q": 0.55,
            "eps_4q_growth_year": null,
            "roe": 3.14,
            "roe_4q": 3.9600000000000004,
            "gross_profit": 204348,
            "gross_margin": 26.24,
            "gross_margin_4q_avg": 29.8,
            "net_income": 111660,
            "revenue": 778637,
            "common_shares": 2775315,
            "book_valuer_per_share": 13.55,
            "book_valuer_per_share_4q_avg": 13.44,
            "equity": 3611985,
            "current_ratio": 129.5,
            "debt_ratio": 44.27,
            "inventory_turnover_ratio": 0.63,
            "account_receivable_turnover_ratio": 1.37,
            "reinvestment_rate": -42.68,
            "research_to_sale_ratio": 2.43,
            "price_fair": 37.94,
            "eps_avg_yearly": 1.08,
            "eps_latest_yearly": 1.68,
            "eps_growth_yearly": 151.01
        },
        "20221": {
            "year_quarter": 20221,
            "year": 2022,
            "quarter": 1,
            "eps": 0.3,
            "eps_growth_year": null,
            "eps_4q": 0.95,
            "eps_4q_growth_year": null,
            "roe": 2.21,
            "roe_4q": 6.9799999999999995,
            "gross_profit": 177726,
            "gross_margin": 28.89,
            "gross_margin_4q_avg": 29.64,
            "net_income": 82431,
            "revenue": 615224,
            "common_shares": 2775315,
            "book_valuer_per_share": 14.41,
            "book_valuer_per_share_4q_avg": 13.63,
            "equity": 3851441,
            "current_ratio": 131.21,
            "debt_ratio": 42.38,
            "inventory_turnover_ratio": 0.42,
            "account_receivable_turnover_ratio": 1.13,
            "reinvestment_rate": 35.53,
            "research_to_sale_ratio": 3.68,
            "price_fair": 38.78,
            "eps_avg_yearly": 1.11,
            "eps_latest_yearly": 1.2,
            "eps_growth_yearly": 126.25
        },
        "20222": {
            "year_quarter": 20222,
            "year": 2022,
            "quarter": 2,
            "eps": 0.38,
            "eps_growth_year": 660,
            "eps_4q": 1.2,
            "eps_4q_growth_year": null,
            "roe": 2.73,
            "roe_4q": 9.41,
            "gross_profit": 206102,
            "gross_margin": 30.4,
            "gross_margin_4q_avg": 29.28,
            "net_income": 105536,
            "revenue": 677937,
            "common_shares": 2775315,
            "book_valuer_per_share": 14.53,
            "book_valuer_per_share_4q_avg": 13.9,
            "equity": 3888932,
            "current_ratio": 130.86,
            "debt_ratio": 40.91,
            "inventory_turnover_ratio": 0.43,
            "account_receivable_turnover_ratio": 1.3,
            "reinvestment_rate": 71.93,
            "research_to_sale_ratio": 2.72,
            "price_fair": 40.46,
            "eps_avg_yearly": 1.16,
            "eps_latest_yearly": 1.52,
            "eps_growth_yearly": 133.58
        },
        "20223": {
            "year_quarter": 20223,
            "year": 2022,
            "quarter": 3,
            "eps": 0.26,
            "eps_growth_year": 44.44,
            "eps_4q": 1.29,
            "eps_4q_growth_year": 1603.6,
            "roe": 1.97,
            "roe_4q": 10.05,
            "gross_profit": 198357,
            "gross_margin": 30.02,
            "gross_margin_4q_avg": 28.89,
            "net_income": 78556,
            "revenue": 660748,
            "common_shares": 2960915,
            "book_valuer_per_share": 14.3,
            "book_valuer_per_share_4q_avg": 14.2,
            "equity": 4097654,
            "current_ratio": 137.84,
            "debt_ratio": 39.4,
            "inventory_turnover_ratio": 0.45,
            "account_receivable_turnover_ratio": 1.22,
            "reinvestment_rate": 80.93,
            "research_to_sale_ratio": 2.51,
            "price_fair": 39.9,
            "eps_avg_yearly": 1.14,
            "eps_latest_yearly": 1.04,
            "eps_growth_yearly": 114.8
        },
        "20224": {
            "year_quarter": 20224,
            "year": 2022,
            "quarter": 4,
            "eps": 0.2,
            "eps_growth_year": -52.45,
            "eps_4q": 1.1,
            "eps_4q_growth_year": 99.08,
            "roe": 1.42,
            "roe_4q": 8.329999999999998,
            "gross_profit": 211132,
            "gross_margin": 27.74,
            "gross_margin_4q_avg": 29.26,
            "net_income": 58419,
            "revenue": 761062,
            "common_shares": 2960915,
            "book_valuer_per_share": 14.47,
            "book_valuer_per_share_4q_avg": 14.43,
            "equity": 4145385,
            "current_ratio": 128.34,
            "debt_ratio": 39.83,
            "inventory_turnover_ratio": 0.59,
            "account_receivable_turnover_ratio": 1.42,
            "reinvestment_rate": 143.77,
            "research_to_sale_ratio": 2.12,
            "price_fair": 38.78,
            "eps_avg_yearly": 1.11,
            "eps_latest_yearly": 0.8,
            "eps_growth_yearly": 108.23
        },
        "20231": {
            "year_quarter": 20231,
            "year": 2023,
            "quarter": 1,
            "eps": 0.75,
            "eps_growth_year": 150,
            "eps_4q": 1.57,
            "eps_4q_growth_year": 65.45,
            "roe": 5.06,
            "roe_4q": 11.18,
            "gross_profit": 153584,
            "gross_margin": 27.64,
            "gross_margin_4q_avg": 28.95,
            "net_income": 215740,
            "revenue": 555669,
            "common_shares": 2960915,
            "book_valuer_per_share": 15.31,
            "book_valuer_per_share_4q_avg": 14.65,
            "equity": 4387668,
            "current_ratio": 137.44,
            "debt_ratio": 34.49,
            "inventory_turnover_ratio": 0.48,
            "account_receivable_turnover_ratio": 1.14,
            "reinvestment_rate": 110.51,
            "research_to_sale_ratio": 2.91,
            "price_fair": 45.08,
            "eps_avg_yearly": 1.29,
            "eps_latest_yearly": 3,
            "eps_growth_yearly": 215.38
        }
    },
    "months": {
        "2003-09": {
            "month": "2003-09",
            "price": "77.50",
            "revenue": 60820
        },
        "2003-10": {
            "month": "2003-10",
            "price": "74.72",
            "revenue": 63553
        },
        "2003-11": {
            "month": "2003-11",
            "price": "78.52",
            "revenue": 81156
        },
        "2003-12": {
            "month": "2003-12",
            "price": "83.62",
            "revenue": 63300
        },
        "2004-01": {
            "month": "2004-01",
            "price": "92.17",
            "revenue": 62100
        },
        "2004-02": {
            "month": "2004-02",
            "price": "98.22",
            "revenue": 83355
        },
        "2004-03": {
            "month": "2004-03",
            "price": "114.00",
            "revenue": 75606
        },
        "2004-04": {
            "month": "2004-04",
            "price": "117.70",
            "revenue": 76596
        },
        "2004-05": {
            "month": "2004-05",
            "price": "115.90",
            "revenue": 87537
        },
        "2004-06": {
            "month": "2004-06",
            "price": "83.55",
            "revenue": 76786
        },
        "2004-07": {
            "month": "2004-07",
            "price": "78.61",
            "revenue": 72641
        },
        "2004-08": {
            "month": "2004-08",
            "price": "76.78",
            "revenue": 73011
        },
        "2004-09": {
            "month": "2004-09",
            "price": "78.21",
            "revenue": 78224
        },
        "2004-10": {
            "month": "2004-10",
            "price": "76.35",
            "revenue": 92745
        },
        "2004-11": {
            "month": "2004-11",
            "price": "77.32",
            "revenue": 91869
        },
        "2004-12": {
            "month": "2004-12",
            "price": "73.37",
            "revenue": 85028
        },
        "2005-01": {
            "month": "2005-01",
            "price": "76.03",
            "revenue": 72965
        },
        "2005-02": {
            "month": "2005-02",
            "price": "75.46",
            "revenue": 57200
        },
        "2005-03": {
            "month": "2005-03",
            "price": "77.63",
            "revenue": 90993
        },
        "2005-04": {
            "month": "2005-04",
            "price": "78.42",
            "revenue": 92462
        },
        "2005-05": {
            "month": "2005-05",
            "price": "88.37",
            "revenue": 100525
        },
        "2005-06": {
            "month": "2005-06",
            "price": "93.65",
            "revenue": 102219
        },
        "2005-07": {
            "month": "2005-07",
            "price": "102.12",
            "revenue": 101469
        },
        "2005-08": {
            "month": "2005-08",
            "price": "102.13",
            "revenue": 108148
        },
        "2005-09": {
            "month": "2005-09",
            "price": "125.83",
            "revenue": 106048
        },
        "2005-10": {
            "month": "2005-10",
            "price": "143.50",
            "revenue": 112154
        },
        "2005-11": {
            "month": "2005-11",
            "price": "151.32",
            "revenue": 151273
        },
        "2005-12": {
            "month": "2005-12",
            "price": "207.34",
            "revenue": 128602
        },
        "2006-01": {
            "month": "2006-01",
            "price": "326.22",
            "revenue": 112063
        },
        "2006-02": {
            "month": "2006-02",
            "price": "317.00",
            "revenue": 94526
        },
        "2006-03": {
            "month": "2006-03",
            "price": "387.20",
            "revenue": 203607
        },
        "2006-04": {
            "month": "2006-04",
            "price": "384.13",
            "revenue": 154687
        },
        "2006-05": {
            "month": "2006-05",
            "price": "345.57",
            "revenue": 205612
        },
        "2006-06": {
            "month": "2006-06",
            "price": "313.41",
            "revenue": 202657
        },
        "2006-07": {
            "month": "2006-07",
            "price": "311.69",
            "revenue": 170257
        },
        "2006-08": {
            "month": "2006-08",
            "price": "332.83",
            "revenue": 211682
        },
        "2006-09": {
            "month": "2006-09",
            "price": "319.31",
            "revenue": 200893
        },
        "2006-10": {
            "month": "2006-10",
            "price": "322.08",
            "revenue": 253892
        },
        "2006-11": {
            "month": "2006-11",
            "price": "324.02",
            "revenue": 267067
        },
        "2006-12": {
            "month": "2006-12",
            "price": "389.67",
            "revenue": 230234
        },
        "2007-01": {
            "month": "2007-01",
            "price": "491.77",
            "revenue": 309416
        },
        "2007-02": {
            "month": "2007-02",
            "price": "460.21",
            "revenue": 194876
        },
        "2007-03": {
            "month": "2007-03",
            "price": "477.09",
            "revenue": 315741
        },
        "2007-04": {
            "month": "2007-04",
            "price": "504.48",
            "revenue": 222533
        },
        "2007-05": {
            "month": "2007-05",
            "price": "535.55",
            "revenue": 278980
        },
        "2007-06": {
            "month": "2007-06",
            "price": "653.20",
            "revenue": 272131
        },
        "2007-07": {
            "month": "2007-07",
            "price": "872.32",
            "revenue": 204118
        },
        "2007-08": {
            "month": "2007-08",
            "price": "564.09",
            "revenue": 255062
        },
        "2007-09": {
            "month": "2007-09",
            "price": "514.28",
            "revenue": 251537
        },
        "2007-10": {
            "month": "2007-10",
            "price": "455.91",
            "revenue": 336559
        },
        "2007-11": {
            "month": "2007-11",
            "price": "370.02",
            "revenue": 344295
        },
        "2007-12": {
            "month": "2007-12",
            "price": "341.45",
            "revenue": 276633
        },
        "2008-01": {
            "month": "2008-01",
            "price": "269.00",
            "revenue": 211495
        },
        "2008-02": {
            "month": "2008-02",
            "price": "192.75",
            "revenue": 203147
        },
        "2008-03": {
            "month": "2008-03",
            "price": "273.52",
            "revenue": 284332
        },
        "2008-04": {
            "month": "2008-04",
            "price": "313.69",
            "revenue": 259186
        },
        "2008-05": {
            "month": "2008-05",
            "price": "273.14",
            "revenue": 200616
        },
        "2008-06": {
            "month": "2008-06",
            "price": "193.79",
            "revenue": 183853
        },
        "2008-07": {
            "month": "2008-07",
            "price": "170.89",
            "revenue": 144110
        },
        "2008-08": {
            "month": "2008-08",
            "price": "164.43",
            "revenue": 150414
        },
        "2008-09": {
            "month": "2008-09",
            "price": "91.69",
            "revenue": 153992
        },
        "2008-10": {
            "month": "2008-10",
            "price": "95.55",
            "revenue": 216495
        },
        "2008-11": {
            "month": "2008-11",
            "price": "64.12",
            "revenue": 171983
        },
        "2008-12": {
            "month": "2008-12",
            "price": "61.03",
            "revenue": 179451
        },
        "2009-01": {
            "month": "2009-01",
            "price": "66.99",
            "revenue": 139661
        },
        "2009-02": {
            "month": "2009-02",
            "price": "63.65",
            "revenue": 176127
        },
        "2009-03": {
            "month": "2009-03",
            "price": "70.13",
            "revenue": 204092
        },
        "2009-04": {
            "month": "2009-04",
            "price": "83.70",
            "revenue": 175142
        },
        "2009-05": {
            "month": "2009-05",
            "price": "84.79",
            "revenue": 143010
        },
        "2009-06": {
            "month": "2009-06",
            "price": "80.03",
            "revenue": 154657
        },
        "2009-07": {
            "month": "2009-07",
            "price": "82.68",
            "revenue": 142732
        },
        "2009-08": {
            "month": "2009-08",
            "price": "79.62",
            "revenue": 145375
        },
        "2009-09": {
            "month": "2009-09",
            "price": "80.50",
            "revenue": 134659
        },
        "2009-10": {
            "month": "2009-10",
            "price": "71.95",
            "revenue": 123243
        },
        "2009-11": {
            "month": "2009-11",
            "price": "70.65",
            "revenue": 144172
        },
        "2009-12": {
            "month": "2009-12",
            "price": "79.67",
            "revenue": 123773
        },
        "2010-01": {
            "month": "2010-01",
            "price": "76.36",
            "revenue": 128058
        },
        "2010-02": {
            "month": "2010-02",
            "price": "63.30",
            "revenue": 127001
        },
        "2010-03": {
            "month": "2010-03",
            "price": "70.87",
            "revenue": 208511
        },
        "2010-04": {
            "month": "2010-04",
            "price": "71.16",
            "revenue": 171337
        },
        "2010-05": {
            "month": "2010-05",
            "price": "59.95",
            "revenue": 179220
        },
        "2010-06": {
            "month": "2010-06",
            "price": "55.82",
            "revenue": 219260
        },
        "2010-07": {
            "month": "2010-07",
            "price": "62.01",
            "revenue": 208817
        },
        "2010-08": {
            "month": "2010-08",
            "price": "72.12",
            "revenue": 174827
        },
        "2010-09": {
            "month": "2010-09",
            "price": "75.80",
            "revenue": 147453
        },
        "2010-10": {
            "month": "2010-10",
            "price": "63.80",
            "revenue": 184366
        },
        "2010-11": {
            "month": "2010-11",
            "price": "59.73",
            "revenue": 177998
        },
        "2010-12": {
            "month": "2010-12",
            "price": "62.23",
            "revenue": 126346
        },
        "2011-01": {
            "month": "2011-01",
            "price": "59.15",
            "revenue": 105837
        },
        "2011-02": {
            "month": "2011-02",
            "price": "52.54",
            "revenue": 107621
        },
        "2011-03": {
            "month": "2011-03",
            "price": "47.60",
            "revenue": 181565
        },
        "2011-04": {
            "month": "2011-04",
            "price": "49.12",
            "revenue": 123200
        },
        "2011-05": {
            "month": "2011-05",
            "price": "50.28",
            "revenue": 142103
        },
        "2011-06": {
            "month": "2011-06",
            "price": "53.79",
            "revenue": 120658
        },
        "2011-07": {
            "month": "2011-07",
            "price": "47.33",
            "revenue": 119379
        },
        "2011-08": {
            "month": "2011-08",
            "price": "36.28",
            "revenue": 123209
        },
        "2011-09": {
            "month": "2011-09",
            "price": "32.06",
            "revenue": 177976
        },
        "2011-10": {
            "month": "2011-10",
            "price": "32.67",
            "revenue": 164918
        },
        "2011-11": {
            "month": "2011-11",
            "price": "31.87",
            "revenue": 176299
        },
        "2011-12": {
            "month": "2011-12",
            "price": "24.44",
            "revenue": 187971
        },
        "2012-01": {
            "month": "2012-01",
            "price": "26.02",
            "revenue": 113406
        },
        "2012-02": {
            "month": "2012-02",
            "price": "39.84",
            "revenue": 101091
        },
        "2012-03": {
            "month": "2012-03",
            "price": "46.75",
            "revenue": 141919
        },
        "2012-04": {
            "month": "2012-04",
            "price": "38.90",
            "revenue": 140280
        },
        "2012-05": {
            "month": "2012-05",
            "price": "35.54",
            "revenue": 172594
        },
        "2012-06": {
            "month": "2012-06",
            "price": "34.20",
            "revenue": 131442
        },
        "2012-07": {
            "month": "2012-07",
            "price": "38.85",
            "revenue": 156465
        },
        "2012-08": {
            "month": "2012-08",
            "price": "38.80",
            "revenue": 132735
        },
        "2012-09": {
            "month": "2012-09",
            "price": "39.40",
            "revenue": 149241
        },
        "2012-10": {
            "month": "2012-10",
            "price": "37.55",
            "revenue": 139852
        },
        "2012-11": {
            "month": "2012-11",
            "price": "35.25",
            "revenue": 112971
        },
        "2012-12": {
            "month": "2012-12",
            "price": "39.64",
            "revenue": 121854
        },
        "2013-01": {
            "month": "2013-01",
            "price": "41.06",
            "revenue": 177913
        },
        "2013-02": {
            "month": "2013-02",
            "price": "41.45",
            "revenue": 90251
        },
        "2013-03": {
            "month": "2013-03",
            "price": "40.69",
            "revenue": 158017
        },
        "2013-04": {
            "month": "2013-04",
            "price": "51.19",
            "revenue": 157110
        },
        "2013-05": {
            "month": "2013-05",
            "price": "52.32",
            "revenue": 190298
        },
        "2013-06": {
            "month": "2013-06",
            "price": "54.36",
            "revenue": 210353
        },
        "2013-07": {
            "month": "2013-07",
            "price": "54.38",
            "revenue": 209935
        },
        "2013-08": {
            "month": "2013-08",
            "price": "69.36",
            "revenue": 236215
        },
        "2013-09": {
            "month": "2013-09",
            "price": "85.52",
            "revenue": 245947
        },
        "2013-10": {
            "month": "2013-10",
            "price": "115.43",
            "revenue": 304949
        },
        "2013-11": {
            "month": "2013-11",
            "price": "111.26",
            "revenue": 309439
        },
        "2013-12": {
            "month": "2013-12",
            "price": "121.34",
            "revenue": 342024
        },
        "2014-01": {
            "month": "2014-01",
            "price": "124.03",
            "revenue": 197262
        },
        "2014-02": {
            "month": "2014-02",
            "price": "139.18",
            "revenue": 157609
        },
        "2014-03": {
            "month": "2014-03",
            "price": "166.79",
            "revenue": 186880
        },
        "2014-04": {
            "month": "2014-04",
            "price": "170.52",
            "revenue": 218286
        },
        "2014-05": {
            "month": "2014-05",
            "price": "159.12",
            "revenue": 220606
        },
        "2014-06": {
            "month": "2014-06",
            "price": "188.08",
            "revenue": 212167
        },
        "2014-07": {
            "month": "2014-07",
            "price": "180.50",
            "revenue": 258775
        },
        "2014-08": {
            "month": "2014-08",
            "price": "155.81",
            "revenue": 238201
        },
        "2014-09": {
            "month": "2014-09",
            "price": "165.24",
            "revenue": 270888
        },
        "2014-10": {
            "month": "2014-10",
            "price": "125.92",
            "revenue": 277782
        },
        "2014-11": {
            "month": "2014-11",
            "price": "111.70",
            "revenue": 259952
        },
        "2014-12": {
            "month": "2014-12",
            "price": "115.19",
            "revenue": 233440
        },
        "2015-01": {
            "month": "2015-01",
            "price": "110.55",
            "revenue": 209331
        },
        "2015-02": {
            "month": "2015-02",
            "price": "106.00",
            "revenue": 152265
        },
        "2015-03": {
            "month": "2015-03",
            "price": "108.48",
            "revenue": 221662
        },
        "2015-04": {
            "month": "2015-04",
            "price": "112.12",
            "revenue": 205390
        },
        "2015-05": {
            "month": "2015-05",
            "price": "113.15",
            "revenue": 213351
        },
        "2015-06": {
            "month": "2015-06",
            "price": "117.98",
            "revenue": 226975
        },
        "2015-07": {
            "month": "2015-07",
            "price": "101.98",
            "revenue": 231990
        },
        "2015-08": {
            "month": "2015-08",
            "price": "81.73",
            "revenue": 258130
        },
        "2015-09": {
            "month": "2015-09",
            "price": "83.60",
            "revenue": 289366
        },
        "2015-10": {
            "month": "2015-10",
            "price": "103.72",
            "revenue": 253798
        },
        "2015-11": {
            "month": "2015-11",
            "price": "96.22",
            "revenue": 279714
        },
        "2015-12": {
            "month": "2015-12",
            "price": "85.73",
            "revenue": 240298
        },
        "2016-01": {
            "month": "2016-01",
            "price": "78.14",
            "revenue": 250139
        },
        "2016-02": {
            "month": "2016-02",
            "price": "81.85",
            "revenue": 204509
        },
        "2016-03": {
            "month": "2016-03",
            "price": "85.97",
            "revenue": 302732
        },
        "2016-04": {
            "month": "2016-04",
            "price": "85.45",
            "revenue": 240643
        },
        "2016-05": {
            "month": "2016-05",
            "price": "71.29",
            "revenue": 238410
        },
        "2016-06": {
            "month": "2016-06",
            "price": "66.92",
            "revenue": 281434
        },
        "2016-07": {
            "month": "2016-07",
            "price": "63.32",
            "revenue": 329184
        },
        "2016-08": {
            "month": "2016-08",
            "price": "72.43",
            "revenue": 265761
        },
        "2016-09": {
            "month": "2016-09",
            "price": "73.50",
            "revenue": 229171
        },
        "2016-10": {
            "month": "2016-10",
            "price": "68.03",
            "revenue": 281467
        },
        "2016-11": {
            "month": "2016-11",
            "price": "61.09",
            "revenue": 210366
        },
        "2016-12": {
            "month": "2016-12",
            "price": "60.75",
            "revenue": 281226
        },
        "2017-01": {
            "month": "2017-01",
            "price": "59.86",
            "revenue": 210197
        },
        "2017-02": {
            "month": "2017-02",
            "price": "61.08",
            "revenue": 205031
        },
        "2017-03": {
            "month": "2017-03",
            "price": "59.56",
            "revenue": 225063
        },
        "2017-04": {
            "month": "2017-04",
            "price": "49.62",
            "revenue": 227269
        },
        "2017-05": {
            "month": "2017-05",
            "price": "45.26",
            "revenue": 228432
        },
        "2017-06": {
            "month": "2017-06",
            "price": "45.88",
            "revenue": 323538
        },
        "2017-07": {
            "month": "2017-07",
            "price": "45.16",
            "revenue": 279217
        },
        "2017-08": {
            "month": "2017-08",
            "price": "42.50",
            "revenue": 324810
        },
        "2017-09": {
            "month": "2017-09",
            "price": "48.22",
            "revenue": 283747
        },
        "2017-10": {
            "month": "2017-10",
            "price": "49.47",
            "revenue": 241734
        },
        "2017-11": {
            "month": "2017-11",
            "price": "45.25",
            "revenue": 228440
        },
        "2017-12": {
            "month": "2017-12",
            "price": "42.08",
            "revenue": 261355
        },
        "2018-01": {
            "month": "2018-01",
            "price": "41.33",
            "revenue": 277033
        },
        "2018-02": {
            "month": "2018-02",
            "price": "39.22",
            "revenue": 271995
        },
        "2018-03": {
            "month": "2018-03",
            "price": "44.29",
            "revenue": 276157
        },
        "2018-04": {
            "month": "2018-04",
            "price": "44.98",
            "revenue": 315451
        },
        "2018-05": {
            "month": "2018-05",
            "price": "43.75",
            "revenue": 350042
        },
        "2018-06": {
            "month": "2018-06",
            "price": "56.87",
            "revenue": 380541
        },
        "2018-07": {
            "month": "2018-07",
            "price": "55.05",
            "revenue": 377086
        },
        "2018-08": {
            "month": "2018-08",
            "price": "50.32",
            "revenue": 357731
        },
        "2018-09": {
            "month": "2018-09",
            "price": "42.86",
            "revenue": 303205
        },
        "2018-10": {
            "month": "2018-10",
            "price": "36.15",
            "revenue": 325780
        },
        "2018-11": {
            "month": "2018-11",
            "price": "36.92",
            "revenue": 239461
        },
        "2018-12": {
            "month": "2018-12",
            "price": "38.88",
            "revenue": 391799
        },
        "2019-01": {
            "month": "2019-01",
            "price": "39.49",
            "revenue": 256931
        },
        "2019-02": {
            "month": "2019-02",
            "price": "44.38",
            "revenue": 220224
        },
        "2019-03": {
            "month": "2019-03",
            "price": "42.02",
            "revenue": 270711
        },
        "2019-04": {
            "month": "2019-04",
            "price": "43.93",
            "revenue": 292472
        },
        "2019-05": {
            "month": "2019-05",
            "price": "40.81",
            "revenue": 262776
        },
        "2019-06": {
            "month": "2019-06",
            "price": "41.92",
            "revenue": 246222
        },
        "2019-07": {
            "month": "2019-07",
            "price": "42.61",
            "revenue": 243741
        },
        "2019-08": {
            "month": "2019-08",
            "price": "40.28",
            "revenue": 272628
        },
        "2019-09": {
            "month": "2019-09",
            "price": "39.43",
            "revenue": 307806
        },
        "2019-10": {
            "month": "2019-10",
            "price": "37.79",
            "revenue": 262681
        },
        "2019-11": {
            "month": "2019-11",
            "price": "36.78",
            "revenue": 206888
        },
        "2019-12": {
            "month": "2019-12",
            "price": "36.71",
            "revenue": 287350
        },
        "2020-01": {
            "month": "2020-01",
            "price": "35.51",
            "revenue": 179350
        },
        "2020-02": {
            "month": "2020-02",
            "price": "31.96",
            "revenue": 180607
        },
        "2020-03": {
            "month": "2020-03",
            "price": "26.55",
            "revenue": 160155
        },
        "2020-04": {
            "month": "2020-04",
            "price": "27.34",
            "revenue": 170686
        },
        "2020-05": {
            "month": "2020-05",
            "price": "28.78",
            "revenue": 181130
        },
        "2020-06": {
            "month": "2020-06",
            "price": "30.56",
            "revenue": 208698
        },
        "2020-07": {
            "month": "2020-07",
            "price": "29.87",
            "revenue": 201057
        },
        "2020-08": {
            "month": "2020-08",
            "price": "28.36",
            "revenue": 173989
        },
        "2020-09": {
            "month": "2020-09",
            "price": "26.89",
            "revenue": 217901
        },
        "2020-10": {
            "month": "2020-10",
            "price": "25.86",
            "revenue": 177059
        },
        "2020-11": {
            "month": "2020-11",
            "price": "27.26",
            "revenue": 174834
        },
        "2020-12": {
            "month": "2020-12",
            "price": "28.03",
            "revenue": 213913
        },
        "2021-01": {
            "month": "2021-01",
            "price": "29.66",
            "revenue": 181090
        },
        "2021-02": {
            "month": "2021-02",
            "price": "28.56",
            "revenue": 150478
        },
        "2021-03": {
            "month": "2021-03",
            "price": "30.15",
            "revenue": 190959
        },
        "2021-04": {
            "month": "2021-04",
            "price": "33.92",
            "revenue": 177757
        },
        "2021-05": {
            "month": "2021-05",
            "price": "30.39",
            "revenue": 230791
        },
        "2021-06": {
            "month": "2021-06",
            "price": "33.49",
            "revenue": 185154
        },
        "2021-07": {
            "month": "2021-07",
            "price": "34.03",
            "revenue": 185337
        },
        "2021-08": {
            "month": "2021-08",
            "price": "31.08",
            "revenue": 221260
        },
        "2021-09": {
            "month": "2021-09",
            "price": "29.75",
            "revenue": 260838
        },
        "2021-10": {
            "month": "2021-10",
            "price": "29.86",
            "revenue": 253045
        },
        "2021-11": {
            "month": "2021-11",
            "price": "32.27",
            "revenue": 292537
        },
        "2021-12": {
            "month": "2021-12",
            "price": "33.12",
            "revenue": 243053
        },
        "2022-01": {
            "month": "2022-01",
            "price": "33.66",
            "revenue": 274962
        },
        "2022-02": {
            "month": "2022-02",
            "price": "32.49",
            "revenue": 159170
        },
        "2022-03": {
            "month": "2022-03",
            "price": "30.24",
            "revenue": 179970
        },
        "2022-04": {
            "month": "2022-04",
            "price": "29.11",
            "revenue": 211645
        },
        "2022-05": {
            "month": "2022-05",
            "price": "28.06",
            "revenue": 231250
        },
        "2022-06": {
            "month": "2022-06",
            "price": "29.20",
            "revenue": 235931
        },
        "2022-07": {
            "month": "2022-07",
            "price": "29.72",
            "revenue": 228672
        },
        "2022-08": {
            "month": "2022-08",
            "price": "32.15",
            "revenue": 238730
        },
        "2022-09": {
            "month": "2022-09",
            "price": "31.10",
            "revenue": 193464
        },
        "2022-10": {
            "month": "2022-10",
            "price": "26.34",
            "revenue": 324950
        },
        "2022-11": {
            "month": "2022-11",
            "price": "27.85",
            "revenue": 167746
        },
        "2022-12": {
            "month": "2022-12",
            "price": "28.82",
            "revenue": 267532
        },
        "2023-01": {
            "month": "2023-01",
            "price": "28.27",
            "revenue": 243305
        },
        "2023-02": {
            "month": "2023-02",
            "price": "29.64",
            "revenue": 139607
        },
        "2023-03": {
            "month": "2023-03",
            "price": "29.22",
            "revenue": 171635
        },
        "2023-04": {
            "month": "2023-04",
            "price": "28.60",
            "revenue": 163798
        }
    }
}
