{
    "summary": {
        "stock_name": "洛碁",
        "stock_id": "8077",
        "category": "觀光餐旅",
        "main_business": "飯店旅館業",
        "website_url": "http://www.greenworldhotels.com/",
        "ceo": "謝憲治",
        "pe_ratio": -35,
        "report_year_from": 2001,
        "report_year_to": 2023,
        "age": 23,
        "eps_negative_percentage": 70,
        "eps_growth_avg": {
            "last_all": -54.88,
            "last_2y": null,
            "last_4y": -27.63,
            "last_8y": -43.6,
            "last_12y": -43.6,
            "last_16y": -43.6,
            "last_20y": null,
            "at_2006_last_3y": null,
            "at_2007_last_3y": null,
            "at_2008_last_3y": -100,
            "at_2009_last_3y": null,
            "at_2010_last_3y": null,
            "at_2011_last_3y": null,
            "at_2012_last_3y": null,
            "at_2013_last_3y": null,
            "at_2014_last_3y": null,
            "at_2015_last_3y": -100,
            "at_2016_last_3y": -100,
            "at_2017_last_3y": -100,
            "at_2018_last_3y": -59.57,
            "at_2019_last_3y": 12.79,
            "at_2020_last_3y": -24.8,
            "at_2021_last_3y": -24.8,
            "at_2022_last_3y": -27.63,
            "at_2023_last_3y": -100,
            "at_2024_last_3y": -100,
            "at_2006_last_all": -100,
            "at_2007_last_all": -100,
            "at_2008_last_all": -100,
            "at_2009_last_all": -100,
            "at_2010_last_all": -100,
            "at_2011_last_all": -100,
            "at_2012_last_all": -100,
            "at_2013_last_all": -100,
            "at_2014_last_all": -100,
            "at_2015_last_all": -100,
            "at_2016_last_all": -100,
            "at_2017_last_all": -100,
            "at_2018_last_all": -73.05,
            "at_2019_last_all": -43.6,
            "at_2020_last_all": -54.88,
            "at_2021_last_all": -54.88,
            "at_2022_last_all": -54.88,
            "at_2023_last_all": -54.88,
            "at_2024_last_all": -54.88
        },
        "latest_eps": -1.42,
        "latest_price": 49.7,
        "latest_roe": -10.95,
        "latest_gross_margin": 23.7,
        "latest_equity": 269342,
        "latest_revenue": 242556,
        "latest_gross_profit": 57481,
        "latest_net_income": 13868,
        "latest_debt_ratio": 91.29,
        "latest_current_ratio": 37.74,
        "latest_account_receivable_turnover_ratio": 8.78,
        "latest_inventory_turnover_ratio": null,
        "latest_reinvestment_rate": null,
        "latest_research_to_sale_ratio": null
    },
    "eps_dividends": {
        "2001": {
            "cash": 0,
            "stock": 0,
            "eps": 0
        },
        "2002": {
            "cash": 0,
            "stock": 0,
            "eps": 0
        },
        "2003": {
            "cash": 0,
            "stock": 0,
            "eps": 0
        },
        "2004": {
            "cash": 0,
            "stock": 0,
            "eps": 0.19
        },
        "2005": {
            "cash": 0,
            "stock": 0,
            "eps": -4.59
        },
        "2006": {
            "cash": 0,
            "stock": 0,
            "eps": -2.69
        },
        "2007": {
            "cash": 0,
            "stock": 0,
            "eps": -1.63
        },
        "2008": {
            "cash": 0,
            "stock": 0,
            "eps": -11.04
        },
        "2009": {
            "cash": 0,
            "stock": 0,
            "eps": -14.18
        },
        "2010": {
            "cash": 0,
            "stock": 0,
            "eps": -5.82
        },
        "2011": {
            "cash": 0,
            "stock": 0,
            "eps": -2.52
        },
        "2012": {
            "cash": 0,
            "stock": 0,
            "eps": -3.25
        },
        "2013": {
            "cash": 0,
            "stock": 0,
            "eps": -0.83
        },
        "2014": {
            "cash": 0,
            "stock": 0,
            "eps": 0.03
        },
        "2015": {
            "cash": 0,
            "stock": 0,
            "eps": -0.24
        },
        "2016": {
            "cash": 0,
            "stock": 0,
            "eps": -2.06
        },
        "2017": {
            "cash": 0,
            "stock": 0,
            "eps": 0.47
        },
        "2018": {
            "cash": 0,
            "stock": 0,
            "eps": 0.38
        },
        "2019": {
            "cash": 0,
            "stock": 0,
            "eps": 0.55
        },
        "2020": {
            "cash": 0,
            "stock": 0,
            "eps": -7.81
        },
        "2021": {
            "cash": 0,
            "stock": 0,
            "eps": -3.31
        },
        "2022": {
            "cash": 0,
            "stock": 0,
            "eps": -3.35
        },
        "2023": {
            "cash": 0,
            "stock": 0,
            "eps": 0.2
        }
    },
    "dividends": [],
    "prices": {
        "200101": "無",
        "200102": "無",
        "200103": "無",
        "200104": "無",
        "200105": "無",
        "200106": "無",
        "200107": "無",
        "200108": "無",
        "200109": "無",
        "200110": "無",
        "200111": "無",
        "200112": "無",
        "200201": "無",
        "200202": "無",
        "200203": "無",
        "200204": "無",
        "200205": "無",
        "200206": "無",
        "200207": "無",
        "200208": "無",
        "200209": "無",
        "200210": "無",
        "200211": "無",
        "200212": "無",
        "200301": "無",
        "200302": "無",
        "200303": "無",
        "200304": "無",
        "200305": "無",
        "200306": "無",
        "200307": "無",
        "200308": "無",
        "200309": "9.00",
        "200310": "9.02",
        "200311": "8.92",
        "200312": "10.17",
        "200401": "11.30",
        "200402": "13.00",
        "200403": "15.20",
        "200404": "15.34",
        "200405": "13.72",
        "200406": "13.01",
        "200407": "12.77",
        "200408": "11.81",
        "200409": "11.52",
        "200410": "10.86",
        "200411": "10.79",
        "200412": "10.21",
        "200501": "8.54",
        "200502": "9.46",
        "200503": "9.44",
        "200504": "9.21",
        "200505": "8.11",
        "200506": "7.60",
        "200507": "8.05",
        "200508": "7.81",
        "200509": "7.17",
        "200510": "5.59",
        "200511": "4.16",
        "200512": "4.49",
        "200601": "5.16",
        "200602": "4.08",
        "200603": "3.45",
        "200604": "2.90",
        "200605": "1.91",
        "200606": "1.95",
        "200607": "1.71",
        "200608": "1.39",
        "200609": "1.20",
        "200610": "1.79",
        "200611": "4.60",
        "200612": "4.42",
        "200701": "6.26",
        "200702": "6.09",
        "200703": "6.37",
        "200704": "7.79",
        "200705": "7.84",
        "200706": "8.54",
        "200707": "8.60",
        "200708": "7.37",
        "200709": "6.58",
        "200710": "6.35",
        "200711": "6.29",
        "200712": "6.42",
        "200801": "6.76",
        "200802": "6.74",
        "200803": "15.81",
        "200804": "18.55",
        "200805": "16.61",
        "200806": "11.11",
        "200807": "6.59",
        "200808": "5.46",
        "200809": "4.63",
        "200810": "3.88",
        "200811": "2.75",
        "200812": "3.81",
        "200901": "5.53",
        "200902": "5.48",
        "200903": "8.38",
        "200904": "21.19",
        "200905": "16.96",
        "200906": "17.12",
        "200907": "17.01",
        "200908": "17.44",
        "200909": "18.14",
        "200910": "19.61",
        "200911": "21.62",
        "200912": "22.58",
        "201001": "20.52",
        "201002": "15.68",
        "201003": "15.68",
        "201004": "15.96",
        "201005": "10.35",
        "201006": "6.84",
        "201007": "6.93",
        "201008": "6.68",
        "201009": "10.80",
        "201010": "13.14",
        "201011": "11.93",
        "201012": "11.22",
        "201101": "9.53",
        "201102": "8.57",
        "201103": "7.98",
        "201104": "6.88",
        "201105": "8.04",
        "201106": "7.72",
        "201107": "6.82",
        "201108": "7.31",
        "201109": "7.74",
        "201110": "5.95",
        "201111": "5.02",
        "201112": "2.97",
        "201201": "2.05",
        "201202": "2.24",
        "201203": "3.41",
        "201204": "3.33",
        "201205": "2.72",
        "201206": "2.37",
        "201207": "1.93",
        "201208": "2.02",
        "201209": "2.27",
        "201210": "1.77",
        "201211": "1.60",
        "201212": "1.31",
        "201301": "2.01",
        "201302": "1.99",
        "201303": "1.90",
        "201304": "1.82",
        "201305": "2.47",
        "201306": "1.83",
        "201307": "無",
        "201308": "無",
        "201309": "無",
        "201310": "無",
        "201311": "1.93",
        "201312": "5.15",
        "201401": "6.21",
        "201402": "6.72",
        "201403": "5.94",
        "201404": "6.00",
        "201405": "無",
        "201406": "無",
        "201407": "無",
        "201408": "無",
        "201409": "無",
        "201410": "30.92",
        "201411": "57.19",
        "201412": "57.67",
        "201501": "54.57",
        "201502": "49.56",
        "201503": "49.71",
        "201504": "51.92",
        "201505": "51.66",
        "201506": "59.38",
        "201507": "53.99",
        "201508": "52.61",
        "201509": "56.66",
        "201510": "58.35",
        "201511": "56.59",
        "201512": "51.06",
        "201601": "48.32",
        "201602": "47.79",
        "201603": "46.17",
        "201604": "44.27",
        "201605": "41.38",
        "201606": "40.30",
        "201607": "41.63",
        "201608": "34.39",
        "201609": "29.07",
        "201610": "25.28",
        "201611": "24.62",
        "201612": "24.96",
        "201701": "23.81",
        "201702": "22.94",
        "201703": "24.90",
        "201704": "27.48",
        "201705": "25.29",
        "201706": "25.41",
        "201707": "25.09",
        "201708": "24.57",
        "201709": "23.06",
        "201710": "21.80",
        "201711": "21.61",
        "201712": "21.59",
        "201801": "21.46",
        "201802": "21.95",
        "201803": "22.13",
        "201804": "22.05",
        "201805": "22.18",
        "201806": "22.14",
        "201807": "21.69",
        "201808": "20.12",
        "201809": "19.78",
        "201810": "19.32",
        "201811": "18.49",
        "201812": "18.20",
        "201901": "18.38",
        "201902": "18.26",
        "201903": "17.66",
        "201904": "17.60",
        "201905": "17.05",
        "201906": "16.93",
        "201907": "16.44",
        "201908": "15.61",
        "201909": "15.05",
        "201910": "14.78",
        "201911": "14.00",
        "201912": "14.50",
        "202001": "14.27",
        "202002": "13.22",
        "202003": "13.19",
        "202004": "10.32",
        "202005": "10.04",
        "202006": "11.14",
        "202007": "10.09",
        "202008": "8.52",
        "202009": "8.15",
        "202010": "8.37",
        "202011": "8.19",
        "202012": "8.93",
        "202101": "8.96",
        "202102": "9.59",
        "202103": "11.91",
        "202104": "11.21",
        "202105": "10.18",
        "202106": "11.04",
        "202107": "12.14",
        "202108": "11.06",
        "202109": "10.68",
        "202110": "11.04",
        "202111": "11.50",
        "202112": "11.14",
        "202201": "10.84",
        "202202": "13.02",
        "202203": "12.74",
        "202204": "10.29",
        "202205": "9.53",
        "202206": "9.91",
        "202207": "9.57",
        "202208": "9.51",
        "202209": "9.07",
        "202210": "8.39",
        "202211": "8.52",
        "202212": "8.04",
        "202301": "7.08",
        "202302": "32.12",
        "202303": "38.16",
        "202304": "39.37",
        "202305": "37.97",
        "202306": "37.50",
        "202307": "36.51",
        "202308": "36.12",
        "202309": "37.09",
        "202310": "37.85",
        "202311": "46.77",
        "202312": "48.55"
    },
    "quarters": {
        "20011": {
            "year_quarter": 20011,
            "year": 2001,
            "quarter": 1,
            "eps": null,
            "eps_growth_year": null,
            "eps_4q": null,
            "eps_4q_growth_year": null,
            "roe": null,
            "roe_4q": 0,
            "gross_profit": null,
            "gross_margin": null,
            "gross_margin_4q_avg": 0,
            "net_income": null,
            "net_income_4q": null,
            "revenue": null,
            "revenue_4q": null,
            "common_shares": null,
            "book_valuer_per_share": null,
            "book_valuer_per_share_4q_avg": 0,
            "equity": null,
            "current_ratio": null,
            "debt_ratio": null,
            "inventory_turnover_ratio": null,
            "account_receivable_turnover_ratio": null,
            "reinvestment_rate": null,
            "research_to_sale_ratio": null,
            "price_fair": 0,
            "eps_avg_yearly": 0,
            "eps_latest_yearly": 0,
            "eps_growth_yearly": 0
        },
        "20012": {
            "year_quarter": 20012,
            "year": 2001,
            "quarter": 2,
            "eps": null,
            "eps_growth_year": null,
            "eps_4q": null,
            "eps_4q_growth_year": null,
            "roe": null,
            "roe_4q": 0,
            "gross_profit": null,
            "gross_margin": null,
            "gross_margin_4q_avg": 0,
            "net_income": null,
            "net_income_4q": null,
            "revenue": null,
            "revenue_4q": null,
            "common_shares": null,
            "book_valuer_per_share": null,
            "book_valuer_per_share_4q_avg": 0,
            "equity": null,
            "current_ratio": null,
            "debt_ratio": null,
            "inventory_turnover_ratio": null,
            "account_receivable_turnover_ratio": null,
            "reinvestment_rate": null,
            "research_to_sale_ratio": null,
            "price_fair": 0,
            "eps_avg_yearly": 0,
            "eps_latest_yearly": 0,
            "eps_growth_yearly": 0
        },
        "20013": {
            "year_quarter": 20013,
            "year": 2001,
            "quarter": 3,
            "eps": null,
            "eps_growth_year": null,
            "eps_4q": null,
            "eps_4q_growth_year": null,
            "roe": null,
            "roe_4q": 0,
            "gross_profit": null,
            "gross_margin": null,
            "gross_margin_4q_avg": 0,
            "net_income": null,
            "net_income_4q": null,
            "revenue": null,
            "revenue_4q": null,
            "common_shares": null,
            "book_valuer_per_share": null,
            "book_valuer_per_share_4q_avg": 0,
            "equity": null,
            "current_ratio": null,
            "debt_ratio": null,
            "inventory_turnover_ratio": null,
            "account_receivable_turnover_ratio": null,
            "reinvestment_rate": null,
            "research_to_sale_ratio": null,
            "price_fair": 0,
            "eps_avg_yearly": 0,
            "eps_latest_yearly": 0,
            "eps_growth_yearly": 0
        },
        "20014": {
            "year_quarter": 20014,
            "year": 2001,
            "quarter": 4,
            "eps": null,
            "eps_growth_year": null,
            "eps_4q": null,
            "eps_4q_growth_year": null,
            "roe": null,
            "roe_4q": 0,
            "gross_profit": null,
            "gross_margin": null,
            "gross_margin_4q_avg": 0,
            "net_income": null,
            "net_income_4q": null,
            "revenue": null,
            "revenue_4q": null,
            "common_shares": 600000,
            "book_valuer_per_share": 7.65,
            "book_valuer_per_share_4q_avg": 1.91,
            "equity": 458821,
            "current_ratio": 63.05,
            "debt_ratio": 62.4,
            "inventory_turnover_ratio": null,
            "account_receivable_turnover_ratio": null,
            "reinvestment_rate": null,
            "research_to_sale_ratio": null,
            "price_fair": 0,
            "eps_avg_yearly": 0,
            "eps_latest_yearly": 0,
            "eps_growth_yearly": 0
        },
        "20021": {
            "year_quarter": 20021,
            "year": 2002,
            "quarter": 1,
            "eps": null,
            "eps_growth_year": null,
            "eps_4q": null,
            "eps_4q_growth_year": null,
            "roe": null,
            "roe_4q": 0,
            "gross_profit": null,
            "gross_margin": null,
            "gross_margin_4q_avg": 0,
            "net_income": null,
            "net_income_4q": null,
            "revenue": null,
            "revenue_4q": null,
            "common_shares": null,
            "book_valuer_per_share": null,
            "book_valuer_per_share_4q_avg": 1.91,
            "equity": null,
            "current_ratio": null,
            "debt_ratio": null,
            "inventory_turnover_ratio": null,
            "account_receivable_turnover_ratio": null,
            "reinvestment_rate": null,
            "research_to_sale_ratio": null,
            "price_fair": 0,
            "eps_avg_yearly": 0,
            "eps_latest_yearly": 0,
            "eps_growth_yearly": 0
        },
        "20022": {
            "year_quarter": 20022,
            "year": 2002,
            "quarter": 2,
            "eps": null,
            "eps_growth_year": null,
            "eps_4q": null,
            "eps_4q_growth_year": null,
            "roe": null,
            "roe_4q": 0,
            "gross_profit": null,
            "gross_margin": null,
            "gross_margin_4q_avg": 0,
            "net_income": null,
            "net_income_4q": null,
            "revenue": null,
            "revenue_4q": null,
            "common_shares": null,
            "book_valuer_per_share": null,
            "book_valuer_per_share_4q_avg": 1.91,
            "equity": null,
            "current_ratio": null,
            "debt_ratio": null,
            "inventory_turnover_ratio": null,
            "account_receivable_turnover_ratio": null,
            "reinvestment_rate": null,
            "research_to_sale_ratio": null,
            "price_fair": 0,
            "eps_avg_yearly": 0,
            "eps_latest_yearly": 0,
            "eps_growth_yearly": 0
        },
        "20023": {
            "year_quarter": 20023,
            "year": 2002,
            "quarter": 3,
            "eps": null,
            "eps_growth_year": null,
            "eps_4q": null,
            "eps_4q_growth_year": null,
            "roe": null,
            "roe_4q": 0,
            "gross_profit": null,
            "gross_margin": null,
            "gross_margin_4q_avg": 0,
            "net_income": null,
            "net_income_4q": null,
            "revenue": null,
            "revenue_4q": null,
            "common_shares": null,
            "book_valuer_per_share": null,
            "book_valuer_per_share_4q_avg": 1.91,
            "equity": null,
            "current_ratio": null,
            "debt_ratio": null,
            "inventory_turnover_ratio": null,
            "account_receivable_turnover_ratio": null,
            "reinvestment_rate": null,
            "research_to_sale_ratio": null,
            "price_fair": 0,
            "eps_avg_yearly": 0,
            "eps_latest_yearly": 0,
            "eps_growth_yearly": 0
        },
        "20024": {
            "year_quarter": 20024,
            "year": 2002,
            "quarter": 4,
            "eps": null,
            "eps_growth_year": null,
            "eps_4q": null,
            "eps_4q_growth_year": null,
            "roe": null,
            "roe_4q": 0,
            "gross_profit": null,
            "gross_margin": null,
            "gross_margin_4q_avg": 0,
            "net_income": null,
            "net_income_4q": null,
            "revenue": null,
            "revenue_4q": null,
            "common_shares": 900000,
            "book_valuer_per_share": 7.77,
            "book_valuer_per_share_4q_avg": 1.94,
            "equity": 699426,
            "current_ratio": 72.1,
            "debt_ratio": 56.55,
            "inventory_turnover_ratio": null,
            "account_receivable_turnover_ratio": null,
            "reinvestment_rate": null,
            "research_to_sale_ratio": null,
            "price_fair": 0,
            "eps_avg_yearly": 0,
            "eps_latest_yearly": 0,
            "eps_growth_yearly": 0
        },
        "20031": {
            "year_quarter": 20031,
            "year": 2003,
            "quarter": 1,
            "eps": null,
            "eps_growth_year": null,
            "eps_4q": null,
            "eps_4q_growth_year": null,
            "roe": null,
            "roe_4q": 0,
            "gross_profit": null,
            "gross_margin": null,
            "gross_margin_4q_avg": 0,
            "net_income": null,
            "net_income_4q": null,
            "revenue": null,
            "revenue_4q": null,
            "common_shares": null,
            "book_valuer_per_share": null,
            "book_valuer_per_share_4q_avg": 1.94,
            "equity": null,
            "current_ratio": null,
            "debt_ratio": null,
            "inventory_turnover_ratio": null,
            "account_receivable_turnover_ratio": null,
            "reinvestment_rate": null,
            "research_to_sale_ratio": null,
            "price_fair": 0,
            "eps_avg_yearly": 0,
            "eps_latest_yearly": 0,
            "eps_growth_yearly": 0
        },
        "20032": {
            "year_quarter": 20032,
            "year": 2003,
            "quarter": 2,
            "eps": null,
            "eps_growth_year": null,
            "eps_4q": null,
            "eps_4q_growth_year": null,
            "roe": null,
            "roe_4q": 0,
            "gross_profit": null,
            "gross_margin": null,
            "gross_margin_4q_avg": 0,
            "net_income": null,
            "net_income_4q": null,
            "revenue": null,
            "revenue_4q": null,
            "common_shares": null,
            "book_valuer_per_share": null,
            "book_valuer_per_share_4q_avg": 1.94,
            "equity": null,
            "current_ratio": null,
            "debt_ratio": null,
            "inventory_turnover_ratio": null,
            "account_receivable_turnover_ratio": null,
            "reinvestment_rate": null,
            "research_to_sale_ratio": null,
            "price_fair": 0,
            "eps_avg_yearly": 0,
            "eps_latest_yearly": 0,
            "eps_growth_yearly": 0
        },
        "20033": {
            "year_quarter": 20033,
            "year": 2003,
            "quarter": 3,
            "eps": null,
            "eps_growth_year": null,
            "eps_4q": null,
            "eps_4q_growth_year": null,
            "roe": null,
            "roe_4q": 0,
            "gross_profit": null,
            "gross_margin": null,
            "gross_margin_4q_avg": 0,
            "net_income": null,
            "net_income_4q": null,
            "revenue": null,
            "revenue_4q": null,
            "common_shares": null,
            "book_valuer_per_share": null,
            "book_valuer_per_share_4q_avg": 1.94,
            "equity": null,
            "current_ratio": null,
            "debt_ratio": null,
            "inventory_turnover_ratio": null,
            "account_receivable_turnover_ratio": null,
            "reinvestment_rate": null,
            "research_to_sale_ratio": null,
            "price_fair": 0,
            "eps_avg_yearly": 0,
            "eps_latest_yearly": 0,
            "eps_growth_yearly": 0
        },
        "20034": {
            "year_quarter": 20034,
            "year": 2003,
            "quarter": 4,
            "eps": null,
            "eps_growth_year": null,
            "eps_4q": null,
            "eps_4q_growth_year": null,
            "roe": null,
            "roe_4q": 0,
            "gross_profit": null,
            "gross_margin": null,
            "gross_margin_4q_avg": 0,
            "net_income": null,
            "net_income_4q": null,
            "revenue": null,
            "revenue_4q": null,
            "common_shares": 990000,
            "book_valuer_per_share": 6.57,
            "book_valuer_per_share_4q_avg": 1.64,
            "equity": 650352,
            "current_ratio": 42.68,
            "debt_ratio": 60.85,
            "inventory_turnover_ratio": null,
            "account_receivable_turnover_ratio": null,
            "reinvestment_rate": null,
            "research_to_sale_ratio": null,
            "price_fair": 0,
            "eps_avg_yearly": 0,
            "eps_latest_yearly": 0,
            "eps_growth_yearly": 0
        },
        "20041": {
            "year_quarter": 20041,
            "year": 2004,
            "quarter": 1,
            "eps": -0.07,
            "eps_growth_year": null,
            "eps_4q": null,
            "eps_4q_growth_year": null,
            "roe": -0.98,
            "roe_4q": -0.98,
            "gross_profit": 25326,
            "gross_margin": 30.71,
            "gross_margin_4q_avg": 7.68,
            "net_income": -7403,
            "net_income_4q": null,
            "revenue": 82471,
            "revenue_4q": null,
            "common_shares": 1190000,
            "book_valuer_per_share": 7.21,
            "book_valuer_per_share_4q_avg": 3.45,
            "equity": 858523,
            "current_ratio": 58.52,
            "debt_ratio": 51.82,
            "inventory_turnover_ratio": 0.56,
            "account_receivable_turnover_ratio": null,
            "reinvestment_rate": null,
            "research_to_sale_ratio": null,
            "price_fair": 0,
            "eps_avg_yearly": 0,
            "eps_latest_yearly": 0,
            "eps_growth_yearly": 0
        },
        "20042": {
            "year_quarter": 20042,
            "year": 2004,
            "quarter": 2,
            "eps": 0.08,
            "eps_growth_year": null,
            "eps_4q": null,
            "eps_4q_growth_year": null,
            "roe": 1.02,
            "roe_4q": 0.040000000000000036,
            "gross_profit": 38245,
            "gross_margin": 36.9,
            "gross_margin_4q_avg": 16.9,
            "net_income": 8771,
            "net_income_4q": null,
            "revenue": 103653,
            "revenue_4q": null,
            "common_shares": 1190000,
            "book_valuer_per_share": 7.29,
            "book_valuer_per_share_4q_avg": 5.27,
            "equity": 867294,
            "current_ratio": 67.14,
            "debt_ratio": 52.69,
            "inventory_turnover_ratio": 0.53,
            "account_receivable_turnover_ratio": null,
            "reinvestment_rate": null,
            "research_to_sale_ratio": null,
            "price_fair": 0,
            "eps_avg_yearly": 0,
            "eps_latest_yearly": 0,
            "eps_growth_yearly": 0
        },
        "20043": {
            "year_quarter": 20043,
            "year": 2004,
            "quarter": 3,
            "eps": 0.04,
            "eps_growth_year": null,
            "eps_4q": null,
            "eps_4q_growth_year": null,
            "roe": 0.54,
            "roe_4q": 0.5800000000000001,
            "gross_profit": 33076,
            "gross_margin": 34.09,
            "gross_margin_4q_avg": 25.43,
            "net_income": 4712,
            "net_income_4q": null,
            "revenue": 97015,
            "revenue_4q": null,
            "common_shares": 1190000,
            "book_valuer_per_share": 7.33,
            "book_valuer_per_share_4q_avg": 7.1,
            "equity": 872006,
            "current_ratio": 58.73,
            "debt_ratio": 53.84,
            "inventory_turnover_ratio": 0.44,
            "account_receivable_turnover_ratio": null,
            "reinvestment_rate": null,
            "research_to_sale_ratio": null,
            "price_fair": 0.48,
            "eps_avg_yearly": 0.16,
            "eps_latest_yearly": 0.16,
            "eps_growth_yearly": -200
        },
        "20044": {
            "year_quarter": 20044,
            "year": 2004,
            "quarter": 4,
            "eps": 0.14,
            "eps_growth_year": null,
            "eps_4q": 0.19,
            "eps_4q_growth_year": null,
            "roe": 1.74,
            "roe_4q": 2.3200000000000003,
            "gross_profit": 47669,
            "gross_margin": 39.13,
            "gross_margin_4q_avg": 35.21,
            "net_income": 16694,
            "net_income_4q": null,
            "revenue": 121814,
            "revenue_4q": null,
            "common_shares": 1332500,
            "book_valuer_per_share": 7.85,
            "book_valuer_per_share_4q_avg": 7.42,
            "equity": 1045450,
            "current_ratio": 70.53,
            "debt_ratio": 47.99,
            "inventory_turnover_ratio": 0.4,
            "account_receivable_turnover_ratio": null,
            "reinvestment_rate": null,
            "research_to_sale_ratio": null,
            "price_fair": 12.6,
            "eps_avg_yearly": 0.36,
            "eps_latest_yearly": 0.56,
            "eps_growth_yearly": 400
        },
        "20051": {
            "year_quarter": 20051,
            "year": 2005,
            "quarter": 1,
            "eps": -0.31,
            "eps_growth_year": null,
            "eps_4q": -0.08,
            "eps_4q_growth_year": null,
            "roe": -4.05,
            "roe_4q": -0.7499999999999996,
            "gross_profit": 12939,
            "gross_margin": 14.78,
            "gross_margin_4q_avg": 31.23,
            "net_income": -41481,
            "net_income_4q": null,
            "revenue": 87530,
            "revenue_4q": null,
            "common_shares": 1332500,
            "book_valuer_per_share": 7.53,
            "book_valuer_per_share_4q_avg": 7.5,
            "equity": 1003969,
            "current_ratio": 63.01,
            "debt_ratio": 50.7,
            "inventory_turnover_ratio": 0.34,
            "account_receivable_turnover_ratio": null,
            "reinvestment_rate": null,
            "research_to_sale_ratio": null,
            "price_fair": 12.6,
            "eps_avg_yearly": 0.36,
            "eps_latest_yearly": 0.56,
            "eps_growth_yearly": 400
        },
        "20052": {
            "year_quarter": 20052,
            "year": 2005,
            "quarter": 2,
            "eps": -0.23,
            "eps_growth_year": -387.5,
            "eps_4q": -0.38,
            "eps_4q_growth_year": null,
            "roe": -3.12,
            "roe_4q": -4.89,
            "gross_profit": -21003,
            "gross_margin": -22.23,
            "gross_margin_4q_avg": 16.44,
            "net_income": -30810,
            "net_income_4q": null,
            "revenue": 94486,
            "revenue_4q": null,
            "common_shares": 1332500,
            "book_valuer_per_share": 7.3,
            "book_valuer_per_share_4q_avg": 7.5,
            "equity": 973159,
            "current_ratio": 51.17,
            "debt_ratio": 51.88,
            "inventory_turnover_ratio": 0.5,
            "account_receivable_turnover_ratio": null,
            "reinvestment_rate": null,
            "research_to_sale_ratio": null,
            "price_fair": 12.6,
            "eps_avg_yearly": 0.36,
            "eps_latest_yearly": 0.56,
            "eps_growth_yearly": 400
        },
        "20053": {
            "year_quarter": 20053,
            "year": 2005,
            "quarter": 3,
            "eps": -0.22,
            "eps_growth_year": -650,
            "eps_4q": -0.63,
            "eps_4q_growth_year": null,
            "roe": -3.01,
            "roe_4q": -8.44,
            "gross_profit": 1985,
            "gross_margin": 1.52,
            "gross_margin_4q_avg": 8.3,
            "net_income": -28956,
            "net_income_4q": null,
            "revenue": 130309,
            "revenue_4q": null,
            "common_shares": 1339269,
            "book_valuer_per_share": 7.09,
            "book_valuer_per_share_4q_avg": 7.44,
            "equity": 949504,
            "current_ratio": 72.91,
            "debt_ratio": 53.92,
            "inventory_turnover_ratio": 0.54,
            "account_receivable_turnover_ratio": null,
            "reinvestment_rate": null,
            "research_to_sale_ratio": null,
            "price_fair": 12.6,
            "eps_avg_yearly": 0.36,
            "eps_latest_yearly": 0.56,
            "eps_growth_yearly": 400
        },
        "20054": {
            "year_quarter": 20054,
            "year": 2005,
            "quarter": 4,
            "eps": -3.83,
            "eps_growth_year": -2835.71,
            "eps_4q": -4.59,
            "eps_4q_growth_year": -2503.29,
            "roe": -73.49,
            "roe_4q": -83.67,
            "gross_profit": -209453,
            "gross_margin": -287.58,
            "gross_margin_4q_avg": -73.38,
            "net_income": -512028,
            "net_income_4q": null,
            "revenue": 72834,
            "revenue_4q": null,
            "common_shares": 1347570,
            "book_valuer_per_share": 3.29,
            "book_valuer_per_share_4q_avg": 6.3,
            "equity": 443975,
            "current_ratio": 48.88,
            "debt_ratio": 71.41,
            "inventory_turnover_ratio": 1.91,
            "account_receivable_turnover_ratio": null,
            "reinvestment_rate": null,
            "research_to_sale_ratio": null,
            "price_fair": 12.6,
            "eps_avg_yearly": 0.36,
            "eps_latest_yearly": 0.56,
            "eps_growth_yearly": 400
        },
        "20061": {
            "year_quarter": 20061,
            "year": 2006,
            "quarter": 1,
            "eps": -0.39,
            "eps_growth_year": null,
            "eps_4q": -4.48,
            "eps_4q_growth_year": null,
            "roe": -12.44,
            "roe_4q": -92.06,
            "gross_profit": -21272,
            "gross_margin": -25.4,
            "gross_margin_4q_avg": -83.42,
            "net_income": -54581,
            "net_income_4q": null,
            "revenue": 83734,
            "revenue_4q": null,
            "common_shares": 1417858,
            "book_valuer_per_share": 3.06,
            "book_valuer_per_share_4q_avg": 5.19,
            "equity": 433394,
            "current_ratio": 62.75,
            "debt_ratio": 70.37,
            "inventory_turnover_ratio": 1.68,
            "account_receivable_turnover_ratio": null,
            "reinvestment_rate": null,
            "research_to_sale_ratio": null,
            "price_fair": 12.6,
            "eps_avg_yearly": 0.36,
            "eps_latest_yearly": 0.56,
            "eps_growth_yearly": 400
        },
        "20062": {
            "year_quarter": 20062,
            "year": 2006,
            "quarter": 2,
            "eps": -0.54,
            "eps_growth_year": null,
            "eps_4q": -4.73,
            "eps_4q_growth_year": null,
            "roe": -19.22,
            "roe_4q": -108.16,
            "gross_profit": -25575,
            "gross_margin": -19.77,
            "gross_margin_4q_avg": -82.81,
            "net_income": -75143,
            "net_income_4q": null,
            "revenue": 129367,
            "revenue_4q": null,
            "common_shares": 1417858,
            "book_valuer_per_share": 2.46,
            "book_valuer_per_share_4q_avg": 3.98,
            "equity": 348728,
            "current_ratio": 56.44,
            "debt_ratio": 75.24,
            "inventory_turnover_ratio": 2.14,
            "account_receivable_turnover_ratio": null,
            "reinvestment_rate": null,
            "research_to_sale_ratio": null,
            "price_fair": 12.6,
            "eps_avg_yearly": 0.36,
            "eps_latest_yearly": 0.56,
            "eps_growth_yearly": 400
        },
        "20063": {
            "year_quarter": 20063,
            "year": 2006,
            "quarter": 3,
            "eps": -0.52,
            "eps_growth_year": null,
            "eps_4q": -13.35,
            "eps_4q_growth_year": null,
            "roe": -10.23,
            "roe_4q": -115.38,
            "gross_profit": -6023,
            "gross_margin": -5.16,
            "gross_margin_4q_avg": -84.48,
            "net_income": -44196,
            "net_income_4q": null,
            "revenue": 116823,
            "revenue_4q": null,
            "common_shares": 513858,
            "book_valuer_per_share": 10.02,
            "book_valuer_per_share_4q_avg": 4.71,
            "equity": 515035,
            "current_ratio": 62.51,
            "debt_ratio": 63.29,
            "inventory_turnover_ratio": 1.83,
            "account_receivable_turnover_ratio": null,
            "reinvestment_rate": null,
            "research_to_sale_ratio": null,
            "price_fair": 12.6,
            "eps_avg_yearly": 0.36,
            "eps_latest_yearly": 0.56,
            "eps_growth_yearly": 400
        },
        "20064": {
            "year_quarter": 20064,
            "year": 2006,
            "quarter": 4,
            "eps": -1.24,
            "eps_growth_year": null,
            "eps_4q": -4.64,
            "eps_4q_growth_year": null,
            "roe": -10.52,
            "roe_4q": -52.41,
            "gross_profit": -13239,
            "gross_margin": -8.69,
            "gross_margin_4q_avg": -14.76,
            "net_income": -63288,
            "net_income_4q": null,
            "revenue": 152314,
            "revenue_4q": null,
            "common_shares": 513858,
            "book_valuer_per_share": 13.39,
            "book_valuer_per_share_4q_avg": 7.23,
            "equity": 687838,
            "current_ratio": 89.05,
            "debt_ratio": 54.58,
            "inventory_turnover_ratio": 3.02,
            "account_receivable_turnover_ratio": null,
            "reinvestment_rate": null,
            "research_to_sale_ratio": null,
            "price_fair": 12.6,
            "eps_avg_yearly": 0.36,
            "eps_latest_yearly": 0.56,
            "eps_growth_yearly": 400
        },
        "20071": {
            "year_quarter": 20071,
            "year": 2007,
            "quarter": 1,
            "eps": -0.56,
            "eps_growth_year": null,
            "eps_4q": -4.11,
            "eps_4q_growth_year": null,
            "roe": -3.95,
            "roe_4q": -43.92,
            "gross_profit": 8502,
            "gross_margin": 5.35,
            "gross_margin_4q_avg": -7.07,
            "net_income": -28838,
            "net_income_4q": null,
            "revenue": 158776,
            "revenue_4q": null,
            "common_shares": 513858,
            "book_valuer_per_share": 15.05,
            "book_valuer_per_share_4q_avg": 10.23,
            "equity": 773197,
            "current_ratio": 124.33,
            "debt_ratio": 47.13,
            "inventory_turnover_ratio": 2.52,
            "account_receivable_turnover_ratio": null,
            "reinvestment_rate": null,
            "research_to_sale_ratio": null,
            "price_fair": 12.6,
            "eps_avg_yearly": 0.36,
            "eps_latest_yearly": 0.56,
            "eps_growth_yearly": 400
        },
        "20072": {
            "year_quarter": 20072,
            "year": 2007,
            "quarter": 2,
            "eps": -0.61,
            "eps_growth_year": null,
            "eps_4q": -3.22,
            "eps_4q_growth_year": null,
            "roe": -4.13,
            "roe_4q": -28.830000000000002,
            "gross_profit": 4138,
            "gross_margin": 2.72,
            "gross_margin_4q_avg": -1.45,
            "net_income": -31403,
            "net_income_4q": null,
            "revenue": 152398,
            "revenue_4q": null,
            "common_shares": 521011,
            "book_valuer_per_share": 14.33,
            "book_valuer_per_share_4q_avg": 13.2,
            "equity": 746694,
            "current_ratio": 98.2,
            "debt_ratio": 51.19,
            "inventory_turnover_ratio": 2.17,
            "account_receivable_turnover_ratio": null,
            "reinvestment_rate": null,
            "research_to_sale_ratio": null,
            "price_fair": 12.6,
            "eps_avg_yearly": 0.36,
            "eps_latest_yearly": 0.56,
            "eps_growth_yearly": 400
        },
        "20073": {
            "year_quarter": 20073,
            "year": 2007,
            "quarter": 3,
            "eps": -0.72,
            "eps_growth_year": null,
            "eps_4q": -3.02,
            "eps_4q_growth_year": null,
            "roe": -5.08,
            "roe_4q": -23.68,
            "gross_profit": -3086,
            "gross_margin": -1.94,
            "gross_margin_4q_avg": -0.64,
            "net_income": -37227,
            "net_income_4q": null,
            "revenue": 158740,
            "revenue_4q": null,
            "common_shares": 532836,
            "book_valuer_per_share": 13.47,
            "book_valuer_per_share_4q_avg": 14.06,
            "equity": 717567,
            "current_ratio": 55.72,
            "debt_ratio": 49.73,
            "inventory_turnover_ratio": 2.56,
            "account_receivable_turnover_ratio": null,
            "reinvestment_rate": null,
            "research_to_sale_ratio": null,
            "price_fair": 12.6,
            "eps_avg_yearly": 0.36,
            "eps_latest_yearly": 0.56,
            "eps_growth_yearly": 400
        },
        "20074": {
            "year_quarter": 20074,
            "year": 2007,
            "quarter": 4,
            "eps": 0.26,
            "eps_growth_year": null,
            "eps_4q": -1.59,
            "eps_4q_growth_year": null,
            "roe": 1.77,
            "roe_4q": -11.39,
            "gross_profit": 39856,
            "gross_margin": 16.2,
            "gross_margin_4q_avg": 5.58,
            "net_income": 13734,
            "net_income_4q": null,
            "revenue": 246016,
            "revenue_4q": null,
            "common_shares": 532836,
            "book_valuer_per_share": 15.73,
            "book_valuer_per_share_4q_avg": 14.65,
            "equity": 838100,
            "current_ratio": 86.09,
            "debt_ratio": 47.12,
            "inventory_turnover_ratio": 2.63,
            "account_receivable_turnover_ratio": null,
            "reinvestment_rate": null,
            "research_to_sale_ratio": null,
            "price_fair": 12.6,
            "eps_avg_yearly": 0.36,
            "eps_latest_yearly": 0.56,
            "eps_growth_yearly": 400
        },
        "20081": {
            "year_quarter": 20081,
            "year": 2008,
            "quarter": 1,
            "eps": -0.04,
            "eps_growth_year": null,
            "eps_4q": -3.01,
            "eps_4q_growth_year": null,
            "roe": -0.09,
            "roe_4q": -7.53,
            "gross_profit": 19879,
            "gross_margin": 8.3,
            "gross_margin_4q_avg": 6.32,
            "net_income": -739,
            "net_income_4q": null,
            "revenue": 239439,
            "revenue_4q": null,
            "common_shares": 189144,
            "book_valuer_per_share": 47.27,
            "book_valuer_per_share_4q_avg": 22.7,
            "equity": 894079,
            "current_ratio": 90.63,
            "debt_ratio": 39.37,
            "inventory_turnover_ratio": 2.49,
            "account_receivable_turnover_ratio": null,
            "reinvestment_rate": null,
            "research_to_sale_ratio": null,
            "price_fair": 12.6,
            "eps_avg_yearly": 0.36,
            "eps_latest_yearly": 0.56,
            "eps_growth_yearly": 400
        },
        "20082": {
            "year_quarter": 20082,
            "year": 2008,
            "quarter": 2,
            "eps": -3.14,
            "eps_growth_year": null,
            "eps_4q": -4.42,
            "eps_4q_growth_year": null,
            "roe": -6.87,
            "roe_4q": -10.27,
            "gross_profit": -29305,
            "gross_margin": -22.74,
            "gross_margin_4q_avg": -0.04,
            "net_income": -59387,
            "net_income_4q": null,
            "revenue": 128874,
            "revenue_4q": null,
            "common_shares": 189254,
            "book_valuer_per_share": 44.14,
            "book_valuer_per_share_4q_avg": 30.15,
            "equity": 835432,
            "current_ratio": 75.08,
            "debt_ratio": 39.96,
            "inventory_turnover_ratio": 1.79,
            "account_receivable_turnover_ratio": null,
            "reinvestment_rate": null,
            "research_to_sale_ratio": null,
            "price_fair": 12.6,
            "eps_avg_yearly": 0.36,
            "eps_latest_yearly": 0.56,
            "eps_growth_yearly": 400
        },
        "20083": {
            "year_quarter": 20083,
            "year": 2008,
            "quarter": 3,
            "eps": -4.41,
            "eps_growth_year": null,
            "eps_4q": -6.86,
            "eps_4q_growth_year": null,
            "roe": -10.51,
            "roe_4q": -15.7,
            "gross_profit": -61737,
            "gross_margin": -63.52,
            "gross_margin_4q_avg": -15.44,
            "net_income": -83477,
            "net_income_4q": null,
            "revenue": 97200,
            "revenue_4q": null,
            "common_shares": 189254,
            "book_valuer_per_share": 39.77,
            "book_valuer_per_share_4q_avg": 36.73,
            "equity": 752723,
            "current_ratio": 82.38,
            "debt_ratio": 41.85,
            "inventory_turnover_ratio": 1.99,
            "account_receivable_turnover_ratio": null,
            "reinvestment_rate": null,
            "research_to_sale_ratio": null,
            "price_fair": 19.6,
            "eps_avg_yearly": 0.56,
            "eps_latest_yearly": 0.56,
            "eps_growth_yearly": 1000
        },
        "20084": {
            "year_quarter": 20084,
            "year": 2008,
            "quarter": 4,
            "eps": -3.45,
            "eps_growth_year": -1426.92,
            "eps_4q": -10.89,
            "eps_4q_growth_year": null,
            "roe": -9.34,
            "roe_4q": -26.810000000000002,
            "gross_profit": -33941,
            "gross_margin": -35.86,
            "gross_margin_4q_avg": -28.46,
            "net_income": -67888,
            "net_income_4q": null,
            "revenue": 94648,
            "revenue_4q": null,
            "common_shares": 189254,
            "book_valuer_per_share": 36.37,
            "book_valuer_per_share_4q_avg": 41.89,
            "equity": 700603,
            "current_ratio": 79.43,
            "debt_ratio": 45.61,
            "inventory_turnover_ratio": 2.18,
            "account_receivable_turnover_ratio": null,
            "reinvestment_rate": null,
            "research_to_sale_ratio": null,
            "price_fair": 0,
            "eps_avg_yearly": 0,
            "eps_latest_yearly": 0,
            "eps_growth_yearly": 0
        },
        "20091": {
            "year_quarter": 20091,
            "year": 2009,
            "quarter": 1,
            "eps": -3.44,
            "eps_growth_year": null,
            "eps_4q": -14.43,
            "eps_4q_growth_year": null,
            "roe": -10.31,
            "roe_4q": -37.029999999999994,
            "gross_profit": -35226,
            "gross_margin": -52.59,
            "gross_margin_4q_avg": -43.68,
            "net_income": -69874,
            "net_income_4q": null,
            "revenue": 66979,
            "revenue_4q": null,
            "common_shares": 189254,
            "book_valuer_per_share": 33.08,
            "book_valuer_per_share_4q_avg": 38.34,
            "equity": 655497,
            "current_ratio": 83.73,
            "debt_ratio": 47.37,
            "inventory_turnover_ratio": 2.15,
            "account_receivable_turnover_ratio": 2.6,
            "reinvestment_rate": null,
            "research_to_sale_ratio": null,
            "price_fair": 0,
            "eps_avg_yearly": 0,
            "eps_latest_yearly": 0,
            "eps_growth_yearly": 0
        },
        "20092": {
            "year_quarter": 20092,
            "year": 2009,
            "quarter": 2,
            "eps": -5.21,
            "eps_growth_year": null,
            "eps_4q": -16.51,
            "eps_4q_growth_year": null,
            "roe": -17.1,
            "roe_4q": -47.26,
            "gross_profit": -65885,
            "gross_margin": -97.72,
            "gross_margin_4q_avg": -62.42,
            "net_income": -103417,
            "net_income_4q": null,
            "revenue": 67420,
            "revenue_4q": null,
            "common_shares": 189254,
            "book_valuer_per_share": 27.97,
            "book_valuer_per_share_4q_avg": 34.3,
            "equity": 554073,
            "current_ratio": 63.9,
            "debt_ratio": 51.2,
            "inventory_turnover_ratio": 2.9,
            "account_receivable_turnover_ratio": 1.42,
            "reinvestment_rate": null,
            "research_to_sale_ratio": null,
            "price_fair": 0,
            "eps_avg_yearly": 0,
            "eps_latest_yearly": 0,
            "eps_growth_yearly": 0
        },
        "20093": {
            "year_quarter": 20093,
            "year": 2009,
            "quarter": 3,
            "eps": -2.36,
            "eps_growth_year": null,
            "eps_4q": -14.4,
            "eps_4q_growth_year": null,
            "roe": -9.5,
            "roe_4q": -46.25,
            "gross_profit": -39143,
            "gross_margin": -31.42,
            "gross_margin_4q_avg": -54.4,
            "net_income": -51174,
            "net_income_4q": null,
            "revenue": 124578,
            "revenue_4q": null,
            "common_shares": 190082,
            "book_valuer_per_share": 25.7,
            "book_valuer_per_share_4q_avg": 30.78,
            "equity": 523128,
            "current_ratio": 73.5,
            "debt_ratio": 54.34,
            "inventory_turnover_ratio": 3.28,
            "account_receivable_turnover_ratio": 1.86,
            "reinvestment_rate": null,
            "research_to_sale_ratio": null,
            "price_fair": 0,
            "eps_avg_yearly": 0,
            "eps_latest_yearly": 0,
            "eps_growth_yearly": 0
        },
        "20094": {
            "year_quarter": 20094,
            "year": 2009,
            "quarter": 4,
            "eps": -3.17,
            "eps_growth_year": null,
            "eps_4q": -13.21,
            "eps_4q_growth_year": null,
            "roe": -12.99,
            "roe_4q": -49.900000000000006,
            "gross_profit": -20193,
            "gross_margin": -14.02,
            "gross_margin_4q_avg": -48.94,
            "net_income": -62802,
            "net_income_4q": null,
            "revenue": 144005,
            "revenue_4q": null,
            "common_shares": 367054,
            "book_valuer_per_share": 12.08,
            "book_valuer_per_share_4q_avg": 24.71,
            "equity": 443549,
            "current_ratio": 78.16,
            "debt_ratio": 57.63,
            "inventory_turnover_ratio": 3.04,
            "account_receivable_turnover_ratio": 1.46,
            "reinvestment_rate": null,
            "research_to_sale_ratio": null,
            "price_fair": 0,
            "eps_avg_yearly": 0,
            "eps_latest_yearly": 0,
            "eps_growth_yearly": 0
        },
        "20101": {
            "year_quarter": 20101,
            "year": 2010,
            "quarter": 1,
            "eps": -1.83,
            "eps_growth_year": null,
            "eps_4q": -7.17,
            "eps_4q_growth_year": null,
            "roe": -16.47,
            "roe_4q": -56.06,
            "gross_profit": -30286,
            "gross_margin": -25.87,
            "gross_margin_4q_avg": -42.26,
            "net_income": -68153,
            "net_income_4q": null,
            "revenue": 117085,
            "revenue_4q": null,
            "common_shares": 367054,
            "book_valuer_per_share": 4.27,
            "book_valuer_per_share_4q_avg": 17.51,
            "equity": 384027,
            "current_ratio": 62.88,
            "debt_ratio": 61.47,
            "inventory_turnover_ratio": 2.78,
            "account_receivable_turnover_ratio": 2.24,
            "reinvestment_rate": null,
            "research_to_sale_ratio": 4.27,
            "price_fair": 0,
            "eps_avg_yearly": 0,
            "eps_latest_yearly": 0,
            "eps_growth_yearly": 0
        },
        "20102": {
            "year_quarter": 20102,
            "year": 2010,
            "quarter": 2,
            "eps": -1.75,
            "eps_growth_year": null,
            "eps_4q": -6.38,
            "eps_4q_growth_year": null,
            "roe": -18.61,
            "roe_4q": -57.57,
            "gross_profit": -31295,
            "gross_margin": -27.07,
            "gross_margin_4q_avg": -24.6,
            "net_income": -65408,
            "net_income_4q": null,
            "revenue": 115627,
            "revenue_4q": null,
            "common_shares": 374100,
            "book_valuer_per_share": 3.55,
            "book_valuer_per_share_4q_avg": 11.4,
            "equity": 318793,
            "current_ratio": 54.09,
            "debt_ratio": 66.11,
            "inventory_turnover_ratio": 2.81,
            "account_receivable_turnover_ratio": 1.19,
            "reinvestment_rate": null,
            "research_to_sale_ratio": 4.62,
            "price_fair": 0,
            "eps_avg_yearly": 0,
            "eps_latest_yearly": 0,
            "eps_growth_yearly": 0
        },
        "20103": {
            "year_quarter": 20103,
            "year": 2010,
            "quarter": 3,
            "eps": -1.21,
            "eps_growth_year": null,
            "eps_4q": -4.61,
            "eps_4q_growth_year": null,
            "roe": -19.23,
            "roe_4q": -67.3,
            "gross_profit": -33356,
            "gross_margin": -26.05,
            "gross_margin_4q_avg": -23.25,
            "net_income": -69147,
            "net_income_4q": null,
            "revenue": 128070,
            "revenue_4q": null,
            "common_shares": 570900,
            "book_valuer_per_share": 3.65,
            "book_valuer_per_share_4q_avg": 5.89,
            "equity": 400209,
            "current_ratio": 105.2,
            "debt_ratio": 57.87,
            "inventory_turnover_ratio": 3.16,
            "account_receivable_turnover_ratio": 1.47,
            "reinvestment_rate": null,
            "research_to_sale_ratio": 4.65,
            "price_fair": 0,
            "eps_avg_yearly": 0,
            "eps_latest_yearly": 0,
            "eps_growth_yearly": 0
        },
        "20104": {
            "year_quarter": 20104,
            "year": 2010,
            "quarter": 4,
            "eps": -1.03,
            "eps_growth_year": null,
            "eps_4q": -4.58,
            "eps_4q_growth_year": null,
            "roe": -15.91,
            "roe_4q": -70.22,
            "gross_profit": -31283,
            "gross_margin": -27.52,
            "gross_margin_4q_avg": -26.63,
            "net_income": -59020,
            "net_income_4q": null,
            "revenue": 113668,
            "revenue_4q": null,
            "common_shares": 570900,
            "book_valuer_per_share": 3.12,
            "book_valuer_per_share_4q_avg": 3.65,
            "equity": 341837,
            "current_ratio": 86.06,
            "debt_ratio": 59.82,
            "inventory_turnover_ratio": 3.35,
            "account_receivable_turnover_ratio": 1.31,
            "reinvestment_rate": null,
            "research_to_sale_ratio": 5.34,
            "price_fair": 0,
            "eps_avg_yearly": 0,
            "eps_latest_yearly": 0,
            "eps_growth_yearly": 0
        },
        "20111": {
            "year_quarter": 20111,
            "year": 2011,
            "quarter": 1,
            "eps": -0.86,
            "eps_growth_year": null,
            "eps_4q": -4.25,
            "eps_4q_growth_year": null,
            "roe": -15.47,
            "roe_4q": -69.22,
            "gross_profit": -22026,
            "gross_margin": -23.17,
            "gross_margin_4q_avg": -25.95,
            "net_income": -49148,
            "net_income_4q": null,
            "revenue": 95055,
            "revenue_4q": null,
            "common_shares": 570900,
            "book_valuer_per_share": 2.68,
            "book_valuer_per_share_4q_avg": 3.25,
            "equity": 293658,
            "current_ratio": 61.94,
            "debt_ratio": 62.36,
            "inventory_turnover_ratio": 3.37,
            "account_receivable_turnover_ratio": 1.13,
            "reinvestment_rate": null,
            "research_to_sale_ratio": 4.92,
            "price_fair": 0,
            "eps_avg_yearly": 0,
            "eps_latest_yearly": 0,
            "eps_growth_yearly": 0
        },
        "20112": {
            "year_quarter": 20112,
            "year": 2011,
            "quarter": 2,
            "eps": -0.56,
            "eps_growth_year": null,
            "eps_4q": -3.66,
            "eps_4q_growth_year": null,
            "roe": -11.41,
            "roe_4q": -62.02000000000001,
            "gross_profit": -5323,
            "gross_margin": -4.35,
            "gross_margin_4q_avg": -20.27,
            "net_income": -31759,
            "net_income_4q": null,
            "revenue": 122425,
            "revenue_4q": null,
            "common_shares": 570900,
            "book_valuer_per_share": 2.4,
            "book_valuer_per_share_4q_avg": 2.96,
            "equity": 262878,
            "current_ratio": 57.88,
            "debt_ratio": 65.77,
            "inventory_turnover_ratio": 4.73,
            "account_receivable_turnover_ratio": 1.68,
            "reinvestment_rate": null,
            "research_to_sale_ratio": 4.88,
            "price_fair": 0,
            "eps_avg_yearly": 0,
            "eps_latest_yearly": 0,
            "eps_growth_yearly": 0
        },
        "20113": {
            "year_quarter": 20113,
            "year": 2011,
            "quarter": 3,
            "eps": -0.39,
            "eps_growth_year": null,
            "eps_4q": -2.84,
            "eps_4q_growth_year": null,
            "roe": -8.84,
            "roe_4q": -51.629999999999995,
            "gross_profit": 2468,
            "gross_margin": 2.13,
            "gross_margin_4q_avg": -13.23,
            "net_income": -22278,
            "net_income_4q": null,
            "revenue": 115642,
            "revenue_4q": null,
            "common_shares": 570900,
            "book_valuer_per_share": 2.2,
            "book_valuer_per_share_4q_avg": 2.6,
            "equity": 241270,
            "current_ratio": 53.15,
            "debt_ratio": 66.16,
            "inventory_turnover_ratio": 4.88,
            "account_receivable_turnover_ratio": 1.65,
            "reinvestment_rate": null,
            "research_to_sale_ratio": 5.04,
            "price_fair": 0,
            "eps_avg_yearly": 0,
            "eps_latest_yearly": 0,
            "eps_growth_yearly": 0
        },
        "20114": {
            "year_quarter": 20114,
            "year": 2011,
            "quarter": 4,
            "eps": -0.71,
            "eps_growth_year": null,
            "eps_4q": -2.52,
            "eps_4q_growth_year": null,
            "roe": -17.97,
            "roe_4q": -53.69,
            "gross_profit": -12526,
            "gross_margin": -14.43,
            "gross_margin_4q_avg": -9.96,
            "net_income": -40667,
            "net_income_4q": null,
            "revenue": 86821,
            "revenue_4q": null,
            "common_shares": 570900,
            "book_valuer_per_share": 1.93,
            "book_valuer_per_share_4q_avg": 2.3,
            "equity": 211223,
            "current_ratio": 87.52,
            "debt_ratio": 67.81,
            "inventory_turnover_ratio": 4.34,
            "account_receivable_turnover_ratio": 1.79,
            "reinvestment_rate": null,
            "research_to_sale_ratio": 5.72,
            "price_fair": 0,
            "eps_avg_yearly": 0,
            "eps_latest_yearly": 0,
            "eps_growth_yearly": 0
        },
        "20121": {
            "year_quarter": 20121,
            "year": 2012,
            "quarter": 1,
            "eps": -0.85,
            "eps_growth_year": null,
            "eps_4q": -2.51,
            "eps_4q_growth_year": null,
            "roe": -26.08,
            "roe_4q": -64.3,
            "gross_profit": -24308,
            "gross_margin": -31.81,
            "gross_margin_4q_avg": -12.12,
            "net_income": -48545,
            "net_income_4q": null,
            "revenue": 76405,
            "revenue_4q": null,
            "common_shares": 570900,
            "book_valuer_per_share": 1.47,
            "book_valuer_per_share_4q_avg": 2,
            "equity": 161005,
            "current_ratio": 74.54,
            "debt_ratio": 72.59,
            "inventory_turnover_ratio": 4.3,
            "account_receivable_turnover_ratio": 3.02,
            "reinvestment_rate": null,
            "research_to_sale_ratio": 8.09,
            "price_fair": 0,
            "eps_avg_yearly": 0,
            "eps_latest_yearly": 0,
            "eps_growth_yearly": 0
        },
        "20122": {
            "year_quarter": 20122,
            "year": 2012,
            "quarter": 2,
            "eps": -0.84,
            "eps_growth_year": null,
            "eps_4q": -2.79,
            "eps_4q_growth_year": null,
            "roe": -33.77,
            "roe_4q": -86.66,
            "gross_profit": -20381,
            "gross_margin": -23.06,
            "gross_margin_4q_avg": -16.79,
            "net_income": -47774,
            "net_income_4q": null,
            "revenue": 88399,
            "revenue_4q": null,
            "common_shares": 570900,
            "book_valuer_per_share": 1.11,
            "book_valuer_per_share_4q_avg": 1.68,
            "equity": 121972,
            "current_ratio": 71.78,
            "debt_ratio": 78.34,
            "inventory_turnover_ratio": 4.41,
            "account_receivable_turnover_ratio": 3.45,
            "reinvestment_rate": null,
            "research_to_sale_ratio": 7.37,
            "price_fair": 0,
            "eps_avg_yearly": 0,
            "eps_latest_yearly": 0,
            "eps_growth_yearly": 0
        },
        "20123": {
            "year_quarter": 20123,
            "year": 2012,
            "quarter": 3,
            "eps": -0.8,
            "eps_growth_year": null,
            "eps_4q": -3.2,
            "eps_4q_growth_year": null,
            "roe": -46.16,
            "roe_4q": -123.98,
            "gross_profit": -20599,
            "gross_margin": -21.96,
            "gross_margin_4q_avg": -22.82,
            "net_income": -45898,
            "net_income_4q": null,
            "revenue": 93812,
            "revenue_4q": null,
            "common_shares": 570900,
            "book_valuer_per_share": 0.7,
            "book_valuer_per_share_4q_avg": 1.3,
            "equity": 76894,
            "current_ratio": 66.58,
            "debt_ratio": 85.45,
            "inventory_turnover_ratio": 4.2,
            "account_receivable_turnover_ratio": 3.95,
            "reinvestment_rate": null,
            "research_to_sale_ratio": 7.65,
            "price_fair": 0,
            "eps_avg_yearly": 0,
            "eps_latest_yearly": 0,
            "eps_growth_yearly": 0
        },
        "20124": {
            "year_quarter": 20124,
            "year": 2012,
            "quarter": 4,
            "eps": -0.76,
            "eps_growth_year": null,
            "eps_4q": -3.25,
            "eps_4q_growth_year": null,
            "roe": -78.1,
            "roe_4q": -184.11,
            "gross_profit": -15735,
            "gross_margin": -14.96,
            "gross_margin_4q_avg": -22.95,
            "net_income": -43326,
            "net_income_4q": null,
            "revenue": 105180,
            "revenue_4q": null,
            "common_shares": 570900,
            "book_valuer_per_share": 0.31,
            "book_valuer_per_share_4q_avg": 0.9,
            "equity": 34054,
            "current_ratio": 55.92,
            "debt_ratio": 93.2,
            "inventory_turnover_ratio": 4.17,
            "account_receivable_turnover_ratio": 3.98,
            "reinvestment_rate": null,
            "research_to_sale_ratio": 6.02,
            "price_fair": 0,
            "eps_avg_yearly": 0,
            "eps_latest_yearly": 0,
            "eps_growth_yearly": 0
        },
        "20131": {
            "year_quarter": 20131,
            "year": 2013,
            "quarter": 1,
            "eps": -0.42,
            "eps_growth_year": null,
            "eps_4q": -2.43,
            "eps_4q_growth_year": null,
            "roe": -54.16,
            "roe_4q": -212.19,
            "gross_profit": -5300,
            "gross_margin": -6.09,
            "gross_margin_4q_avg": -16.52,
            "net_income": -24124,
            "net_income_4q": null,
            "revenue": 87068,
            "revenue_4q": null,
            "common_shares": 662900,
            "book_valuer_per_share": 0.46,
            "book_valuer_per_share_4q_avg": 0.65,
            "equity": 55032,
            "current_ratio": 41.18,
            "debt_ratio": 88.47,
            "inventory_turnover_ratio": 3.75,
            "account_receivable_turnover_ratio": 2.93,
            "reinvestment_rate": null,
            "research_to_sale_ratio": 5.9,
            "price_fair": 0,
            "eps_avg_yearly": 0,
            "eps_latest_yearly": 0,
            "eps_growth_yearly": 0
        },
        "20132": {
            "year_quarter": 20132,
            "year": 2013,
            "quarter": 2,
            "eps": -0.37,
            "eps_growth_year": null,
            "eps_4q": -2.08,
            "eps_4q_growth_year": null,
            "roe": -57.73,
            "roe_4q": -236.14999999999998,
            "gross_profit": -5000,
            "gross_margin": -6.05,
            "gross_margin_4q_avg": -12.27,
            "net_income": -24659,
            "net_income_4q": null,
            "revenue": 82705,
            "revenue_4q": null,
            "common_shares": 662900,
            "book_valuer_per_share": 0.26,
            "book_valuer_per_share_4q_avg": 0.43,
            "equity": 30404,
            "current_ratio": 33.84,
            "debt_ratio": 93.29,
            "inventory_turnover_ratio": 4.2,
            "account_receivable_turnover_ratio": 2.53,
            "reinvestment_rate": null,
            "research_to_sale_ratio": 5.04,
            "price_fair": 0,
            "eps_avg_yearly": 0,
            "eps_latest_yearly": 0,
            "eps_growth_yearly": 0
        },
        "20133": {
            "year_quarter": 20133,
            "year": 2013,
            "quarter": 3,
            "eps": 0.04,
            "eps_growth_year": null,
            "eps_4q": -1.35,
            "eps_4q_growth_year": null,
            "roe": 8.42,
            "roe_4q": -181.57,
            "gross_profit": -10055,
            "gross_margin": -12.61,
            "gross_margin_4q_avg": -9.93,
            "net_income": 2672,
            "net_income_4q": null,
            "revenue": 79716,
            "revenue_4q": null,
            "common_shares": 662900,
            "book_valuer_per_share": 0.28,
            "book_valuer_per_share_4q_avg": 0.33,
            "equity": 33076,
            "current_ratio": 22.3,
            "debt_ratio": 92.12,
            "inventory_turnover_ratio": 4.64,
            "account_receivable_turnover_ratio": 2.77,
            "reinvestment_rate": null,
            "research_to_sale_ratio": 4.81,
            "price_fair": 0,
            "eps_avg_yearly": 0,
            "eps_latest_yearly": 0,
            "eps_growth_yearly": 0
        },
        "20134": {
            "year_quarter": 20134,
            "year": 2013,
            "quarter": 4,
            "eps": -0.08,
            "eps_growth_year": null,
            "eps_4q": -0.77,
            "eps_4q_growth_year": null,
            "roe": -16.94,
            "roe_4q": -120.41,
            "gross_profit": -16979,
            "gross_margin": -27.41,
            "gross_margin_4q_avg": -13.04,
            "net_income": -5166,
            "net_income_4q": null,
            "revenue": 61944,
            "revenue_4q": null,
            "common_shares": 662900,
            "book_valuer_per_share": 0.23,
            "book_valuer_per_share_4q_avg": 0.31,
            "equity": 27910,
            "current_ratio": 89.24,
            "debt_ratio": 69.82,
            "inventory_turnover_ratio": 6.38,
            "account_receivable_turnover_ratio": 4.57,
            "reinvestment_rate": null,
            "research_to_sale_ratio": 4.41,
            "price_fair": 0,
            "eps_avg_yearly": 0,
            "eps_latest_yearly": 0,
            "eps_growth_yearly": 0
        },
        "20141": {
            "year_quarter": 20141,
            "year": 2014,
            "quarter": 1,
            "eps": 0.21,
            "eps_growth_year": null,
            "eps_4q": -0.2,
            "eps_4q_growth_year": null,
            "roe": 45.19,
            "roe_4q": -21.060000000000002,
            "gross_profit": 6769,
            "gross_margin": 36.38,
            "gross_margin_4q_avg": -2.42,
            "net_income": 13793,
            "net_income_4q": null,
            "revenue": 18607,
            "revenue_4q": null,
            "common_shares": 662900,
            "book_valuer_per_share": 0.28,
            "book_valuer_per_share_4q_avg": 0.26,
            "equity": 33134,
            "current_ratio": 104.3,
            "debt_ratio": 48.11,
            "inventory_turnover_ratio": 3.38,
            "account_receivable_turnover_ratio": 2.23,
            "reinvestment_rate": null,
            "research_to_sale_ratio": 0,
            "price_fair": 0,
            "eps_avg_yearly": 0,
            "eps_latest_yearly": 0,
            "eps_growth_yearly": 0
        },
        "20142": {
            "year_quarter": 20142,
            "year": 2014,
            "quarter": 2,
            "eps": 0.01,
            "eps_growth_year": null,
            "eps_4q": 0.18,
            "eps_4q_growth_year": null,
            "roe": 2.56,
            "roe_4q": 39.23,
            "gross_profit": 4668,
            "gross_margin": 54.54,
            "gross_margin_4q_avg": 12.73,
            "net_income": 859,
            "net_income_4q": null,
            "revenue": 8559,
            "revenue_4q": null,
            "common_shares": 662900,
            "book_valuer_per_share": 0.29,
            "book_valuer_per_share_4q_avg": 0.27,
            "equity": 33993,
            "current_ratio": 110.65,
            "debt_ratio": 37.6,
            "inventory_turnover_ratio": null,
            "account_receivable_turnover_ratio": 0.88,
            "reinvestment_rate": null,
            "research_to_sale_ratio": 0,
            "price_fair": 0.12,
            "eps_avg_yearly": 0.04,
            "eps_latest_yearly": 0.04,
            "eps_growth_yearly": -380.95
        },
        "20143": {
            "year_quarter": 20143,
            "year": 2014,
            "quarter": 3,
            "eps": -0.25,
            "eps_growth_year": -725,
            "eps_4q": 0.18,
            "eps_4q_growth_year": null,
            "roe": -3.64,
            "roe_4q": 27.169999999999998,
            "gross_profit": 1106,
            "gross_margin": 29.31,
            "gross_margin_4q_avg": 23.21,
            "net_income": -4617,
            "net_income_4q": null,
            "revenue": 3773,
            "revenue_4q": null,
            "common_shares": 269040,
            "book_valuer_per_share": 5.45,
            "book_valuer_per_share_4q_avg": 1.56,
            "equity": 219576,
            "current_ratio": 974.03,
            "debt_ratio": 8.82,
            "inventory_turnover_ratio": null,
            "account_receivable_turnover_ratio": 0.42,
            "reinvestment_rate": null,
            "research_to_sale_ratio": 0,
            "price_fair": 0.12,
            "eps_avg_yearly": 0.04,
            "eps_latest_yearly": 0.04,
            "eps_growth_yearly": -380.95
        },
        "20144": {
            "year_quarter": 20144,
            "year": 2014,
            "quarter": 4,
            "eps": 0.06,
            "eps_growth_year": null,
            "eps_4q": 0.26,
            "eps_4q_growth_year": null,
            "roe": 0.82,
            "roe_4q": 44.93,
            "gross_profit": 10398,
            "gross_margin": 75.33,
            "gross_margin_4q_avg": 48.89,
            "net_income": 3244,
            "net_income_4q": null,
            "revenue": 13803,
            "revenue_4q": null,
            "common_shares": 502949,
            "book_valuer_per_share": 11.39,
            "book_valuer_per_share_4q_avg": 4.35,
            "equity": 572820,
            "current_ratio": 5256.95,
            "debt_ratio": 1.79,
            "inventory_turnover_ratio": null,
            "account_receivable_turnover_ratio": 1.43,
            "reinvestment_rate": null,
            "research_to_sale_ratio": 0,
            "price_fair": 0.12,
            "eps_avg_yearly": 0.04,
            "eps_latest_yearly": 0.04,
            "eps_growth_yearly": -380.95
        },
        "20151": {
            "year_quarter": 20151,
            "year": 2015,
            "quarter": 1,
            "eps": 0.25,
            "eps_growth_year": 19.05,
            "eps_4q": 0.24,
            "eps_4q_growth_year": null,
            "roe": 2.2,
            "roe_4q": 1.94,
            "gross_profit": 20787,
            "gross_margin": 84.66,
            "gross_margin_4q_avg": 60.96,
            "net_income": 12729,
            "net_income_4q": null,
            "revenue": 24554,
            "revenue_4q": null,
            "common_shares": 502949,
            "book_valuer_per_share": 11.64,
            "book_valuer_per_share_4q_avg": 7.19,
            "equity": 585549,
            "current_ratio": 4055.38,
            "debt_ratio": 2.32,
            "inventory_turnover_ratio": null,
            "account_receivable_turnover_ratio": 1.39,
            "reinvestment_rate": null,
            "research_to_sale_ratio": null,
            "price_fair": 18.2,
            "eps_avg_yearly": 0.52,
            "eps_latest_yearly": 1,
            "eps_growth_yearly": 442.86
        },
        "20152": {
            "year_quarter": 20152,
            "year": 2015,
            "quarter": 2,
            "eps": 0.03,
            "eps_growth_year": 200,
            "eps_4q": 0.26,
            "eps_4q_growth_year": 40.41,
            "roe": 0.27,
            "roe_4q": -0.3500000000000001,
            "gross_profit": 9219,
            "gross_margin": 66.36,
            "gross_margin_4q_avg": 63.92,
            "net_income": 1596,
            "net_income_4q": null,
            "revenue": 13893,
            "revenue_4q": null,
            "common_shares": 502949,
            "book_valuer_per_share": 11.67,
            "book_valuer_per_share_4q_avg": 10.04,
            "equity": 587145,
            "current_ratio": 8805.05,
            "debt_ratio": 2.52,
            "inventory_turnover_ratio": null,
            "account_receivable_turnover_ratio": 0.67,
            "reinvestment_rate": null,
            "research_to_sale_ratio": null,
            "price_fair": 13.53,
            "eps_avg_yearly": 0.39,
            "eps_latest_yearly": 0.12,
            "eps_growth_yearly": 177.9
        },
        "20153": {
            "year_quarter": 20153,
            "year": 2015,
            "quarter": 3,
            "eps": -0.25,
            "eps_growth_year": null,
            "eps_4q": 0.1,
            "eps_4q_growth_year": -44.4,
            "roe": -2.15,
            "roe_4q": 1.1400000000000001,
            "gross_profit": 19880,
            "gross_margin": 17.73,
            "gross_margin_4q_avg": 61.02,
            "net_income": -12508,
            "net_income_4q": null,
            "revenue": 112142,
            "revenue_4q": null,
            "common_shares": 502949,
            "book_valuer_per_share": 11.43,
            "book_valuer_per_share_4q_avg": 11.53,
            "equity": 574637,
            "current_ratio": 23.37,
            "debt_ratio": 69.2,
            "inventory_turnover_ratio": null,
            "account_receivable_turnover_ratio": 2.89,
            "reinvestment_rate": null,
            "research_to_sale_ratio": null,
            "price_fair": 13.53,
            "eps_avg_yearly": 0.39,
            "eps_latest_yearly": 0.12,
            "eps_growth_yearly": 177.9
        },
        "20154": {
            "year_quarter": 20154,
            "year": 2015,
            "quarter": 4,
            "eps": -0.27,
            "eps_growth_year": -514.67,
            "eps_4q": -0.23,
            "eps_4q_growth_year": -187.62,
            "roe": -2.37,
            "roe_4q": -2.05,
            "gross_profit": 34951,
            "gross_margin": 20.62,
            "gross_margin_4q_avg": 47.34,
            "net_income": -13452,
            "net_income_4q": null,
            "revenue": 169474,
            "revenue_4q": null,
            "common_shares": 502949,
            "book_valuer_per_share": 11.16,
            "book_valuer_per_share_4q_avg": 11.48,
            "equity": 561185,
            "current_ratio": 14.42,
            "debt_ratio": 70.48,
            "inventory_turnover_ratio": null,
            "account_receivable_turnover_ratio": 3.03,
            "reinvestment_rate": null,
            "research_to_sale_ratio": null,
            "price_fair": 13.53,
            "eps_avg_yearly": 0.39,
            "eps_latest_yearly": 0.12,
            "eps_growth_yearly": 177.9
        },
        "20161": {
            "year_quarter": 20161,
            "year": 2016,
            "quarter": 1,
            "eps": -0.17,
            "eps_growth_year": -168,
            "eps_4q": -0.65,
            "eps_4q_growth_year": -368.28,
            "roe": -1.51,
            "roe_4q": -5.76,
            "gross_profit": 41093,
            "gross_margin": 23.04,
            "gross_margin_4q_avg": 31.94,
            "net_income": -8406,
            "net_income_4q": null,
            "revenue": 178354,
            "revenue_4q": null,
            "common_shares": 502949,
            "book_valuer_per_share": 10.99,
            "book_valuer_per_share_4q_avg": 11.31,
            "equity": 552779,
            "current_ratio": 17.04,
            "debt_ratio": 72.04,
            "inventory_turnover_ratio": null,
            "account_receivable_turnover_ratio": 2.96,
            "reinvestment_rate": null,
            "research_to_sale_ratio": null,
            "price_fair": 13.53,
            "eps_avg_yearly": 0.39,
            "eps_latest_yearly": 0.12,
            "eps_growth_yearly": 177.9
        },
        "20162": {
            "year_quarter": 20162,
            "year": 2016,
            "quarter": 2,
            "eps": -0.71,
            "eps_growth_year": -2466.67,
            "eps_4q": -1.4,
            "eps_4q_growth_year": -642,
            "roe": -6.7,
            "roe_4q": -12.730000000000002,
            "gross_profit": 17636,
            "gross_margin": 11.19,
            "gross_margin_4q_avg": 18.15,
            "net_income": -35834,
            "net_income_4q": null,
            "revenue": 157648,
            "revenue_4q": null,
            "common_shares": 502949,
            "book_valuer_per_share": 10.28,
            "book_valuer_per_share_4q_avg": 10.97,
            "equity": 516945,
            "current_ratio": 13.18,
            "debt_ratio": 73.33,
            "inventory_turnover_ratio": null,
            "account_receivable_turnover_ratio": 2.71,
            "reinvestment_rate": null,
            "research_to_sale_ratio": null,
            "price_fair": 13.53,
            "eps_avg_yearly": 0.39,
            "eps_latest_yearly": 0.12,
            "eps_growth_yearly": 177.9
        },
        "20163": {
            "year_quarter": 20163,
            "year": 2016,
            "quarter": 3,
            "eps": -0.38,
            "eps_growth_year": null,
            "eps_4q": -1.43,
            "eps_4q_growth_year": -1523.91,
            "roe": -3.4,
            "roe_4q": -13.98,
            "gross_profit": 12771,
            "gross_margin": 6.78,
            "gross_margin_4q_avg": 15.41,
            "net_income": -19347,
            "net_income_4q": null,
            "revenue": 188409,
            "revenue_4q": null,
            "common_shares": 537669,
            "book_valuer_per_share": 11.58,
            "book_valuer_per_share_4q_avg": 11,
            "equity": 622590,
            "current_ratio": 18.82,
            "debt_ratio": 68.67,
            "inventory_turnover_ratio": null,
            "account_receivable_turnover_ratio": 2.99,
            "reinvestment_rate": null,
            "research_to_sale_ratio": null,
            "price_fair": 13.53,
            "eps_avg_yearly": 0.39,
            "eps_latest_yearly": 0.12,
            "eps_growth_yearly": 177.9
        },
        "20164": {
            "year_quarter": 20164,
            "year": 2016,
            "quarter": 4,
            "eps": -0.8,
            "eps_growth_year": null,
            "eps_4q": -1.98,
            "eps_4q_growth_year": null,
            "roe": -7.14,
            "roe_4q": -18.75,
            "gross_profit": 43341,
            "gross_margin": 18.11,
            "gross_margin_4q_avg": 14.78,
            "net_income": -42919,
            "net_income_4q": null,
            "revenue": 239297,
            "revenue_4q": null,
            "common_shares": 537669,
            "book_valuer_per_share": 10.78,
            "book_valuer_per_share_4q_avg": 10.91,
            "equity": 579671,
            "current_ratio": 20.3,
            "debt_ratio": 70.81,
            "inventory_turnover_ratio": null,
            "account_receivable_turnover_ratio": 3.19,
            "reinvestment_rate": null,
            "research_to_sale_ratio": null,
            "price_fair": 13.53,
            "eps_avg_yearly": 0.39,
            "eps_latest_yearly": 0.12,
            "eps_growth_yearly": 177.9
        },
        "20171": {
            "year_quarter": 20171,
            "year": 2017,
            "quarter": 1,
            "eps": 0.12,
            "eps_growth_year": null,
            "eps_4q": -1.11,
            "eps_4q_growth_year": null,
            "roe": 1,
            "roe_4q": -16.24,
            "gross_profit": 36779,
            "gross_margin": 14.33,
            "gross_margin_4q_avg": 12.6,
            "net_income": 8560,
            "net_income_4q": null,
            "revenue": 256657,
            "revenue_4q": null,
            "common_shares": 806339,
            "book_valuer_per_share": 13.98,
            "book_valuer_per_share_4q_avg": 11.66,
            "equity": 1127183,
            "current_ratio": 30.84,
            "debt_ratio": 49.38,
            "inventory_turnover_ratio": null,
            "account_receivable_turnover_ratio": 3.09,
            "reinvestment_rate": null,
            "research_to_sale_ratio": null,
            "price_fair": 13.53,
            "eps_avg_yearly": 0.39,
            "eps_latest_yearly": 0.12,
            "eps_growth_yearly": 177.9
        },
        "20172": {
            "year_quarter": 20172,
            "year": 2017,
            "quarter": 2,
            "eps": -0.03,
            "eps_growth_year": null,
            "eps_4q": -0.51,
            "eps_4q_growth_year": null,
            "roe": -0.16,
            "roe_4q": -9.7,
            "gross_profit": 18822,
            "gross_margin": 7.57,
            "gross_margin_4q_avg": 11.7,
            "net_income": -2297,
            "net_income_4q": null,
            "revenue": 248492,
            "revenue_4q": null,
            "common_shares": 1097283,
            "book_valuer_per_share": 15.57,
            "book_valuer_per_share_4q_avg": 12.98,
            "equity": 1707939,
            "current_ratio": 70.89,
            "debt_ratio": 29.38,
            "inventory_turnover_ratio": null,
            "account_receivable_turnover_ratio": 3.25,
            "reinvestment_rate": null,
            "research_to_sale_ratio": null,
            "price_fair": 13.53,
            "eps_avg_yearly": 0.39,
            "eps_latest_yearly": 0.12,
            "eps_growth_yearly": 177.9
        },
        "20173": {
            "year_quarter": 20173,
            "year": 2017,
            "quarter": 3,
            "eps": 0.08,
            "eps_growth_year": null,
            "eps_4q": -0.25,
            "eps_4q_growth_year": null,
            "roe": 0.54,
            "roe_4q": -5.76,
            "gross_profit": 33810,
            "gross_margin": 12.42,
            "gross_margin_4q_avg": 13.11,
            "net_income": 9215,
            "net_income_4q": null,
            "revenue": 272257,
            "revenue_4q": null,
            "common_shares": 1097283,
            "book_valuer_per_share": 15.65,
            "book_valuer_per_share_4q_avg": 14,
            "equity": 1717154,
            "current_ratio": 76.93,
            "debt_ratio": 28.41,
            "inventory_turnover_ratio": null,
            "account_receivable_turnover_ratio": 3.87,
            "reinvestment_rate": null,
            "research_to_sale_ratio": null,
            "price_fair": 13.53,
            "eps_avg_yearly": 0.39,
            "eps_latest_yearly": 0.12,
            "eps_growth_yearly": 177.9
        },
        "20174": {
            "year_quarter": 20174,
            "year": 2017,
            "quarter": 4,
            "eps": 0.3,
            "eps_growth_year": null,
            "eps_4q": 0.44,
            "eps_4q_growth_year": null,
            "roe": 1.9,
            "roe_4q": 3.28,
            "gross_profit": 115548,
            "gross_margin": 36.3,
            "gross_margin_4q_avg": 17.66,
            "net_income": 32963,
            "net_income_4q": null,
            "revenue": 318325,
            "revenue_4q": null,
            "common_shares": 1097283,
            "book_valuer_per_share": 15.95,
            "book_valuer_per_share_4q_avg": 15.29,
            "equity": 1750117,
            "current_ratio": 88.01,
            "debt_ratio": 29.13,
            "inventory_turnover_ratio": null,
            "account_receivable_turnover_ratio": 3.72,
            "reinvestment_rate": null,
            "research_to_sale_ratio": null,
            "price_fair": 20.65,
            "eps_avg_yearly": 0.59,
            "eps_latest_yearly": 1.2,
            "eps_growth_yearly": 408.43
        },
        "20181": {
            "year_quarter": 20181,
            "year": 2018,
            "quarter": 1,
            "eps": 0.23,
            "eps_growth_year": 91.67,
            "eps_4q": 0.59,
            "eps_4q_growth_year": null,
            "roe": 1.42,
            "roe_4q": 3.6999999999999997,
            "gross_profit": 57466,
            "gross_margin": 19.91,
            "gross_margin_4q_avg": 19.05,
            "net_income": 24954,
            "net_income_4q": null,
            "revenue": 288570,
            "revenue_4q": null,
            "common_shares": 1097283,
            "book_valuer_per_share": 16.18,
            "book_valuer_per_share_4q_avg": 15.84,
            "equity": 1775071,
            "current_ratio": 84.4,
            "debt_ratio": 29.47,
            "inventory_turnover_ratio": null,
            "account_receivable_turnover_ratio": 3.33,
            "reinvestment_rate": null,
            "research_to_sale_ratio": null,
            "price_fair": 22.96,
            "eps_avg_yearly": 0.66,
            "eps_latest_yearly": 0.92,
            "eps_growth_yearly": 308.08
        },
        "20182": {
            "year_quarter": 20182,
            "year": 2018,
            "quarter": 2,
            "eps": -0.1,
            "eps_growth_year": null,
            "eps_4q": 0.51,
            "eps_4q_growth_year": null,
            "roe": -0.63,
            "roe_4q": 3.23,
            "gross_profit": 34475,
            "gross_margin": 12.93,
            "gross_margin_4q_avg": 20.39,
            "net_income": -11220,
            "net_income_4q": null,
            "revenue": 266620,
            "revenue_4q": null,
            "common_shares": 1097283,
            "book_valuer_per_share": 16.07,
            "book_valuer_per_share_4q_avg": 15.96,
            "equity": 1763851,
            "current_ratio": 85.81,
            "debt_ratio": 27.17,
            "inventory_turnover_ratio": null,
            "account_receivable_turnover_ratio": 3.71,
            "reinvestment_rate": null,
            "research_to_sale_ratio": null,
            "price_fair": 28.35,
            "eps_avg_yearly": 0.81,
            "eps_latest_yearly": 0.92,
            "eps_growth_yearly": 480.33
        },
        "20183": {
            "year_quarter": 20183,
            "year": 2018,
            "quarter": 3,
            "eps": 0.03,
            "eps_growth_year": -62.5,
            "eps_4q": 0.46,
            "eps_4q_growth_year": null,
            "roe": 0.19,
            "roe_4q": 2.88,
            "gross_profit": 43198,
            "gross_margin": 15.26,
            "gross_margin_4q_avg": 21.1,
            "net_income": 3441,
            "net_income_4q": null,
            "revenue": 283056,
            "revenue_4q": null,
            "common_shares": 1097283,
            "book_valuer_per_share": 16.11,
            "book_valuer_per_share_4q_avg": 16.08,
            "equity": 1767292,
            "current_ratio": 93.3,
            "debt_ratio": 27.25,
            "inventory_turnover_ratio": null,
            "account_receivable_turnover_ratio": 3.98,
            "reinvestment_rate": null,
            "research_to_sale_ratio": null,
            "price_fair": 28.35,
            "eps_avg_yearly": 0.81,
            "eps_latest_yearly": 0.92,
            "eps_growth_yearly": 480.33
        },
        "20184": {
            "year_quarter": 20184,
            "year": 2018,
            "quarter": 4,
            "eps": 0.22,
            "eps_growth_year": -28.36,
            "eps_4q": 0.37,
            "eps_4q_growth_year": -15.79,
            "roe": 1.33,
            "roe_4q": 2.31,
            "gross_profit": 86111,
            "gross_margin": 26.62,
            "gross_margin_4q_avg": 18.68,
            "net_income": 23615,
            "net_income_4q": null,
            "revenue": 323540,
            "revenue_4q": null,
            "common_shares": 1097283,
            "book_valuer_per_share": 16.32,
            "book_valuer_per_share_4q_avg": 16.17,
            "equity": 1790907,
            "current_ratio": 104.94,
            "debt_ratio": 27.72,
            "inventory_turnover_ratio": null,
            "account_receivable_turnover_ratio": 3.81,
            "reinvestment_rate": null,
            "research_to_sale_ratio": null,
            "price_fair": 28.84,
            "eps_avg_yearly": 0.82,
            "eps_latest_yearly": 0.88,
            "eps_growth_yearly": 890.93
        },
        "20191": {
            "year_quarter": 20191,
            "year": 2019,
            "quarter": 1,
            "eps": 0.11,
            "eps_growth_year": -52.17,
            "eps_4q": 0.26,
            "eps_4q_growth_year": -56.65,
            "roe": 0.71,
            "roe_4q": 1.6,
            "gross_profit": 83252,
            "gross_margin": 27.87,
            "gross_margin_4q_avg": 20.67,
            "net_income": 12269,
            "net_income_4q": null,
            "revenue": 298758,
            "revenue_4q": null,
            "common_shares": 1097283,
            "book_valuer_per_share": 15.16,
            "book_valuer_per_share_4q_avg": 15.92,
            "equity": 1663082,
            "current_ratio": 68.98,
            "debt_ratio": 72.05,
            "inventory_turnover_ratio": null,
            "account_receivable_turnover_ratio": 3.42,
            "reinvestment_rate": null,
            "research_to_sale_ratio": null,
            "price_fair": 24.92,
            "eps_avg_yearly": 0.71,
            "eps_latest_yearly": 0.44,
            "eps_growth_yearly": 597.6
        },
        "20192": {
            "year_quarter": 20192,
            "year": 2019,
            "quarter": 2,
            "eps": -0.02,
            "eps_growth_year": null,
            "eps_4q": 0.33,
            "eps_4q_growth_year": -34.33,
            "roe": -0.16,
            "roe_4q": 2.07,
            "gross_profit": 66800,
            "gross_margin": 22.98,
            "gross_margin_4q_avg": 23.18,
            "net_income": -2606,
            "net_income_4q": null,
            "revenue": 290683,
            "revenue_4q": null,
            "common_shares": 1097283,
            "book_valuer_per_share": 15.13,
            "book_valuer_per_share_4q_avg": 15.68,
            "equity": 1660476,
            "current_ratio": 71.46,
            "debt_ratio": 71.59,
            "inventory_turnover_ratio": null,
            "account_receivable_turnover_ratio": 3.85,
            "reinvestment_rate": null,
            "research_to_sale_ratio": null,
            "price_fair": 30.1,
            "eps_avg_yearly": 0.86,
            "eps_latest_yearly": 0.44,
            "eps_growth_yearly": 835
        },
        "20193": {
            "year_quarter": 20193,
            "year": 2019,
            "quarter": 3,
            "eps": -0.01,
            "eps_growth_year": -133.33,
            "eps_4q": 0.29,
            "eps_4q_growth_year": -35.69,
            "roe": -0.06,
            "roe_4q": 1.82,
            "gross_profit": 68163,
            "gross_margin": 22.95,
            "gross_margin_4q_avg": 25.11,
            "net_income": -1034,
            "net_income_4q": null,
            "revenue": 297067,
            "revenue_4q": null,
            "common_shares": 1097283,
            "book_valuer_per_share": 15.12,
            "book_valuer_per_share_4q_avg": 15.43,
            "equity": 1659444,
            "current_ratio": 72.39,
            "debt_ratio": 71.7,
            "inventory_turnover_ratio": null,
            "account_receivable_turnover_ratio": 3.95,
            "reinvestment_rate": null,
            "research_to_sale_ratio": null,
            "price_fair": 30.1,
            "eps_avg_yearly": 0.86,
            "eps_latest_yearly": 0.44,
            "eps_growth_yearly": 835
        },
        "20194": {
            "year_quarter": 20194,
            "year": 2019,
            "quarter": 4,
            "eps": 0.47,
            "eps_growth_year": 117.46,
            "eps_4q": 0.55,
            "eps_4q_growth_year": 47.05,
            "roe": 3.05,
            "roe_4q": 3.5399999999999996,
            "gross_profit": 110182,
            "gross_margin": 33.15,
            "gross_margin_4q_avg": 26.74,
            "net_income": 51352,
            "net_income_4q": null,
            "revenue": 332363,
            "revenue_4q": null,
            "common_shares": 1097283,
            "book_valuer_per_share": 15.59,
            "book_valuer_per_share_4q_avg": 15.25,
            "equity": 1710796,
            "current_ratio": 78.79,
            "debt_ratio": 70.65,
            "inventory_turnover_ratio": null,
            "account_receivable_turnover_ratio": 3.87,
            "reinvestment_rate": 338.47,
            "research_to_sale_ratio": null,
            "price_fair": 30.1,
            "eps_avg_yearly": 0.86,
            "eps_latest_yearly": 0.44,
            "eps_growth_yearly": 835
        },
        "20201": {
            "year_quarter": 20201,
            "year": 2020,
            "quarter": 1,
            "eps": -4.93,
            "eps_growth_year": -4581.82,
            "eps_4q": -4.5,
            "eps_4q_growth_year": -1856.66,
            "roe": -37.6,
            "roe_4q": -34.77,
            "gross_profit": -49320,
            "gross_margin": -29.12,
            "gross_margin_4q_avg": 12.49,
            "net_income": -541421,
            "net_income_4q": null,
            "revenue": 169389,
            "revenue_4q": null,
            "common_shares": 1097283,
            "book_valuer_per_share": 10.66,
            "book_valuer_per_share_4q_avg": 14.13,
            "equity": 1169375,
            "current_ratio": 66.98,
            "debt_ratio": 77.81,
            "inventory_turnover_ratio": null,
            "account_receivable_turnover_ratio": 2.98,
            "reinvestment_rate": null,
            "research_to_sale_ratio": null,
            "price_fair": 30.1,
            "eps_avg_yearly": 0.86,
            "eps_latest_yearly": 0.44,
            "eps_growth_yearly": 835
        },
        "20202": {
            "year_quarter": 20202,
            "year": 2020,
            "quarter": 2,
            "eps": -1.65,
            "eps_growth_year": null,
            "eps_4q": -6.13,
            "eps_4q_growth_year": -1931.59,
            "roe": -16.82,
            "roe_4q": -51.43000000000001,
            "gross_profit": -111016,
            "gross_margin": -227.52,
            "gross_margin_4q_avg": -50.14,
            "net_income": -181439,
            "net_income_4q": null,
            "revenue": 48795,
            "revenue_4q": null,
            "common_shares": 1097283,
            "book_valuer_per_share": 9,
            "book_valuer_per_share_4q_avg": 12.59,
            "equity": 987936,
            "current_ratio": 54.73,
            "debt_ratio": 79.43,
            "inventory_turnover_ratio": null,
            "account_receivable_turnover_ratio": 2.83,
            "reinvestment_rate": null,
            "research_to_sale_ratio": null,
            "price_fair": 30.1,
            "eps_avg_yearly": 0.86,
            "eps_latest_yearly": 0.44,
            "eps_growth_yearly": 835
        },
        "20203": {
            "year_quarter": 20203,
            "year": 2020,
            "quarter": 3,
            "eps": -0.65,
            "eps_growth_year": null,
            "eps_4q": -6.77,
            "eps_4q_growth_year": -2403.62,
            "roe": -7.48,
            "roe_4q": -58.85000000000001,
            "gross_profit": -46569,
            "gross_margin": -43.65,
            "gross_margin_4q_avg": -66.79,
            "net_income": -71271,
            "net_income_4q": null,
            "revenue": 106694,
            "revenue_4q": null,
            "common_shares": 1097283,
            "book_valuer_per_share": 8.35,
            "book_valuer_per_share_4q_avg": 10.9,
            "equity": 916665,
            "current_ratio": 49.87,
            "debt_ratio": 79.54,
            "inventory_turnover_ratio": null,
            "account_receivable_turnover_ratio": 11.16,
            "reinvestment_rate": null,
            "research_to_sale_ratio": null,
            "price_fair": 30.1,
            "eps_avg_yearly": 0.86,
            "eps_latest_yearly": 0.44,
            "eps_growth_yearly": 835
        },
        "20204": {
            "year_quarter": 20204,
            "year": 2020,
            "quarter": 4,
            "eps": -0.58,
            "eps_growth_year": -224.04,
            "eps_4q": -7.82,
            "eps_4q_growth_year": -1530.16,
            "roe": -7.2,
            "roe_4q": -69.1,
            "gross_profit": -28510,
            "gross_margin": -24.5,
            "gross_margin_4q_avg": -81.2,
            "net_income": -63696,
            "net_income_4q": null,
            "revenue": 116364,
            "revenue_4q": null,
            "common_shares": 1097283,
            "book_valuer_per_share": 7.77,
            "book_valuer_per_share_4q_avg": 8.95,
            "equity": 852969,
            "current_ratio": 45.06,
            "debt_ratio": 80.32,
            "inventory_turnover_ratio": null,
            "account_receivable_turnover_ratio": 6.69,
            "reinvestment_rate": null,
            "research_to_sale_ratio": null,
            "price_fair": 30.1,
            "eps_avg_yearly": 0.86,
            "eps_latest_yearly": 0.44,
            "eps_growth_yearly": 835
        },
        "20211": {
            "year_quarter": 20211,
            "year": 2021,
            "quarter": 1,
            "eps": -0.79,
            "eps_growth_year": null,
            "eps_4q": -3.67,
            "eps_4q_growth_year": null,
            "roe": -10.72,
            "roe_4q": -42.22,
            "gross_profit": -50280,
            "gross_margin": -50.29,
            "gross_margin_4q_avg": -86.49,
            "net_income": -86787,
            "net_income_4q": null,
            "revenue": 99977,
            "revenue_4q": null,
            "common_shares": 1097283,
            "book_valuer_per_share": 6.98,
            "book_valuer_per_share_4q_avg": 8.03,
            "equity": 766182,
            "current_ratio": 37.58,
            "debt_ratio": 81.57,
            "inventory_turnover_ratio": null,
            "account_receivable_turnover_ratio": 6.25,
            "reinvestment_rate": null,
            "research_to_sale_ratio": null,
            "price_fair": 30.1,
            "eps_avg_yearly": 0.86,
            "eps_latest_yearly": 0.44,
            "eps_growth_yearly": 835
        },
        "20212": {
            "year_quarter": 20212,
            "year": 2021,
            "quarter": 2,
            "eps": -0.92,
            "eps_growth_year": null,
            "eps_4q": -2.94,
            "eps_4q_growth_year": null,
            "roe": -14.02,
            "roe_4q": -39.42,
            "gross_profit": -71419,
            "gross_margin": -96.41,
            "gross_margin_4q_avg": -53.71,
            "net_income": -100404,
            "net_income_4q": null,
            "revenue": 74075,
            "revenue_4q": null,
            "common_shares": 1097283,
            "book_valuer_per_share": 6.07,
            "book_valuer_per_share_4q_avg": 7.29,
            "equity": 665778,
            "current_ratio": 32.86,
            "debt_ratio": 83.41,
            "inventory_turnover_ratio": null,
            "account_receivable_turnover_ratio": 8.44,
            "reinvestment_rate": null,
            "research_to_sale_ratio": null,
            "price_fair": 30.1,
            "eps_avg_yearly": 0.86,
            "eps_latest_yearly": 0.44,
            "eps_growth_yearly": 835
        },
        "20213": {
            "year_quarter": 20213,
            "year": 2021,
            "quarter": 3,
            "eps": -0.76,
            "eps_growth_year": null,
            "eps_4q": -3.04,
            "eps_4q_growth_year": null,
            "roe": -13.3,
            "roe_4q": -45.24,
            "gross_profit": -55544,
            "gross_margin": -65.89,
            "gross_margin_4q_avg": -59.27,
            "net_income": -83028,
            "net_income_4q": null,
            "revenue": 84295,
            "revenue_4q": null,
            "common_shares": 1097283,
            "book_valuer_per_share": 5.31,
            "book_valuer_per_share_4q_avg": 6.53,
            "equity": 582750,
            "current_ratio": 26.77,
            "debt_ratio": 84.86,
            "inventory_turnover_ratio": null,
            "account_receivable_turnover_ratio": 5.96,
            "reinvestment_rate": null,
            "research_to_sale_ratio": null,
            "price_fair": 30.1,
            "eps_avg_yearly": 0.86,
            "eps_latest_yearly": 0.44,
            "eps_growth_yearly": 835
        },
        "20214": {
            "year_quarter": 20214,
            "year": 2021,
            "quarter": 4,
            "eps": -0.84,
            "eps_growth_year": null,
            "eps_4q": -3.3,
            "eps_4q_growth_year": null,
            "roe": -17.19,
            "roe_4q": -55.230000000000004,
            "gross_profit": -14796,
            "gross_margin": -11.1,
            "gross_margin_4q_avg": -55.92,
            "net_income": -92262,
            "net_income_4q": null,
            "revenue": 133317,
            "revenue_4q": null,
            "common_shares": 1097283,
            "book_valuer_per_share": 4.47,
            "book_valuer_per_share_4q_avg": 5.71,
            "equity": 490488,
            "current_ratio": 31.62,
            "debt_ratio": 86.85,
            "inventory_turnover_ratio": null,
            "account_receivable_turnover_ratio": 6.59,
            "reinvestment_rate": null,
            "research_to_sale_ratio": null,
            "price_fair": 26.13,
            "eps_avg_yearly": 0.75,
            "eps_latest_yearly": 0.44,
            "eps_growth_yearly": 746.67
        },
        "20221": {
            "year_quarter": 20221,
            "year": 2022,
            "quarter": 1,
            "eps": -0.54,
            "eps_growth_year": null,
            "eps_4q": -3.06,
            "eps_4q_growth_year": null,
            "roe": -12.93,
            "roe_4q": -57.44,
            "gross_profit": -26570,
            "gross_margin": -20.74,
            "gross_margin_4q_avg": -48.54,
            "net_income": -59557,
            "net_income_4q": null,
            "revenue": 128129,
            "revenue_4q": null,
            "common_shares": 1097283,
            "book_valuer_per_share": 3.93,
            "book_valuer_per_share_4q_avg": 4.95,
            "equity": 430931,
            "current_ratio": 26.47,
            "debt_ratio": 87.95,
            "inventory_turnover_ratio": null,
            "account_receivable_turnover_ratio": 6.9,
            "reinvestment_rate": null,
            "research_to_sale_ratio": null,
            "price_fair": 23.1,
            "eps_avg_yearly": 0.66,
            "eps_latest_yearly": 0.44,
            "eps_growth_yearly": 1166.67
        },
        "20222": {
            "year_quarter": 20222,
            "year": 2022,
            "quarter": 2,
            "eps": -0.66,
            "eps_growth_year": null,
            "eps_4q": -2.8,
            "eps_4q_growth_year": null,
            "roe": -18.23,
            "roe_4q": -61.650000000000006,
            "gross_profit": -42863,
            "gross_margin": -38.09,
            "gross_margin_4q_avg": -33.96,
            "net_income": -72010,
            "net_income_4q": null,
            "revenue": 112543,
            "revenue_4q": null,
            "common_shares": 1097283,
            "book_valuer_per_share": 3.27,
            "book_valuer_per_share_4q_avg": 4.25,
            "equity": 358921,
            "current_ratio": 23.58,
            "debt_ratio": 89.45,
            "inventory_turnover_ratio": null,
            "account_receivable_turnover_ratio": 7.21,
            "reinvestment_rate": null,
            "research_to_sale_ratio": null,
            "price_fair": 23.1,
            "eps_avg_yearly": 0.66,
            "eps_latest_yearly": 0.44,
            "eps_growth_yearly": 1166.67
        },
        "20223": {
            "year_quarter": 20223,
            "year": 2022,
            "quarter": 3,
            "eps": -0.53,
            "eps_growth_year": null,
            "eps_4q": -2.57,
            "eps_4q_growth_year": null,
            "roe": -17.71,
            "roe_4q": -66.06,
            "gross_profit": -28238,
            "gross_margin": -20.46,
            "gross_margin_4q_avg": -22.6,
            "net_income": -58383,
            "net_income_4q": null,
            "revenue": 138049,
            "revenue_4q": null,
            "common_shares": 1097283,
            "book_valuer_per_share": 2.74,
            "book_valuer_per_share_4q_avg": 3.6,
            "equity": 300538,
            "current_ratio": 36.27,
            "debt_ratio": 91.15,
            "inventory_turnover_ratio": null,
            "account_receivable_turnover_ratio": 8.89,
            "reinvestment_rate": null,
            "research_to_sale_ratio": null,
            "price_fair": 23.1,
            "eps_avg_yearly": 0.66,
            "eps_latest_yearly": 0.44,
            "eps_growth_yearly": 1166.67
        },
        "20224": {
            "year_quarter": 20224,
            "year": 2022,
            "quarter": 4,
            "eps": -1.62,
            "eps_growth_year": null,
            "eps_4q": -10.28,
            "eps_4q_growth_year": null,
            "roe": -12.58,
            "roe_4q": -61.449999999999996,
            "gross_profit": 3893,
            "gross_margin": 2.32,
            "gross_margin_4q_avg": -19.24,
            "net_income": -35574,
            "net_income_4q": null,
            "revenue": 167558,
            "revenue_4q": null,
            "common_shares": 219457,
            "book_valuer_per_share": 12.07,
            "book_valuer_per_share_4q_avg": 5.5,
            "equity": 264964,
            "current_ratio": 35.12,
            "debt_ratio": 91.93,
            "inventory_turnover_ratio": null,
            "account_receivable_turnover_ratio": 8.61,
            "reinvestment_rate": null,
            "research_to_sale_ratio": null,
            "price_fair": 1.32,
            "eps_avg_yearly": 0.44,
            "eps_latest_yearly": 0.44,
            "eps_growth_yearly": -200
        },
        "20231": {
            "year_quarter": 20231,
            "year": 2023,
            "quarter": 1,
            "eps": -0.89,
            "eps_growth_year": null,
            "eps_4q": -8.46,
            "eps_4q_growth_year": null,
            "roe": -7.69,
            "roe_4q": -56.21000000000001,
            "gross_profit": 27780,
            "gross_margin": 14.17,
            "gross_margin_4q_avg": -10.52,
            "net_income": -19628,
            "net_income_4q": null,
            "revenue": 196108,
            "revenue_4q": null,
            "common_shares": 219457,
            "book_valuer_per_share": 11.18,
            "book_valuer_per_share_4q_avg": 7.32,
            "equity": 245336,
            "current_ratio": 34.52,
            "debt_ratio": 92.25,
            "inventory_turnover_ratio": null,
            "account_receivable_turnover_ratio": 10.27,
            "reinvestment_rate": null,
            "research_to_sale_ratio": null,
            "price_fair": 0,
            "eps_avg_yearly": 0,
            "eps_latest_yearly": 0,
            "eps_growth_yearly": 0
        },
        "20232": {
            "year_quarter": 20232,
            "year": 2023,
            "quarter": 2,
            "eps": 0.46,
            "eps_growth_year": null,
            "eps_4q": -4.71,
            "eps_4q_growth_year": null,
            "roe": 4.05,
            "roe_4q": -33.93,
            "gross_profit": 61608,
            "gross_margin": 25.86,
            "gross_margin_4q_avg": 5.47,
            "net_income": 10138,
            "net_income_4q": null,
            "revenue": 238223,
            "revenue_4q": null,
            "common_shares": 219457,
            "book_valuer_per_share": 11.64,
            "book_valuer_per_share_4q_avg": 9.41,
            "equity": 255474,
            "current_ratio": 35.59,
            "debt_ratio": 91.68,
            "inventory_turnover_ratio": null,
            "account_receivable_turnover_ratio": 13.16,
            "reinvestment_rate": null,
            "research_to_sale_ratio": null,
            "price_fair": 0,
            "eps_avg_yearly": 0,
            "eps_latest_yearly": 0,
            "eps_growth_yearly": 0
        },
        "20233": {
            "year_quarter": 20233,
            "year": 2023,
            "quarter": 3,
            "eps": 0.63,
            "eps_growth_year": null,
            "eps_4q": -1.42,
            "eps_4q_growth_year": null,
            "roe": 5.28,
            "roe_4q": -10.940000000000001,
            "gross_profit": 57481,
            "gross_margin": 23.7,
            "gross_margin_4q_avg": 16.51,
            "net_income": 13868,
            "net_income_4q": null,
            "revenue": 242556,
            "revenue_4q": null,
            "common_shares": 219457,
            "book_valuer_per_share": 12.27,
            "book_valuer_per_share_4q_avg": 11.79,
            "equity": 269342,
            "current_ratio": 37.74,
            "debt_ratio": 91.29,
            "inventory_turnover_ratio": null,
            "account_receivable_turnover_ratio": 8.78,
            "reinvestment_rate": null,
            "research_to_sale_ratio": null,
            "price_fair": 88.2,
            "eps_avg_yearly": 2.52,
            "eps_latest_yearly": 2.52,
            "eps_growth_yearly": 147.83
        }
    },
    "months": {
        "2003-09": {
            "month": "2003-09",
            "price": "9.00",
            "revenue": 15160
        },
        "2003-10": {
            "month": "2003-10",
            "price": "9.02",
            "revenue": 33742
        },
        "2003-11": {
            "month": "2003-11",
            "price": "8.92",
            "revenue": 32182
        },
        "2003-12": {
            "month": "2003-12",
            "price": "10.17",
            "revenue": 38241
        },
        "2004-01": {
            "month": "2004-01",
            "price": "11.30",
            "revenue": 12206
        },
        "2004-02": {
            "month": "2004-02",
            "price": "13.00",
            "revenue": 34805
        },
        "2004-03": {
            "month": "2004-03",
            "price": "15.20",
            "revenue": 35460
        },
        "2004-04": {
            "month": "2004-04",
            "price": "15.34",
            "revenue": 34385
        },
        "2004-05": {
            "month": "2004-05",
            "price": "13.72",
            "revenue": 32194
        },
        "2004-06": {
            "month": "2004-06",
            "price": "13.01",
            "revenue": 37074
        },
        "2004-07": {
            "month": "2004-07",
            "price": "12.77",
            "revenue": 31618
        },
        "2004-08": {
            "month": "2004-08",
            "price": "11.81",
            "revenue": 31788
        },
        "2004-09": {
            "month": "2004-09",
            "price": "11.52",
            "revenue": 33472
        },
        "2004-10": {
            "month": "2004-10",
            "price": "10.86",
            "revenue": 40429
        },
        "2004-11": {
            "month": "2004-11",
            "price": "10.79",
            "revenue": 40252
        },
        "2004-12": {
            "month": "2004-12",
            "price": "10.21",
            "revenue": 41821
        },
        "2005-01": {
            "month": "2005-01",
            "price": "8.54",
            "revenue": 29663
        },
        "2005-02": {
            "month": "2005-02",
            "price": "9.46",
            "revenue": 16726
        },
        "2005-03": {
            "month": "2005-03",
            "price": "9.44",
            "revenue": 41141
        },
        "2005-04": {
            "month": "2005-04",
            "price": "9.21",
            "revenue": 16770
        },
        "2005-05": {
            "month": "2005-05",
            "price": "8.11",
            "revenue": 40149
        },
        "2005-06": {
            "month": "2005-06",
            "price": "7.60",
            "revenue": 44867
        },
        "2005-07": {
            "month": "2005-07",
            "price": "8.05",
            "revenue": 49994
        },
        "2005-08": {
            "month": "2005-08",
            "price": "7.81",
            "revenue": 40743
        },
        "2005-09": {
            "month": "2005-09",
            "price": "7.17",
            "revenue": 51874
        },
        "2005-10": {
            "month": "2005-10",
            "price": "5.59",
            "revenue": 46970
        },
        "2005-11": {
            "month": "2005-11",
            "price": "4.16",
            "revenue": 28598
        },
        "2005-12": {
            "month": "2005-12",
            "price": "4.49",
            "revenue": 30751
        },
        "2006-01": {
            "month": "2006-01",
            "price": "5.16",
            "revenue": 25568
        },
        "2006-02": {
            "month": "2006-02",
            "price": "4.08",
            "revenue": 19701
        },
        "2006-03": {
            "month": "2006-03",
            "price": "3.45",
            "revenue": 34105
        },
        "2006-04": {
            "month": "2006-04",
            "price": "2.90",
            "revenue": 33282
        },
        "2006-05": {
            "month": "2006-05",
            "price": "1.91",
            "revenue": 38675
        },
        "2006-06": {
            "month": "2006-06",
            "price": "1.95",
            "revenue": 47858
        },
        "2006-07": {
            "month": "2006-07",
            "price": "1.71",
            "revenue": 40637
        },
        "2006-08": {
            "month": "2006-08",
            "price": "1.39",
            "revenue": 43070
        },
        "2006-09": {
            "month": "2006-09",
            "price": "1.20",
            "revenue": 39452
        },
        "2006-10": {
            "month": "2006-10",
            "price": "1.79",
            "revenue": 47680
        },
        "2006-11": {
            "month": "2006-11",
            "price": "4.60",
            "revenue": 53524
        },
        "2006-12": {
            "month": "2006-12",
            "price": "4.42",
            "revenue": 52219
        },
        "2007-01": {
            "month": "2007-01",
            "price": "6.26",
            "revenue": 60410
        },
        "2007-02": {
            "month": "2007-02",
            "price": "6.09",
            "revenue": 42280
        },
        "2007-03": {
            "month": "2007-03",
            "price": "6.37",
            "revenue": 56086
        },
        "2007-04": {
            "month": "2007-04",
            "price": "7.79",
            "revenue": 43964
        },
        "2007-05": {
            "month": "2007-05",
            "price": "7.84",
            "revenue": 57492
        },
        "2007-06": {
            "month": "2007-06",
            "price": "8.54",
            "revenue": 50949
        },
        "2007-07": {
            "month": "2007-07",
            "price": "8.60",
            "revenue": 55273
        },
        "2007-08": {
            "month": "2007-08",
            "price": "7.37",
            "revenue": 54340
        },
        "2007-09": {
            "month": "2007-09",
            "price": "6.58",
            "revenue": 49127
        },
        "2007-10": {
            "month": "2007-10",
            "price": "6.35",
            "revenue": 71805
        },
        "2007-11": {
            "month": "2007-11",
            "price": "6.29",
            "revenue": 81969
        },
        "2007-12": {
            "month": "2007-12",
            "price": "6.42",
            "revenue": 91775
        },
        "2008-01": {
            "month": "2008-01",
            "price": "6.76",
            "revenue": 109810
        },
        "2008-02": {
            "month": "2008-02",
            "price": "6.74",
            "revenue": 71718
        },
        "2008-03": {
            "month": "2008-03",
            "price": "15.81",
            "revenue": 59130
        },
        "2008-04": {
            "month": "2008-04",
            "price": "18.55",
            "revenue": 55795
        },
        "2008-05": {
            "month": "2008-05",
            "price": "16.61",
            "revenue": 35881
        },
        "2008-06": {
            "month": "2008-06",
            "price": "11.11",
            "revenue": 37199
        },
        "2008-07": {
            "month": "2008-07",
            "price": "6.59",
            "revenue": 35017
        },
        "2008-08": {
            "month": "2008-08",
            "price": "5.46",
            "revenue": 31147
        },
        "2008-09": {
            "month": "2008-09",
            "price": "4.63",
            "revenue": 31035
        },
        "2008-10": {
            "month": "2008-10",
            "price": "3.88",
            "revenue": 41766
        },
        "2008-11": {
            "month": "2008-11",
            "price": "2.75",
            "revenue": 27894
        },
        "2008-12": {
            "month": "2008-12",
            "price": "3.81",
            "revenue": 25353
        },
        "2009-01": {
            "month": "2009-01",
            "price": "5.53",
            "revenue": 21774
        },
        "2009-02": {
            "month": "2009-02",
            "price": "5.48",
            "revenue": 24524
        },
        "2009-03": {
            "month": "2009-03",
            "price": "8.38",
            "revenue": 20695
        },
        "2009-04": {
            "month": "2009-04",
            "price": "21.19",
            "revenue": 25173
        },
        "2009-05": {
            "month": "2009-05",
            "price": "16.96",
            "revenue": 19658
        },
        "2009-06": {
            "month": "2009-06",
            "price": "17.12",
            "revenue": 22624
        },
        "2009-07": {
            "month": "2009-07",
            "price": "17.01",
            "revenue": 32850
        },
        "2009-08": {
            "month": "2009-08",
            "price": "17.44",
            "revenue": 41486
        },
        "2009-09": {
            "month": "2009-09",
            "price": "18.14",
            "revenue": 50599
        },
        "2009-10": {
            "month": "2009-10",
            "price": "19.61",
            "revenue": 50015
        },
        "2009-11": {
            "month": "2009-11",
            "price": "21.62",
            "revenue": 43686
        },
        "2009-12": {
            "month": "2009-12",
            "price": "22.58",
            "revenue": 46405
        },
        "2010-01": {
            "month": "2010-01",
            "price": "20.52",
            "revenue": 41925
        },
        "2010-02": {
            "month": "2010-02",
            "price": "15.68",
            "revenue": 23045
        },
        "2010-03": {
            "month": "2010-03",
            "price": "15.68",
            "revenue": 52115
        },
        "2010-04": {
            "month": "2010-04",
            "price": "15.96",
            "revenue": 44641
        },
        "2010-05": {
            "month": "2010-05",
            "price": "10.35",
            "revenue": 24037
        },
        "2010-06": {
            "month": "2010-06",
            "price": "6.84",
            "revenue": 46949
        },
        "2010-07": {
            "month": "2010-07",
            "price": "6.93",
            "revenue": 39762
        },
        "2010-08": {
            "month": "2010-08",
            "price": "6.68",
            "revenue": 42474
        },
        "2010-09": {
            "month": "2010-09",
            "price": "10.80",
            "revenue": 45835
        },
        "2010-10": {
            "month": "2010-10",
            "price": "13.14",
            "revenue": 46412
        },
        "2010-11": {
            "month": "2010-11",
            "price": "11.93",
            "revenue": 36312
        },
        "2010-12": {
            "month": "2010-12",
            "price": "11.22",
            "revenue": 30944
        },
        "2011-01": {
            "month": "2011-01",
            "price": "9.53",
            "revenue": 33392
        },
        "2011-02": {
            "month": "2011-02",
            "price": "8.57",
            "revenue": 20472
        },
        "2011-03": {
            "month": "2011-03",
            "price": "7.98",
            "revenue": 41191
        },
        "2011-04": {
            "month": "2011-04",
            "price": "6.88",
            "revenue": 37534
        },
        "2011-05": {
            "month": "2011-05",
            "price": "8.04",
            "revenue": 43175
        },
        "2011-06": {
            "month": "2011-06",
            "price": "7.72",
            "revenue": 41716
        },
        "2011-07": {
            "month": "2011-07",
            "price": "6.82",
            "revenue": 37544
        },
        "2011-08": {
            "month": "2011-08",
            "price": "7.31",
            "revenue": 39768
        },
        "2011-09": {
            "month": "2011-09",
            "price": "7.74",
            "revenue": 38330
        },
        "2011-10": {
            "month": "2011-10",
            "price": "5.95",
            "revenue": 39634
        },
        "2011-11": {
            "month": "2011-11",
            "price": "5.02",
            "revenue": 29121
        },
        "2011-12": {
            "month": "2011-12",
            "price": "2.97",
            "revenue": 18066
        },
        "2012-01": {
            "month": "2012-01",
            "price": "2.05",
            "revenue": 17876
        },
        "2012-02": {
            "month": "2012-02",
            "price": "2.24",
            "revenue": 30151
        },
        "2012-03": {
            "month": "2012-03",
            "price": "3.41",
            "revenue": 28377
        },
        "2012-04": {
            "month": "2012-04",
            "price": "3.33",
            "revenue": 27885
        },
        "2012-05": {
            "month": "2012-05",
            "price": "2.72",
            "revenue": 30298
        },
        "2012-06": {
            "month": "2012-06",
            "price": "2.37",
            "revenue": 30216
        },
        "2012-07": {
            "month": "2012-07",
            "price": "1.93",
            "revenue": 32097
        },
        "2012-08": {
            "month": "2012-08",
            "price": "2.02",
            "revenue": 31552
        },
        "2012-09": {
            "month": "2012-09",
            "price": "2.27",
            "revenue": 30164
        },
        "2012-10": {
            "month": "2012-10",
            "price": "1.77",
            "revenue": 36831
        },
        "2012-11": {
            "month": "2012-11",
            "price": "1.60",
            "revenue": 34797
        },
        "2012-12": {
            "month": "2012-12",
            "price": "1.31",
            "revenue": 33552
        },
        "2013-01": {
            "month": "2013-01",
            "price": "2.01",
            "revenue": 28936
        },
        "2013-02": {
            "month": "2013-02",
            "price": "1.99",
            "revenue": 25196
        },
        "2013-03": {
            "month": "2013-03",
            "price": "1.90",
            "revenue": 32936
        },
        "2013-04": {
            "month": "2013-04",
            "price": "1.82",
            "revenue": 30254
        },
        "2013-05": {
            "month": "2013-05",
            "price": "2.47",
            "revenue": 30248
        },
        "2013-06": {
            "month": "2013-06",
            "price": "1.83",
            "revenue": 27133
        },
        "2013-11": {
            "month": "2013-11",
            "price": "1.93",
            "revenue": 22645
        },
        "2013-12": {
            "month": "2013-12",
            "price": "5.15",
            "revenue": 11987
        },
        "2014-01": {
            "month": "2014-01",
            "price": "6.21",
            "revenue": 8326
        },
        "2014-02": {
            "month": "2014-02",
            "price": "6.72",
            "revenue": 5418
        },
        "2014-03": {
            "month": "2014-03",
            "price": "5.94",
            "revenue": 4863
        },
        "2014-04": {
            "month": "2014-04",
            "price": "6.00",
            "revenue": 300
        },
        "2014-10": {
            "month": "2014-10",
            "price": "30.92",
            "revenue": 5659
        },
        "2014-11": {
            "month": "2014-11",
            "price": "57.19",
            "revenue": 4295
        },
        "2014-12": {
            "month": "2014-12",
            "price": "57.67",
            "revenue": 5158
        },
        "2015-01": {
            "month": "2015-01",
            "price": "54.57",
            "revenue": 4830
        },
        "2015-02": {
            "month": "2015-02",
            "price": "49.56",
            "revenue": 5870
        },
        "2015-03": {
            "month": "2015-03",
            "price": "49.71",
            "revenue": 13854
        },
        "2015-04": {
            "month": "2015-04",
            "price": "51.92",
            "revenue": 5392
        },
        "2015-05": {
            "month": "2015-05",
            "price": "51.66",
            "revenue": 4398
        },
        "2015-06": {
            "month": "2015-06",
            "price": "59.38",
            "revenue": 4103
        },
        "2015-07": {
            "month": "2015-07",
            "price": "53.99",
            "revenue": 4931
        },
        "2015-08": {
            "month": "2015-08",
            "price": "52.61",
            "revenue": 55184
        },
        "2015-09": {
            "month": "2015-09",
            "price": "56.66",
            "revenue": 51803
        },
        "2015-10": {
            "month": "2015-10",
            "price": "58.35",
            "revenue": 54597
        },
        "2015-11": {
            "month": "2015-11",
            "price": "56.59",
            "revenue": 54437
        },
        "2015-12": {
            "month": "2015-12",
            "price": "51.06",
            "revenue": 60661
        },
        "2016-01": {
            "month": "2016-01",
            "price": "48.32",
            "revenue": 55651
        },
        "2016-02": {
            "month": "2016-02",
            "price": "47.79",
            "revenue": 56766
        },
        "2016-03": {
            "month": "2016-03",
            "price": "46.17",
            "revenue": 65938
        },
        "2016-04": {
            "month": "2016-04",
            "price": "44.27",
            "revenue": 53452
        },
        "2016-05": {
            "month": "2016-05",
            "price": "41.38",
            "revenue": 53510
        },
        "2016-06": {
            "month": "2016-06",
            "price": "40.30",
            "revenue": 50691
        },
        "2016-07": {
            "month": "2016-07",
            "price": "41.63",
            "revenue": 56483
        },
        "2016-08": {
            "month": "2016-08",
            "price": "34.39",
            "revenue": 67380
        },
        "2016-09": {
            "month": "2016-09",
            "price": "29.07",
            "revenue": 64541
        },
        "2016-10": {
            "month": "2016-10",
            "price": "25.28",
            "revenue": 73647
        },
        "2016-11": {
            "month": "2016-11",
            "price": "24.62",
            "revenue": 76886
        },
        "2016-12": {
            "month": "2016-12",
            "price": "24.96",
            "revenue": 88764
        },
        "2017-01": {
            "month": "2017-01",
            "price": "23.81",
            "revenue": 81720
        },
        "2017-02": {
            "month": "2017-02",
            "price": "22.94",
            "revenue": 77984
        },
        "2017-03": {
            "month": "2017-03",
            "price": "24.90",
            "revenue": 97853
        },
        "2017-04": {
            "month": "2017-04",
            "price": "27.48",
            "revenue": 82420
        },
        "2017-05": {
            "month": "2017-05",
            "price": "25.29",
            "revenue": 81584
        },
        "2017-06": {
            "month": "2017-06",
            "price": "25.41",
            "revenue": 84488
        },
        "2017-07": {
            "month": "2017-07",
            "price": "25.09",
            "revenue": 80444
        },
        "2017-08": {
            "month": "2017-08",
            "price": "24.57",
            "revenue": 95571
        },
        "2017-09": {
            "month": "2017-09",
            "price": "23.06",
            "revenue": 96242
        },
        "2017-10": {
            "month": "2017-10",
            "price": "21.80",
            "revenue": 101887
        },
        "2017-11": {
            "month": "2017-11",
            "price": "21.61",
            "revenue": 102027
        },
        "2017-12": {
            "month": "2017-12",
            "price": "21.59",
            "revenue": 114411
        },
        "2018-01": {
            "month": "2018-01",
            "price": "21.46",
            "revenue": 94141
        },
        "2018-02": {
            "month": "2018-02",
            "price": "21.95",
            "revenue": 89403
        },
        "2018-03": {
            "month": "2018-03",
            "price": "22.13",
            "revenue": 105026
        },
        "2018-04": {
            "month": "2018-04",
            "price": "22.05",
            "revenue": 90057
        },
        "2018-05": {
            "month": "2018-05",
            "price": "22.18",
            "revenue": 85194
        },
        "2018-06": {
            "month": "2018-06",
            "price": "22.14",
            "revenue": 91369
        },
        "2018-07": {
            "month": "2018-07",
            "price": "21.69",
            "revenue": 90524
        },
        "2018-08": {
            "month": "2018-08",
            "price": "20.12",
            "revenue": 101374
        },
        "2018-09": {
            "month": "2018-09",
            "price": "19.78",
            "revenue": 91158
        },
        "2018-10": {
            "month": "2018-10",
            "price": "19.32",
            "revenue": 101878
        },
        "2018-11": {
            "month": "2018-11",
            "price": "18.49",
            "revenue": 100582
        },
        "2018-12": {
            "month": "2018-12",
            "price": "18.20",
            "revenue": 121080
        },
        "2019-01": {
            "month": "2019-01",
            "price": "18.38",
            "revenue": 97049
        },
        "2019-02": {
            "month": "2019-02",
            "price": "18.26",
            "revenue": 91280
        },
        "2019-03": {
            "month": "2019-03",
            "price": "17.66",
            "revenue": 110428
        },
        "2019-04": {
            "month": "2019-04",
            "price": "17.60",
            "revenue": 97340
        },
        "2019-05": {
            "month": "2019-05",
            "price": "17.05",
            "revenue": 100649
        },
        "2019-06": {
            "month": "2019-06",
            "price": "16.93",
            "revenue": 92694
        },
        "2019-07": {
            "month": "2019-07",
            "price": "16.44",
            "revenue": 95916
        },
        "2019-08": {
            "month": "2019-08",
            "price": "15.61",
            "revenue": 107832
        },
        "2019-09": {
            "month": "2019-09",
            "price": "15.05",
            "revenue": 93319
        },
        "2019-10": {
            "month": "2019-10",
            "price": "14.78",
            "revenue": 100362
        },
        "2019-11": {
            "month": "2019-11",
            "price": "14.00",
            "revenue": 102255
        },
        "2019-12": {
            "month": "2019-12",
            "price": "14.50",
            "revenue": 129746
        },
        "2020-01": {
            "month": "2020-01",
            "price": "14.27",
            "revenue": 102015
        },
        "2020-02": {
            "month": "2020-02",
            "price": "13.22",
            "revenue": 49958
        },
        "2020-03": {
            "month": "2020-03",
            "price": "13.19",
            "revenue": 17416
        },
        "2020-04": {
            "month": "2020-04",
            "price": "10.32",
            "revenue": 11605
        },
        "2020-05": {
            "month": "2020-05",
            "price": "10.04",
            "revenue": 15540
        },
        "2020-06": {
            "month": "2020-06",
            "price": "11.14",
            "revenue": 21650
        },
        "2020-07": {
            "month": "2020-07",
            "price": "10.09",
            "revenue": 33265
        },
        "2020-08": {
            "month": "2020-08",
            "price": "8.52",
            "revenue": 37909
        },
        "2020-09": {
            "month": "2020-09",
            "price": "8.15",
            "revenue": 35519
        },
        "2020-10": {
            "month": "2020-10",
            "price": "8.37",
            "revenue": 37885
        },
        "2020-11": {
            "month": "2020-11",
            "price": "8.19",
            "revenue": 35529
        },
        "2020-12": {
            "month": "2020-12",
            "price": "8.93",
            "revenue": 42950
        },
        "2021-01": {
            "month": "2021-01",
            "price": "8.96",
            "revenue": 36529
        },
        "2021-02": {
            "month": "2021-02",
            "price": "9.59",
            "revenue": 32571
        },
        "2021-03": {
            "month": "2021-03",
            "price": "11.91",
            "revenue": 30877
        },
        "2021-04": {
            "month": "2021-04",
            "price": "11.21",
            "revenue": 36585
        },
        "2021-05": {
            "month": "2021-05",
            "price": "10.18",
            "revenue": 24934
        },
        "2021-06": {
            "month": "2021-06",
            "price": "11.04",
            "revenue": 12556
        },
        "2021-07": {
            "month": "2021-07",
            "price": "12.14",
            "revenue": 21004
        },
        "2021-08": {
            "month": "2021-08",
            "price": "11.06",
            "revenue": 31343
        },
        "2021-09": {
            "month": "2021-09",
            "price": "10.68",
            "revenue": 31948
        },
        "2021-10": {
            "month": "2021-10",
            "price": "11.04",
            "revenue": 35259
        },
        "2021-11": {
            "month": "2021-11",
            "price": "11.50",
            "revenue": 37112
        },
        "2021-12": {
            "month": "2021-12",
            "price": "11.14",
            "revenue": 60945
        },
        "2022-01": {
            "month": "2022-01",
            "price": "10.84",
            "revenue": 46192
        },
        "2022-02": {
            "month": "2022-02",
            "price": "13.02",
            "revenue": 42499
        },
        "2022-03": {
            "month": "2022-03",
            "price": "12.74",
            "revenue": 39438
        },
        "2022-04": {
            "month": "2022-04",
            "price": "10.29",
            "revenue": 42302
        },
        "2022-05": {
            "month": "2022-05",
            "price": "9.53",
            "revenue": 37512
        },
        "2022-06": {
            "month": "2022-06",
            "price": "9.91",
            "revenue": 32729
        },
        "2022-07": {
            "month": "2022-07",
            "price": "9.57",
            "revenue": 43260
        },
        "2022-08": {
            "month": "2022-08",
            "price": "9.51",
            "revenue": 48440
        },
        "2022-09": {
            "month": "2022-09",
            "price": "9.07",
            "revenue": 46349
        },
        "2022-10": {
            "month": "2022-10",
            "price": "8.39",
            "revenue": 46460
        },
        "2022-11": {
            "month": "2022-11",
            "price": "8.52",
            "revenue": 48448
        },
        "2022-12": {
            "month": "2022-12",
            "price": "8.04",
            "revenue": 72650
        },
        "2023-01": {
            "month": "2023-01",
            "price": "7.08",
            "revenue": 58368
        },
        "2023-02": {
            "month": "2023-02",
            "price": "32.12",
            "revenue": 62740
        },
        "2023-03": {
            "month": "2023-03",
            "price": "38.16",
            "revenue": 75000
        },
        "2023-04": {
            "month": "2023-04",
            "price": "39.37",
            "revenue": 81374
        },
        "2023-05": {
            "month": "2023-05",
            "price": "37.97",
            "revenue": 78552
        },
        "2023-06": {
            "month": "2023-06",
            "price": "37.50",
            "revenue": 78297
        },
        "2023-07": {
            "month": "2023-07",
            "price": "36.51",
            "revenue": 80580
        },
        "2023-08": {
            "month": "2023-08",
            "price": "36.12",
            "revenue": 83295
        },
        "2023-09": {
            "month": "2023-09",
            "price": "37.09",
            "revenue": 78681
        },
        "2023-10": {
            "month": "2023-10",
            "price": "37.85",
            "revenue": 88131
        },
        "2023-11": {
            "month": "2023-11",
            "price": "46.77",
            "revenue": 92599
        },
        "2023-12": {
            "month": "2023-12",
            "price": "48.55",
            "revenue": 120729
        }
    }
}
