{
    "summary": {
        "stock_name": "誠遠",
        "stock_id": "8079",
        "category": "半導體",
        "main_business": "自動化機械設備及其零配件之製造加工及買賣。<BR>電子產品測試及其零件之製造加工買賣業務。<BR>電腦系統產品及其零配件之製造加工買賣及維護業務。",
        "website_url": "",
        "ceo": "潘育麒",
        "pe_ratio": 0,
        "report_year_from": 2001,
        "report_year_to": 2017,
        "age": 22,
        "eps_negative_percentage": 0,
        "eps_growth_avg": {
            "last_all": 8.98,
            "last_2y": -20.75,
            "last_4y": -13.79,
            "last_8y": -3.33,
            "last_12y": 1.97,
            "last_16y": null,
            "last_20y": null,
            "at_2006_last_3y": 44.75,
            "at_2007_last_3y": 13.92,
            "at_2008_last_3y": 21.27,
            "at_2009_last_3y": 14.33,
            "at_2010_last_3y": 12.33,
            "at_2011_last_3y": 9.74,
            "at_2012_last_3y": 8.44,
            "at_2013_last_3y": 0.23,
            "at_2014_last_3y": -10.11,
            "at_2015_last_3y": -6.68,
            "at_2016_last_3y": -7.61,
            "at_2017_last_3y": -7.61,
            "at_2018_last_3y": -7.61,
            "at_2019_last_3y": -7.61,
            "at_2020_last_3y": -7.61,
            "at_2021_last_3y": -7.61,
            "at_2022_last_3y": -7.61,
            "at_2023_last_3y": -7.61,
            "at_2006_last_all": 44.75,
            "at_2007_last_all": 31.13,
            "at_2008_last_all": 20.39,
            "at_2009_last_all": 26.71,
            "at_2010_last_all": 28.54,
            "at_2011_last_all": 21.63,
            "at_2012_last_all": 15.61,
            "at_2013_last_all": 17.08,
            "at_2014_last_all": 15.66,
            "at_2015_last_all": 12.92,
            "at_2016_last_all": 8.98,
            "at_2017_last_all": 8.98,
            "at_2018_last_all": 8.98,
            "at_2019_last_all": 8.98,
            "at_2020_last_all": 8.98,
            "at_2021_last_all": 8.98,
            "at_2022_last_all": 8.98,
            "at_2023_last_all": 8.98
        },
        "latest_eps": 0,
        "latest_price": 17.45,
        "latest_roe": 0,
        "latest_gross_margin": null,
        "latest_equity": null,
        "latest_revenue": null,
        "latest_gross_profit": null,
        "latest_net_income": null,
        "latest_debt_ratio": null,
        "latest_current_ratio": null,
        "latest_account_receivable_turnover_ratio": null,
        "latest_inventory_turnover_ratio": null,
        "latest_reinvestment_rate": null,
        "latest_research_to_sale_ratio": null
    },
    "eps_dividends": {
        "2001": {
            "cash": 0,
            "stock": 0,
            "eps": 0
        },
        "2002": {
            "cash": 0,
            "stock": 0,
            "eps": 0.67
        },
        "2003": {
            "cash": 0,
            "stock": 0,
            "eps": 2.12
        },
        "2004": {
            "cash": 0,
            "stock": 0,
            "eps": 0.79
        },
        "2005": {
            "cash": 0,
            "stock": 0,
            "eps": 1.52
        },
        "2006": {
            "cash": 0,
            "stock": 0,
            "eps": 2.27
        },
        "2007": {
            "cash": 0,
            "stock": 0,
            "eps": 1.74
        },
        "2008": {
            "cash": 0,
            "stock": 0,
            "eps": 1.16
        },
        "2009": {
            "cash": 0,
            "stock": 0,
            "eps": 1.91
        },
        "2010": {
            "cash": 0,
            "stock": 0,
            "eps": 2.7
        },
        "2011": {
            "cash": 0,
            "stock": 0,
            "eps": 1.79
        },
        "2012": {
            "cash": 0,
            "stock": 0,
            "eps": 1.1
        },
        "2013": {
            "cash": 0,
            "stock": 0,
            "eps": 1.45
        },
        "2014": {
            "cash": 0,
            "stock": 0,
            "eps": 1.45
        },
        "2015": {
            "cash": 0,
            "stock": 0,
            "eps": 1.16
        },
        "2016": {
            "cash": 0,
            "stock": 0,
            "eps": 0.67
        }
    },
    "dividends": [],
    "prices": {
        "200101": "無",
        "200102": "無",
        "200103": "無",
        "200104": "無",
        "200105": "無",
        "200106": "無",
        "200107": "無",
        "200108": "無",
        "200109": "無",
        "200110": "無",
        "200111": "無",
        "200112": "無",
        "200201": "無",
        "200202": "無",
        "200203": "無",
        "200204": "無",
        "200205": "無",
        "200206": "無",
        "200207": "無",
        "200208": "無",
        "200209": "無",
        "200210": "無",
        "200211": "無",
        "200212": "無",
        "200301": "無",
        "200302": "無",
        "200303": "無",
        "200304": "無",
        "200305": "無",
        "200306": "無",
        "200307": "無",
        "200308": "無",
        "200309": "28.20",
        "200310": "27.62",
        "200311": "27.22",
        "200312": "26.10",
        "200401": "26.00",
        "200402": "27.51",
        "200403": "27.16",
        "200404": "29.50",
        "200405": "26.74",
        "200406": "27.09",
        "200407": "21.72",
        "200408": "12.26",
        "200409": "11.27",
        "200410": "8.12",
        "200411": "6.70",
        "200412": "6.51",
        "200501": "6.16",
        "200502": "7.53",
        "200503": "8.01",
        "200504": "7.04",
        "200505": "6.55",
        "200506": "9.65",
        "200507": "12.58",
        "200508": "10.57",
        "200509": "10.65",
        "200510": "12.14",
        "200511": "12.15",
        "200512": "21.04",
        "200601": "23.36",
        "200602": "21.75",
        "200603": "25.18",
        "200604": "27.77",
        "200605": "24.23",
        "200606": "18.14",
        "200607": "17.67",
        "200608": "16.77",
        "200609": "20.25",
        "200610": "20.88",
        "200611": "21.13",
        "200612": "21.63",
        "200701": "22.10",
        "200702": "21.25",
        "200703": "20.72",
        "200704": "21.57",
        "200705": "20.03",
        "200706": "22.69",
        "200707": "25.85",
        "200708": "20.97",
        "200709": "19.25",
        "200710": "19.17",
        "200711": "16.75",
        "200712": "14.65",
        "200801": "12.67",
        "200802": "12.35",
        "200803": "13.37",
        "200804": "14.94",
        "200805": "15.20",
        "200806": "13.27",
        "200807": "12.02",
        "200808": "11.65",
        "200809": "9.97",
        "200810": "8.59",
        "200811": "7.66",
        "200812": "6.97",
        "200901": "6.71",
        "200902": "6.75",
        "200903": "8.33",
        "200904": "10.12",
        "200905": "10.93",
        "200906": "11.80",
        "200907": "14.13",
        "200908": "16.02",
        "200909": "18.04",
        "200910": "19.19",
        "200911": "18.84",
        "200912": "19.55",
        "201001": "20.82",
        "201002": "19.76",
        "201003": "24.26",
        "201004": "28.65",
        "201005": "26.15",
        "201006": "24.14",
        "201007": "24.50",
        "201008": "23.64",
        "201009": "22.51",
        "201010": "21.91",
        "201011": "21.03",
        "201012": "22.64",
        "201101": "22.71",
        "201102": "22.16",
        "201103": "22.76",
        "201104": "23.18",
        "201105": "22.90",
        "201106": "22.72",
        "201107": "22.06",
        "201108": "18.50",
        "201109": "16.70",
        "201110": "15.38",
        "201111": "14.42",
        "201112": "12.87",
        "201201": "13.24",
        "201202": "15.56",
        "201203": "16.29",
        "201204": "15.72",
        "201205": "15.81",
        "201206": "14.89",
        "201207": "14.90",
        "201208": "14.30",
        "201209": "14.07",
        "201210": "13.13",
        "201211": "12.19",
        "201212": "12.95",
        "201301": "12.90",
        "201302": "12.95",
        "201303": "13.73",
        "201304": "14.30",
        "201305": "14.89",
        "201306": "14.81",
        "201307": "14.65",
        "201308": "14.97",
        "201309": "14.23",
        "201310": "14.83",
        "201311": "14.99",
        "201312": "15.30",
        "201401": "16.26",
        "201402": "16.23",
        "201403": "16.60",
        "201404": "16.51",
        "201405": "16.45",
        "201406": "16.68",
        "201407": "16.48",
        "201408": "16.61",
        "201409": "15.62",
        "201410": "15.24",
        "201411": "15.54",
        "201412": "15.62",
        "201501": "15.60",
        "201502": "15.95",
        "201503": "15.90",
        "201504": "15.49",
        "201505": "14.77",
        "201506": "14.07",
        "201507": "13.70",
        "201508": "12.73",
        "201509": "12.01",
        "201510": "12.39",
        "201511": "12.54",
        "201512": "13.95",
        "201601": "17.26",
        "201602": "17.06",
        "201603": "17.07",
        "201604": "17.17",
        "201605": "17.28",
        "201606": "17.32",
        "201607": "17.35",
        "201608": "17.39",
        "201609": "無",
        "201610": "無",
        "201611": "無",
        "201612": "無",
        "201701": "無",
        "201702": "無",
        "201703": "無",
        "201704": "無",
        "201705": "無",
        "201706": "無",
        "201707": "無",
        "201708": "無",
        "201709": "無",
        "201710": "無",
        "201711": "無",
        "201712": "無",
        "201801": "無",
        "201802": "無",
        "201803": "無",
        "201804": "無",
        "201805": "無",
        "201806": "無",
        "201807": "無",
        "201808": "無",
        "201809": "無",
        "201810": "無",
        "201811": "無",
        "201812": "無",
        "201901": "無",
        "201902": "無",
        "201903": "無",
        "201904": "無",
        "201905": "無",
        "201906": "無",
        "201907": "無",
        "201908": "無",
        "201909": "無",
        "201910": "無",
        "201911": "無",
        "201912": "無",
        "202001": "無",
        "202002": "無",
        "202003": "無",
        "202004": "無",
        "202005": "無",
        "202006": "無",
        "202007": "無",
        "202008": "無",
        "202009": "無",
        "202010": "無",
        "202011": "無",
        "202012": "無",
        "202101": "無",
        "202102": "無",
        "202103": "無",
        "202104": "無",
        "202105": "無",
        "202106": "無",
        "202107": "無",
        "202108": "無",
        "202109": "無",
        "202110": "無",
        "202111": "無",
        "202112": "無",
        "202201": "無",
        "202202": "無",
        "202203": "無",
        "202204": "無",
        "202205": "無",
        "202206": "無",
        "202207": "無",
        "202208": "無",
        "202209": "無",
        "202210": "無",
        "202211": "無",
        "202212": "無",
        "202301": "無",
        "202302": "無",
        "202303": "無",
        "202304": "無",
        "202305": "無",
        "202306": "無",
        "202307": "無",
        "202308": "無",
        "202309": "無",
        "202310": "無"
    },
    "quarters": {
        "20011": {
            "year_quarter": 20011,
            "year": 2001,
            "quarter": 1,
            "eps": null,
            "eps_growth_year": null,
            "eps_4q": null,
            "eps_4q_growth_year": null,
            "roe": null,
            "roe_4q": 0,
            "gross_profit": null,
            "gross_margin": null,
            "gross_margin_4q_avg": 0,
            "net_income": null,
            "net_income_4q": null,
            "revenue": null,
            "revenue_4q": null,
            "common_shares": null,
            "book_valuer_per_share": null,
            "book_valuer_per_share_4q_avg": 0,
            "equity": null,
            "current_ratio": null,
            "debt_ratio": null,
            "inventory_turnover_ratio": null,
            "account_receivable_turnover_ratio": null,
            "reinvestment_rate": null,
            "research_to_sale_ratio": null,
            "price_fair": 0,
            "eps_avg_yearly": 0,
            "eps_latest_yearly": 0,
            "eps_growth_yearly": 0
        },
        "20012": {
            "year_quarter": 20012,
            "year": 2001,
            "quarter": 2,
            "eps": null,
            "eps_growth_year": null,
            "eps_4q": null,
            "eps_4q_growth_year": null,
            "roe": null,
            "roe_4q": 0,
            "gross_profit": null,
            "gross_margin": null,
            "gross_margin_4q_avg": 0,
            "net_income": null,
            "net_income_4q": null,
            "revenue": null,
            "revenue_4q": null,
            "common_shares": null,
            "book_valuer_per_share": null,
            "book_valuer_per_share_4q_avg": 0,
            "equity": null,
            "current_ratio": null,
            "debt_ratio": null,
            "inventory_turnover_ratio": null,
            "account_receivable_turnover_ratio": null,
            "reinvestment_rate": null,
            "research_to_sale_ratio": null,
            "price_fair": 0,
            "eps_avg_yearly": 0,
            "eps_latest_yearly": 0,
            "eps_growth_yearly": 0
        },
        "20013": {
            "year_quarter": 20013,
            "year": 2001,
            "quarter": 3,
            "eps": null,
            "eps_growth_year": null,
            "eps_4q": null,
            "eps_4q_growth_year": null,
            "roe": null,
            "roe_4q": 0,
            "gross_profit": null,
            "gross_margin": null,
            "gross_margin_4q_avg": 0,
            "net_income": null,
            "net_income_4q": null,
            "revenue": null,
            "revenue_4q": null,
            "common_shares": null,
            "book_valuer_per_share": null,
            "book_valuer_per_share_4q_avg": 0,
            "equity": null,
            "current_ratio": null,
            "debt_ratio": null,
            "inventory_turnover_ratio": null,
            "account_receivable_turnover_ratio": null,
            "reinvestment_rate": null,
            "research_to_sale_ratio": null,
            "price_fair": 0,
            "eps_avg_yearly": 0,
            "eps_latest_yearly": 0,
            "eps_growth_yearly": 0
        },
        "20014": {
            "year_quarter": 20014,
            "year": 2001,
            "quarter": 4,
            "eps": null,
            "eps_growth_year": null,
            "eps_4q": null,
            "eps_4q_growth_year": null,
            "roe": null,
            "roe_4q": 0,
            "gross_profit": null,
            "gross_margin": null,
            "gross_margin_4q_avg": 0,
            "net_income": null,
            "net_income_4q": null,
            "revenue": null,
            "revenue_4q": null,
            "common_shares": 222070,
            "book_valuer_per_share": 13.03,
            "book_valuer_per_share_4q_avg": 3.26,
            "equity": 289363,
            "current_ratio": 550.12,
            "debt_ratio": 13.24,
            "inventory_turnover_ratio": null,
            "account_receivable_turnover_ratio": null,
            "reinvestment_rate": null,
            "research_to_sale_ratio": null,
            "price_fair": 0,
            "eps_avg_yearly": 0,
            "eps_latest_yearly": 0,
            "eps_growth_yearly": 0
        },
        "20021": {
            "year_quarter": 20021,
            "year": 2002,
            "quarter": 1,
            "eps": -0.05,
            "eps_growth_year": null,
            "eps_4q": null,
            "eps_4q_growth_year": null,
            "roe": -0.41,
            "roe_4q": -0.41,
            "gross_profit": 4596,
            "gross_margin": 20.24,
            "gross_margin_4q_avg": 5.06,
            "net_income": -1174,
            "net_income_4q": null,
            "revenue": 22706,
            "revenue_4q": null,
            "common_shares": 222070,
            "book_valuer_per_share": 13,
            "book_valuer_per_share_4q_avg": 6.51,
            "equity": 288738,
            "current_ratio": 412.25,
            "debt_ratio": 15.2,
            "inventory_turnover_ratio": null,
            "account_receivable_turnover_ratio": null,
            "reinvestment_rate": null,
            "research_to_sale_ratio": null,
            "price_fair": 0,
            "eps_avg_yearly": 0,
            "eps_latest_yearly": 0,
            "eps_growth_yearly": 0
        },
        "20022": {
            "year_quarter": 20022,
            "year": 2002,
            "quarter": 2,
            "eps": 0.2,
            "eps_growth_year": null,
            "eps_4q": null,
            "eps_4q_growth_year": null,
            "roe": 1.51,
            "roe_4q": 1.1,
            "gross_profit": 8216,
            "gross_margin": 27.8,
            "gross_margin_4q_avg": 12.01,
            "net_income": 4380,
            "net_income_4q": null,
            "revenue": 29551,
            "revenue_4q": null,
            "common_shares": 222070,
            "book_valuer_per_share": 13.18,
            "book_valuer_per_share_4q_avg": 9.8,
            "equity": 292757,
            "current_ratio": 236.83,
            "debt_ratio": 15.18,
            "inventory_turnover_ratio": null,
            "account_receivable_turnover_ratio": null,
            "reinvestment_rate": null,
            "research_to_sale_ratio": null,
            "price_fair": 0,
            "eps_avg_yearly": 0,
            "eps_latest_yearly": 0,
            "eps_growth_yearly": 0
        },
        "20023": {
            "year_quarter": 20023,
            "year": 2002,
            "quarter": 3,
            "eps": 0.22,
            "eps_growth_year": null,
            "eps_4q": null,
            "eps_4q_growth_year": null,
            "roe": 1.71,
            "roe_4q": 2.8099999999999996,
            "gross_profit": 12821,
            "gross_margin": 39.67,
            "gross_margin_4q_avg": 21.93,
            "net_income": 5504,
            "net_income_4q": null,
            "revenue": 32320,
            "revenue_4q": null,
            "common_shares": 272070,
            "book_valuer_per_share": 12.87,
            "book_valuer_per_share_4q_avg": 13.02,
            "equity": 350070,
            "current_ratio": 421.44,
            "debt_ratio": 13.2,
            "inventory_turnover_ratio": null,
            "account_receivable_turnover_ratio": null,
            "reinvestment_rate": null,
            "research_to_sale_ratio": null,
            "price_fair": 30.8,
            "eps_avg_yearly": 0.88,
            "eps_latest_yearly": 0.88,
            "eps_growth_yearly": 40
        },
        "20024": {
            "year_quarter": 20024,
            "year": 2002,
            "quarter": 4,
            "eps": 0.3,
            "eps_growth_year": null,
            "eps_4q": 0.65,
            "eps_4q_growth_year": null,
            "roe": 2.12,
            "roe_4q": 4.93,
            "gross_profit": 16124,
            "gross_margin": 44.52,
            "gross_margin_4q_avg": 33.06,
            "net_income": 7488,
            "net_income_4q": null,
            "revenue": 36216,
            "revenue_4q": null,
            "common_shares": 272070,
            "book_valuer_per_share": 13.14,
            "book_valuer_per_share_4q_avg": 13.05,
            "equity": 357435,
            "current_ratio": 266.32,
            "debt_ratio": 11.82,
            "inventory_turnover_ratio": null,
            "account_receivable_turnover_ratio": null,
            "reinvestment_rate": null,
            "research_to_sale_ratio": null,
            "price_fair": 36.4,
            "eps_avg_yearly": 1.04,
            "eps_latest_yearly": 1.2,
            "eps_growth_yearly": 92.73
        },
        "20031": {
            "year_quarter": 20031,
            "year": 2003,
            "quarter": 1,
            "eps": 0.85,
            "eps_growth_year": null,
            "eps_4q": 1.49,
            "eps_4q_growth_year": null,
            "roe": 6.25,
            "roe_4q": 11.590000000000002,
            "gross_profit": 20141,
            "gross_margin": 45.02,
            "gross_margin_4q_avg": 39.25,
            "net_income": 23068,
            "net_income_4q": null,
            "revenue": 44734,
            "revenue_4q": null,
            "common_shares": 272070,
            "book_valuer_per_share": 13.99,
            "book_valuer_per_share_4q_avg": 13.3,
            "equity": 380500,
            "current_ratio": 270.22,
            "debt_ratio": 17.9,
            "inventory_turnover_ratio": null,
            "account_receivable_turnover_ratio": null,
            "reinvestment_rate": null,
            "research_to_sale_ratio": null,
            "price_fair": 63.93,
            "eps_avg_yearly": 1.83,
            "eps_latest_yearly": 3.4,
            "eps_growth_yearly": 306.26
        },
        "20032": {
            "year_quarter": 20032,
            "year": 2003,
            "quarter": 2,
            "eps": 0.47,
            "eps_growth_year": 135,
            "eps_4q": 1.79,
            "eps_4q_growth_year": null,
            "roe": 3.33,
            "roe_4q": 13.41,
            "gross_profit": 26469,
            "gross_margin": 50.64,
            "gross_margin_4q_avg": 44.96,
            "net_income": 12875,
            "net_income_4q": null,
            "revenue": 52266,
            "revenue_4q": null,
            "common_shares": 272070,
            "book_valuer_per_share": 14.42,
            "book_valuer_per_share_4q_avg": 13.61,
            "equity": 392258,
            "current_ratio": 371.59,
            "debt_ratio": 15.67,
            "inventory_turnover_ratio": null,
            "account_receivable_turnover_ratio": null,
            "reinvestment_rate": null,
            "research_to_sale_ratio": null,
            "price_fair": 64.4,
            "eps_avg_yearly": 1.84,
            "eps_latest_yearly": 1.88,
            "eps_growth_yearly": 184.99
        },
        "20033": {
            "year_quarter": 20033,
            "year": 2003,
            "quarter": 3,
            "eps": 0.85,
            "eps_growth_year": 286.36,
            "eps_4q": 2.33,
            "eps_4q_growth_year": null,
            "roe": 6.15,
            "roe_4q": 17.85,
            "gross_profit": 29289,
            "gross_margin": 52.19,
            "gross_margin_4q_avg": 48.09,
            "net_income": 24869,
            "net_income_4q": null,
            "revenue": 56125,
            "revenue_4q": null,
            "common_shares": 293000,
            "book_valuer_per_share": 14.22,
            "book_valuer_per_share_4q_avg": 13.94,
            "equity": 416536,
            "current_ratio": 371.9,
            "debt_ratio": 15.1,
            "inventory_turnover_ratio": null,
            "account_receivable_turnover_ratio": null,
            "reinvestment_rate": null,
            "research_to_sale_ratio": null,
            "price_fair": 75.32,
            "eps_avg_yearly": 2.15,
            "eps_latest_yearly": 3.4,
            "eps_growth_yearly": 212.67
        },
        "20034": {
            "year_quarter": 20034,
            "year": 2003,
            "quarter": 4,
            "eps": -0.05,
            "eps_growth_year": -116.67,
            "eps_4q": 2.02,
            "eps_4q_growth_year": 211.27,
            "roe": -0.37,
            "roe_4q": 15.36,
            "gross_profit": 13219,
            "gross_margin": 25.98,
            "gross_margin_4q_avg": 43.46,
            "net_income": -1554,
            "net_income_4q": null,
            "revenue": 50883,
            "revenue_4q": null,
            "common_shares": 293000,
            "book_valuer_per_share": 14.17,
            "book_valuer_per_share_4q_avg": 14.2,
            "equity": 415128,
            "current_ratio": 278.02,
            "debt_ratio": 15.56,
            "inventory_turnover_ratio": null,
            "account_receivable_turnover_ratio": null,
            "reinvestment_rate": null,
            "research_to_sale_ratio": null,
            "price_fair": 75.32,
            "eps_avg_yearly": 2.15,
            "eps_latest_yearly": 3.4,
            "eps_growth_yearly": 212.67
        },
        "20041": {
            "year_quarter": 20041,
            "year": 2004,
            "quarter": 1,
            "eps": 0.12,
            "eps_growth_year": -85.88,
            "eps_4q": 1.41,
            "eps_4q_growth_year": -5.54,
            "roe": 0.81,
            "roe_4q": 9.920000000000002,
            "gross_profit": 13722,
            "gross_margin": 27.47,
            "gross_margin_4q_avg": 39.07,
            "net_income": 3373,
            "net_income_4q": null,
            "revenue": 49960,
            "revenue_4q": null,
            "common_shares": 293000,
            "book_valuer_per_share": 14.31,
            "book_valuer_per_share_4q_avg": 14.28,
            "equity": 419421,
            "current_ratio": 197.54,
            "debt_ratio": 13.92,
            "inventory_turnover_ratio": null,
            "account_receivable_turnover_ratio": null,
            "reinvestment_rate": null,
            "research_to_sale_ratio": null,
            "price_fair": 75.32,
            "eps_avg_yearly": 2.15,
            "eps_latest_yearly": 3.4,
            "eps_growth_yearly": 212.67
        },
        "20042": {
            "year_quarter": 20042,
            "year": 2004,
            "quarter": 2,
            "eps": 0.54,
            "eps_growth_year": 14.89,
            "eps_4q": 1.46,
            "eps_4q_growth_year": -18.3,
            "roe": 3.86,
            "roe_4q": 10.45,
            "gross_profit": 25053,
            "gross_margin": 36.04,
            "gross_margin_4q_avg": 35.42,
            "net_income": 15675,
            "net_income_4q": null,
            "revenue": 69522,
            "revenue_4q": null,
            "common_shares": 293000,
            "book_valuer_per_share": 13.41,
            "book_valuer_per_share_4q_avg": 14.03,
            "equity": 392917,
            "current_ratio": 434.43,
            "debt_ratio": 37.97,
            "inventory_turnover_ratio": null,
            "account_receivable_turnover_ratio": null,
            "reinvestment_rate": null,
            "research_to_sale_ratio": null,
            "price_fair": 75.37,
            "eps_avg_yearly": 2.15,
            "eps_latest_yearly": 2.16,
            "eps_growth_yearly": 410.56
        },
        "20043": {
            "year_quarter": 20043,
            "year": 2004,
            "quarter": 3,
            "eps": -0.08,
            "eps_growth_year": -109.41,
            "eps_4q": 0.43,
            "eps_4q_growth_year": -81.75,
            "roe": -0.73,
            "roe_4q": 3.57,
            "gross_profit": 2540,
            "gross_margin": 5.58,
            "gross_margin_4q_avg": 23.77,
            "net_income": -2852,
            "net_income_4q": null,
            "revenue": 45525,
            "revenue_4q": null,
            "common_shares": 343757,
            "book_valuer_per_share": 11.39,
            "book_valuer_per_share_4q_avg": 13.32,
            "equity": 391699,
            "current_ratio": 345.61,
            "debt_ratio": 38.07,
            "inventory_turnover_ratio": null,
            "account_receivable_turnover_ratio": null,
            "reinvestment_rate": null,
            "research_to_sale_ratio": null,
            "price_fair": 75.37,
            "eps_avg_yearly": 2.15,
            "eps_latest_yearly": 2.16,
            "eps_growth_yearly": 410.56
        },
        "20044": {
            "year_quarter": 20044,
            "year": 2004,
            "quarter": 4,
            "eps": 0.21,
            "eps_growth_year": null,
            "eps_4q": 0.69,
            "eps_4q_growth_year": -65.95,
            "roe": 1.82,
            "roe_4q": 5.76,
            "gross_profit": 19499,
            "gross_margin": 35.65,
            "gross_margin_4q_avg": 26.19,
            "net_income": 7119,
            "net_income_4q": null,
            "revenue": 54698,
            "revenue_4q": null,
            "common_shares": 343757,
            "book_valuer_per_share": 11.39,
            "book_valuer_per_share_4q_avg": 12.63,
            "equity": 391450,
            "current_ratio": 627.37,
            "debt_ratio": 36.47,
            "inventory_turnover_ratio": null,
            "account_receivable_turnover_ratio": null,
            "reinvestment_rate": null,
            "research_to_sale_ratio": null,
            "price_fair": 75.37,
            "eps_avg_yearly": 2.15,
            "eps_latest_yearly": 2.16,
            "eps_growth_yearly": 410.56
        },
        "20051": {
            "year_quarter": 20051,
            "year": 2005,
            "quarter": 1,
            "eps": -0.28,
            "eps_growth_year": -333.33,
            "eps_4q": 0.29,
            "eps_4q_growth_year": -79.23,
            "roe": -2.52,
            "roe_4q": 2.4299999999999997,
            "gross_profit": -176,
            "gross_margin": -0.34,
            "gross_margin_4q_avg": 19.23,
            "net_income": -9756,
            "net_income_4q": null,
            "revenue": 52311,
            "revenue_4q": null,
            "common_shares": 343757,
            "book_valuer_per_share": 11.1,
            "book_valuer_per_share_4q_avg": 11.82,
            "equity": 381694,
            "current_ratio": 591.14,
            "debt_ratio": 37.34,
            "inventory_turnover_ratio": null,
            "account_receivable_turnover_ratio": null,
            "reinvestment_rate": null,
            "research_to_sale_ratio": null,
            "price_fair": 75.37,
            "eps_avg_yearly": 2.15,
            "eps_latest_yearly": 2.16,
            "eps_growth_yearly": 410.56
        },
        "20052": {
            "year_quarter": 20052,
            "year": 2005,
            "quarter": 2,
            "eps": 0.38,
            "eps_growth_year": -29.63,
            "eps_4q": 0.21,
            "eps_4q_growth_year": -85.89,
            "roe": 3.18,
            "roe_4q": 1.7500000000000004,
            "gross_profit": 20331,
            "gross_margin": 27,
            "gross_margin_4q_avg": 16.97,
            "net_income": 11984,
            "net_income_4q": null,
            "revenue": 75291,
            "revenue_4q": null,
            "common_shares": 343757,
            "book_valuer_per_share": 10.85,
            "book_valuer_per_share_4q_avg": 11.18,
            "equity": 373146,
            "current_ratio": 241.99,
            "debt_ratio": 40.36,
            "inventory_turnover_ratio": null,
            "account_receivable_turnover_ratio": null,
            "reinvestment_rate": null,
            "research_to_sale_ratio": null,
            "price_fair": 75.37,
            "eps_avg_yearly": 2.15,
            "eps_latest_yearly": 2.16,
            "eps_growth_yearly": 410.56
        },
        "20053": {
            "year_quarter": 20053,
            "year": 2005,
            "quarter": 3,
            "eps": 0.7,
            "eps_growth_year": null,
            "eps_4q": 0.99,
            "eps_4q_growth_year": 131.28,
            "roe": 5.97,
            "roe_4q": 8.450000000000001,
            "gross_profit": 32563,
            "gross_margin": 35.49,
            "gross_margin_4q_avg": 24.45,
            "net_income": 22948,
            "net_income_4q": null,
            "revenue": 91751,
            "revenue_4q": null,
            "common_shares": 343757,
            "book_valuer_per_share": 11.52,
            "book_valuer_per_share_4q_avg": 11.22,
            "equity": 396094,
            "current_ratio": 487.59,
            "debt_ratio": 35.81,
            "inventory_turnover_ratio": null,
            "account_receivable_turnover_ratio": null,
            "reinvestment_rate": null,
            "research_to_sale_ratio": null,
            "price_fair": 78.6,
            "eps_avg_yearly": 2.25,
            "eps_latest_yearly": 2.8,
            "eps_growth_yearly": 400.03
        },
        "20054": {
            "year_quarter": 20054,
            "year": 2005,
            "quarter": 4,
            "eps": 0.72,
            "eps_growth_year": 242.86,
            "eps_4q": 1.5,
            "eps_4q_growth_year": 117.41,
            "roe": 5.58,
            "roe_4q": 12.21,
            "gross_profit": 40340,
            "gross_margin": 38.24,
            "gross_margin_4q_avg": 25.1,
            "net_income": 23381,
            "net_income_4q": null,
            "revenue": 105501,
            "revenue_4q": null,
            "common_shares": 356451,
            "book_valuer_per_share": 12.39,
            "book_valuer_per_share_4q_avg": 11.47,
            "equity": 441578,
            "current_ratio": 151.01,
            "debt_ratio": 39.53,
            "inventory_turnover_ratio": null,
            "account_receivable_turnover_ratio": null,
            "reinvestment_rate": 110.64,
            "research_to_sale_ratio": null,
            "price_fair": 81.38,
            "eps_avg_yearly": 2.33,
            "eps_latest_yearly": 2.88,
            "eps_growth_yearly": 351.45
        },
        "20061": {
            "year_quarter": 20061,
            "year": 2006,
            "quarter": 1,
            "eps": 0.59,
            "eps_growth_year": null,
            "eps_4q": 2.04,
            "eps_4q_growth_year": 597.76,
            "roe": 4.43,
            "roe_4q": 19.16,
            "gross_profit": 39516,
            "gross_margin": 38.96,
            "gross_margin_4q_avg": 34.92,
            "net_income": 23730,
            "net_income_4q": null,
            "revenue": 101431,
            "revenue_4q": null,
            "common_shares": 451002,
            "book_valuer_per_share": 13.97,
            "book_valuer_per_share_4q_avg": 12.18,
            "equity": 629980,
            "current_ratio": 640.91,
            "debt_ratio": 15.91,
            "inventory_turnover_ratio": null,
            "account_receivable_turnover_ratio": null,
            "reinvestment_rate": 106.43,
            "research_to_sale_ratio": null,
            "price_fair": 81.51,
            "eps_avg_yearly": 2.33,
            "eps_latest_yearly": 2.36,
            "eps_growth_yearly": 304.38
        },
        "20062": {
            "year_quarter": 20062,
            "year": 2006,
            "quarter": 2,
            "eps": 0.39,
            "eps_growth_year": 2.63,
            "eps_4q": 2.06,
            "eps_4q_growth_year": 897.97,
            "roe": 2.53,
            "roe_4q": 18.509999999999998,
            "gross_profit": 28424,
            "gross_margin": 30.58,
            "gross_margin_4q_avg": 35.82,
            "net_income": 16407,
            "net_income_4q": null,
            "revenue": 92937,
            "revenue_4q": null,
            "common_shares": 453217,
            "book_valuer_per_share": 14.76,
            "book_valuer_per_share_4q_avg": 13.16,
            "equity": 669046,
            "current_ratio": 752.11,
            "debt_ratio": 14.4,
            "inventory_turnover_ratio": null,
            "account_receivable_turnover_ratio": null,
            "reinvestment_rate": 82.78,
            "research_to_sale_ratio": null,
            "price_fair": 78.82,
            "eps_avg_yearly": 2.25,
            "eps_latest_yearly": 1.56,
            "eps_growth_yearly": 260.38
        },
        "20063": {
            "year_quarter": 20063,
            "year": 2006,
            "quarter": 3,
            "eps": 0.52,
            "eps_growth_year": -25.71,
            "eps_4q": 1.87,
            "eps_4q_growth_year": 90.19,
            "roe": 3.58,
            "roe_4q": 16.119999999999997,
            "gross_profit": 40752,
            "gross_margin": 36.98,
            "gross_margin_4q_avg": 36.19,
            "net_income": 24401,
            "net_income_4q": null,
            "revenue": 110197,
            "revenue_4q": null,
            "common_shares": 495543,
            "book_valuer_per_share": 14,
            "book_valuer_per_share_4q_avg": 13.78,
            "equity": 693672,
            "current_ratio": 624.67,
            "debt_ratio": 15.04,
            "inventory_turnover_ratio": null,
            "account_receivable_turnover_ratio": null,
            "reinvestment_rate": 66.19,
            "research_to_sale_ratio": null,
            "price_fair": 83.02,
            "eps_avg_yearly": 2.37,
            "eps_latest_yearly": 2.08,
            "eps_growth_yearly": 269.72
        },
        "20064": {
            "year_quarter": 20064,
            "year": 2006,
            "quarter": 4,
            "eps": 0.77,
            "eps_growth_year": 6.94,
            "eps_4q": 2.14,
            "eps_4q_growth_year": 42.8,
            "roe": 5.11,
            "roe_4q": 15.65,
            "gross_profit": 48786,
            "gross_margin": 37.79,
            "gross_margin_4q_avg": 36.08,
            "net_income": 36398,
            "net_income_4q": null,
            "revenue": 129105,
            "revenue_4q": null,
            "common_shares": 496327,
            "book_valuer_per_share": 14.73,
            "book_valuer_per_share_4q_avg": 14.37,
            "equity": 731328,
            "current_ratio": 483.44,
            "debt_ratio": 16.04,
            "inventory_turnover_ratio": null,
            "account_receivable_turnover_ratio": null,
            "reinvestment_rate": 46.32,
            "research_to_sale_ratio": null,
            "price_fair": 89.6,
            "eps_avg_yearly": 2.56,
            "eps_latest_yearly": 3.08,
            "eps_growth_yearly": 274.4
        },
        "20071": {
            "year_quarter": 20071,
            "year": 2007,
            "quarter": 1,
            "eps": 0.3,
            "eps_growth_year": -49.15,
            "eps_4q": 1.87,
            "eps_4q_growth_year": -8.39,
            "roe": 2,
            "roe_4q": 13.22,
            "gross_profit": 25062,
            "gross_margin": 26.1,
            "gross_margin_4q_avg": 32.86,
            "net_income": 14765,
            "net_income_4q": null,
            "revenue": 96036,
            "revenue_4q": null,
            "common_shares": 496327,
            "book_valuer_per_share": 15.03,
            "book_valuer_per_share_4q_avg": 14.63,
            "equity": 746093,
            "current_ratio": 686.24,
            "debt_ratio": 12.59,
            "inventory_turnover_ratio": null,
            "account_receivable_turnover_ratio": null,
            "reinvestment_rate": 38.75,
            "research_to_sale_ratio": null,
            "price_fair": 81.9,
            "eps_avg_yearly": 2.34,
            "eps_latest_yearly": 1.2,
            "eps_growth_yearly": 176.65
        },
        "20072": {
            "year_quarter": 20072,
            "year": 2007,
            "quarter": 2,
            "eps": 0.41,
            "eps_growth_year": 5.13,
            "eps_4q": 1.95,
            "eps_4q_growth_year": -5.13,
            "roe": 2.67,
            "roe_4q": 13.360000000000001,
            "gross_profit": 38058,
            "gross_margin": 34.46,
            "gross_margin_4q_avg": 33.83,
            "net_income": 20118,
            "net_income_4q": null,
            "revenue": 110427,
            "revenue_4q": null,
            "common_shares": 496327,
            "book_valuer_per_share": 15.35,
            "book_valuer_per_share_4q_avg": 14.78,
            "equity": 761846,
            "current_ratio": 642.43,
            "debt_ratio": 11.85,
            "inventory_turnover_ratio": null,
            "account_receivable_turnover_ratio": null,
            "reinvestment_rate": 53.04,
            "research_to_sale_ratio": null,
            "price_fair": 81.06,
            "eps_avg_yearly": 2.32,
            "eps_latest_yearly": 1.64,
            "eps_growth_yearly": 209.2
        },
        "20073": {
            "year_quarter": 20073,
            "year": 2007,
            "quarter": 3,
            "eps": 0.57,
            "eps_growth_year": 9.62,
            "eps_4q": 1.82,
            "eps_4q_growth_year": -2.61,
            "roe": 4.16,
            "roe_4q": 13.940000000000001,
            "gross_profit": 50724,
            "gross_margin": 40.45,
            "gross_margin_4q_avg": 34.7,
            "net_income": 32383,
            "net_income_4q": null,
            "revenue": 125396,
            "revenue_4q": null,
            "common_shares": 571060,
            "book_valuer_per_share": 13.91,
            "book_valuer_per_share_4q_avg": 14.76,
            "equity": 794229,
            "current_ratio": 605.49,
            "debt_ratio": 10.7,
            "inventory_turnover_ratio": null,
            "account_receivable_turnover_ratio": null,
            "reinvestment_rate": 72.74,
            "research_to_sale_ratio": null,
            "price_fair": 77.14,
            "eps_avg_yearly": 2.2,
            "eps_latest_yearly": 2.28,
            "eps_growth_yearly": 192.47
        },
        "20074": {
            "year_quarter": 20074,
            "year": 2007,
            "quarter": 4,
            "eps": 0.46,
            "eps_growth_year": -40.26,
            "eps_4q": 1.63,
            "eps_4q_growth_year": -23.64,
            "roe": 3.27,
            "roe_4q": 12.1,
            "gross_profit": 46359,
            "gross_margin": 36.14,
            "gross_margin_4q_avg": 34.29,
            "net_income": 26435,
            "net_income_4q": null,
            "revenue": 128281,
            "revenue_4q": null,
            "common_shares": 571060,
            "book_valuer_per_share": 14.37,
            "book_valuer_per_share_4q_avg": 14.67,
            "equity": 820664,
            "current_ratio": 535.67,
            "debt_ratio": 10.23,
            "inventory_turnover_ratio": null,
            "account_receivable_turnover_ratio": null,
            "reinvestment_rate": 64.6,
            "research_to_sale_ratio": null,
            "price_fair": 75.98,
            "eps_avg_yearly": 2.17,
            "eps_latest_yearly": 1.84,
            "eps_growth_yearly": 167.96
        },
        "20081": {
            "year_quarter": 20081,
            "year": 2008,
            "quarter": 1,
            "eps": 0.26,
            "eps_growth_year": -13.33,
            "eps_4q": 1.62,
            "eps_4q_growth_year": -13.06,
            "roe": 1.82,
            "roe_4q": 11.92,
            "gross_profit": 30983,
            "gross_margin": 29.27,
            "gross_margin_4q_avg": 35.08,
            "net_income": 15039,
            "net_income_4q": null,
            "revenue": 105839,
            "revenue_4q": null,
            "common_shares": 571060,
            "book_valuer_per_share": 14.63,
            "book_valuer_per_share_4q_avg": 14.57,
            "equity": 835703,
            "current_ratio": 668.8,
            "debt_ratio": 8.45,
            "inventory_turnover_ratio": null,
            "account_receivable_turnover_ratio": null,
            "reinvestment_rate": 62.52,
            "research_to_sale_ratio": null,
            "price_fair": 72.68,
            "eps_avg_yearly": 2.08,
            "eps_latest_yearly": 1.04,
            "eps_growth_yearly": 139.47
        },
        "20082": {
            "year_quarter": 20082,
            "year": 2008,
            "quarter": 2,
            "eps": 0.42,
            "eps_growth_year": 2.44,
            "eps_4q": 1.7,
            "eps_4q_growth_year": -12.7,
            "roe": 2.86,
            "roe_4q": 12.11,
            "gross_profit": 37894,
            "gross_margin": 33.08,
            "gross_margin_4q_avg": 34.74,
            "net_income": 24192,
            "net_income_4q": null,
            "revenue": 114560,
            "revenue_4q": null,
            "common_shares": 571060,
            "book_valuer_per_share": 15,
            "book_valuer_per_share_4q_avg": 14.48,
            "equity": 856319,
            "current_ratio": 518.46,
            "debt_ratio": 8.82,
            "inventory_turnover_ratio": null,
            "account_receivable_turnover_ratio": null,
            "reinvestment_rate": 70.33,
            "research_to_sale_ratio": null,
            "price_fair": 71.28,
            "eps_avg_yearly": 2.04,
            "eps_latest_yearly": 1.68,
            "eps_growth_yearly": 43.31
        },
        "20083": {
            "year_quarter": 20083,
            "year": 2008,
            "quarter": 3,
            "eps": 0.51,
            "eps_growth_year": -10.53,
            "eps_4q": 1.54,
            "eps_4q_growth_year": -15.46,
            "roe": 3.75,
            "roe_4q": 11.7,
            "gross_profit": 53056,
            "gross_margin": 38.81,
            "gross_margin_4q_avg": 34.33,
            "net_income": 32435,
            "net_income_4q": null,
            "revenue": 136720,
            "revenue_4q": null,
            "common_shares": 638866,
            "book_valuer_per_share": 13.65,
            "book_valuer_per_share_4q_avg": 14.41,
            "equity": 872125,
            "current_ratio": 568.01,
            "debt_ratio": 7.73,
            "inventory_turnover_ratio": null,
            "account_receivable_turnover_ratio": null,
            "reinvestment_rate": 53.94,
            "research_to_sale_ratio": null,
            "price_fair": 71.29,
            "eps_avg_yearly": 2.04,
            "eps_latest_yearly": 2.04,
            "eps_growth_yearly": 46.57
        },
        "20084": {
            "year_quarter": 20084,
            "year": 2008,
            "quarter": 4,
            "eps": -0.03,
            "eps_growth_year": -106.52,
            "eps_4q": 1.1,
            "eps_4q_growth_year": -32.54,
            "roe": -0.21,
            "roe_4q": 8.22,
            "gross_profit": 9192,
            "gross_margin": 10.13,
            "gross_margin_4q_avg": 27.82,
            "net_income": -1848,
            "net_income_4q": null,
            "revenue": 90701,
            "revenue_4q": null,
            "common_shares": 624516,
            "book_valuer_per_share": 13.94,
            "book_valuer_per_share_4q_avg": 14.31,
            "equity": 870277,
            "current_ratio": 579.45,
            "debt_ratio": 7.32,
            "inventory_turnover_ratio": null,
            "account_receivable_turnover_ratio": 1.82,
            "reinvestment_rate": 50.96,
            "research_to_sale_ratio": null,
            "price_fair": 71.29,
            "eps_avg_yearly": 2.04,
            "eps_latest_yearly": 2.04,
            "eps_growth_yearly": 46.57
        },
        "20091": {
            "year_quarter": 20091,
            "year": 2009,
            "quarter": 1,
            "eps": -0.1,
            "eps_growth_year": -138.46,
            "eps_4q": 0.77,
            "eps_4q_growth_year": -52.41,
            "roe": -0.75,
            "roe_4q": 5.65,
            "gross_profit": 2083,
            "gross_margin": 3.45,
            "gross_margin_4q_avg": 21.37,
            "net_income": -6491,
            "net_income_4q": null,
            "revenue": 60451,
            "revenue_4q": null,
            "common_shares": 624516,
            "book_valuer_per_share": 13.83,
            "book_valuer_per_share_4q_avg": 14.11,
            "equity": 863786,
            "current_ratio": 795.73,
            "debt_ratio": 5.5,
            "inventory_turnover_ratio": null,
            "account_receivable_turnover_ratio": 0.75,
            "reinvestment_rate": 46.34,
            "research_to_sale_ratio": null,
            "price_fair": 71.29,
            "eps_avg_yearly": 2.04,
            "eps_latest_yearly": 2.04,
            "eps_growth_yearly": 46.57
        },
        "20092": {
            "year_quarter": 20092,
            "year": 2009,
            "quarter": 2,
            "eps": 0.61,
            "eps_growth_year": 45.24,
            "eps_4q": 1,
            "eps_4q_growth_year": -41.37,
            "roe": 4.45,
            "roe_4q": 7.24,
            "gross_profit": 54979,
            "gross_margin": 41.13,
            "gross_margin_4q_avg": 23.38,
            "net_income": 37884,
            "net_income_4q": null,
            "revenue": 133662,
            "revenue_4q": null,
            "common_shares": 624516,
            "book_valuer_per_share": 13.44,
            "book_valuer_per_share_4q_avg": 13.72,
            "equity": 839219,
            "current_ratio": 338.4,
            "debt_ratio": 13.32,
            "inventory_turnover_ratio": null,
            "account_receivable_turnover_ratio": 1.31,
            "reinvestment_rate": 40.01,
            "research_to_sale_ratio": null,
            "price_fair": 71.29,
            "eps_avg_yearly": 2.04,
            "eps_latest_yearly": 2.04,
            "eps_growth_yearly": 46.57
        },
        "20093": {
            "year_quarter": 20093,
            "year": 2009,
            "quarter": 3,
            "eps": 0.74,
            "eps_growth_year": 45.1,
            "eps_4q": 1.21,
            "eps_4q_growth_year": -21.46,
            "roe": 5.38,
            "roe_4q": 8.87,
            "gross_profit": 68792,
            "gross_margin": 42.13,
            "gross_margin_4q_avg": 24.21,
            "net_income": 46369,
            "net_income_4q": null,
            "revenue": 163303,
            "revenue_4q": null,
            "common_shares": 624516,
            "book_valuer_per_share": 14.18,
            "book_valuer_per_share_4q_avg": 13.85,
            "equity": 885588,
            "current_ratio": 458.15,
            "debt_ratio": 9.84,
            "inventory_turnover_ratio": null,
            "account_receivable_turnover_ratio": 1.04,
            "reinvestment_rate": 62.62,
            "research_to_sale_ratio": null,
            "price_fair": 71.72,
            "eps_avg_yearly": 2.05,
            "eps_latest_yearly": 2.96,
            "eps_growth_yearly": 27.22
        },
        "20094": {
            "year_quarter": 20094,
            "year": 2009,
            "quarter": 4,
            "eps": 0.66,
            "eps_growth_year": null,
            "eps_4q": 1.9,
            "eps_4q_growth_year": 72.95,
            "roe": 4.53,
            "roe_4q": 13.61,
            "gross_profit": 61750,
            "gross_margin": 38.63,
            "gross_margin_4q_avg": 31.34,
            "net_income": 41049,
            "net_income_4q": null,
            "revenue": 159861,
            "revenue_4q": null,
            "common_shares": 624516,
            "book_valuer_per_share": 14.84,
            "book_valuer_per_share_4q_avg": 14.07,
            "equity": 926637,
            "current_ratio": 458.71,
            "debt_ratio": 10.76,
            "inventory_turnover_ratio": null,
            "account_receivable_turnover_ratio": 1.88,
            "reinvestment_rate": 60.03,
            "research_to_sale_ratio": null,
            "price_fair": 67.05,
            "eps_avg_yearly": 2.03,
            "eps_latest_yearly": 2.64,
            "eps_growth_yearly": 23.02
        },
        "20101": {
            "year_quarter": 20101,
            "year": 2010,
            "quarter": 1,
            "eps": 0.78,
            "eps_growth_year": null,
            "eps_4q": 2.79,
            "eps_4q_growth_year": 260.32,
            "roe": 5.12,
            "roe_4q": 19.48,
            "gross_profit": 75482,
            "gross_margin": 45.08,
            "gross_margin_4q_avg": 41.74,
            "net_income": 48687,
            "net_income_4q": null,
            "revenue": 167446,
            "revenue_4q": null,
            "common_shares": 624516,
            "book_valuer_per_share": 15.62,
            "book_valuer_per_share_4q_avg": 14.52,
            "equity": 975324,
            "current_ratio": 552.57,
            "debt_ratio": 9.73,
            "inventory_turnover_ratio": null,
            "account_receivable_turnover_ratio": 0.97,
            "reinvestment_rate": 46.81,
            "research_to_sale_ratio": 1.05,
            "price_fair": 73.12,
            "eps_avg_yearly": 2.09,
            "eps_latest_yearly": 3.12,
            "eps_growth_yearly": 34.17
        },
        "20102": {
            "year_quarter": 20102,
            "year": 2010,
            "quarter": 2,
            "eps": 0.73,
            "eps_growth_year": 20.08,
            "eps_4q": 2.74,
            "eps_4q_growth_year": 174.48,
            "roe": 5.1,
            "roe_4q": 20.13,
            "gross_profit": 73487,
            "gross_margin": 43.31,
            "gross_margin_4q_avg": 42.29,
            "net_income": 49680,
            "net_income_4q": null,
            "revenue": 169693,
            "revenue_4q": null,
            "common_shares": 624516,
            "book_valuer_per_share": 15.55,
            "book_valuer_per_share_4q_avg": 15.05,
            "equity": 971296,
            "current_ratio": 341.15,
            "debt_ratio": 14.77,
            "inventory_turnover_ratio": null,
            "account_receivable_turnover_ratio": 0.94,
            "reinvestment_rate": 53.83,
            "research_to_sale_ratio": 1.06,
            "price_fair": 76.78,
            "eps_avg_yearly": 2.19,
            "eps_latest_yearly": 2.92,
            "eps_growth_yearly": 42.62
        },
        "20103": {
            "year_quarter": 20103,
            "year": 2010,
            "quarter": 3,
            "eps": 0.7,
            "eps_growth_year": -6.06,
            "eps_4q": 2.75,
            "eps_4q_growth_year": 127.05,
            "roe": 4.74,
            "roe_4q": 19.490000000000002,
            "gross_profit": 75056,
            "gross_margin": 43.46,
            "gross_margin_4q_avg": 42.62,
            "net_income": 47147,
            "net_income_4q": null,
            "revenue": 172693,
            "revenue_4q": null,
            "common_shares": 678225,
            "book_valuer_per_share": 15.02,
            "book_valuer_per_share_4q_avg": 15.26,
            "equity": 1018443,
            "current_ratio": 581.63,
            "debt_ratio": 9.22,
            "inventory_turnover_ratio": null,
            "account_receivable_turnover_ratio": 0.96,
            "reinvestment_rate": 44.47,
            "research_to_sale_ratio": 1.16,
            "price_fair": 78.72,
            "eps_avg_yearly": 2.25,
            "eps_latest_yearly": 2.8,
            "eps_growth_yearly": 31.1
        },
        "20104": {
            "year_quarter": 20104,
            "year": 2010,
            "quarter": 4,
            "eps": 0.49,
            "eps_growth_year": -25.65,
            "eps_4q": 2.64,
            "eps_4q_growth_year": 38.57,
            "roe": 3.22,
            "roe_4q": 18.18,
            "gross_profit": 48481,
            "gross_margin": 32.16,
            "gross_margin_4q_avg": 41,
            "net_income": 33279,
            "net_income_4q": null,
            "revenue": 150731,
            "revenue_4q": null,
            "common_shares": 678225,
            "book_valuer_per_share": 15.51,
            "book_valuer_per_share_4q_avg": 15.43,
            "equity": 1051722,
            "current_ratio": 527.74,
            "debt_ratio": 10.61,
            "inventory_turnover_ratio": null,
            "account_receivable_turnover_ratio": 0.9,
            "reinvestment_rate": 32.79,
            "research_to_sale_ratio": 1.72,
            "price_fair": 36.94,
            "eps_avg_yearly": 2.16,
            "eps_latest_yearly": 1.96,
            "eps_growth_yearly": 7.08
        },
        "20111": {
            "year_quarter": 20111,
            "year": 2011,
            "quarter": 1,
            "eps": 0.58,
            "eps_growth_year": -25.64,
            "eps_4q": 2.5,
            "eps_4q_growth_year": -10.26,
            "roe": 3.68,
            "roe_4q": 16.740000000000002,
            "gross_profit": 60850,
            "gross_margin": 39.77,
            "gross_margin_4q_avg": 39.68,
            "net_income": 39468,
            "net_income_4q": null,
            "revenue": 153009,
            "revenue_4q": null,
            "common_shares": 678225,
            "book_valuer_per_share": 16.09,
            "book_valuer_per_share_4q_avg": 15.54,
            "equity": 1091190,
            "current_ratio": 684.29,
            "debt_ratio": 8.38,
            "inventory_turnover_ratio": null,
            "account_receivable_turnover_ratio": 0.95,
            "reinvestment_rate": 32.77,
            "research_to_sale_ratio": 2.09,
            "price_fair": 78.72,
            "eps_avg_yearly": 2.25,
            "eps_latest_yearly": 2.32,
            "eps_growth_yearly": 31.51
        },
        "20112": {
            "year_quarter": 20112,
            "year": 2011,
            "quarter": 2,
            "eps": 0.67,
            "eps_growth_year": -8.43,
            "eps_4q": 2.28,
            "eps_4q_growth_year": -16.85,
            "roe": 4.65,
            "roe_4q": 16.29,
            "gross_profit": 73498,
            "gross_margin": 42.62,
            "gross_margin_4q_avg": 39.5,
            "net_income": 50040,
            "net_income_4q": null,
            "revenue": 172438,
            "revenue_4q": null,
            "common_shares": 678225,
            "book_valuer_per_share": 15.66,
            "book_valuer_per_share_4q_avg": 15.57,
            "equity": 1061878,
            "current_ratio": 326.7,
            "debt_ratio": 15.37,
            "inventory_turnover_ratio": null,
            "account_receivable_turnover_ratio": 0.98,
            "reinvestment_rate": 42.77,
            "research_to_sale_ratio": 1.15,
            "price_fair": 81.52,
            "eps_avg_yearly": 2.33,
            "eps_latest_yearly": 2.68,
            "eps_growth_yearly": 25
        },
        "20113": {
            "year_quarter": 20113,
            "year": 2011,
            "quarter": 3,
            "eps": 0.36,
            "eps_growth_year": -47.94,
            "eps_4q": 2.01,
            "eps_4q_growth_year": -27.01,
            "roe": 2.51,
            "roe_4q": 14.06,
            "gross_profit": 44688,
            "gross_margin": 33.07,
            "gross_margin_4q_avg": 36.91,
            "net_income": 26999,
            "net_income_4q": null,
            "revenue": 135132,
            "revenue_4q": null,
            "common_shares": 746047,
            "book_valuer_per_share": 14.6,
            "book_valuer_per_share_4q_avg": 15.47,
            "equity": 1088877,
            "current_ratio": 764.52,
            "debt_ratio": 6.28,
            "inventory_turnover_ratio": null,
            "account_receivable_turnover_ratio": 0.82,
            "reinvestment_rate": 25.63,
            "research_to_sale_ratio": 1.52,
            "price_fair": 6.79,
            "eps_avg_yearly": 2.26,
            "eps_latest_yearly": 1.44,
            "eps_growth_yearly": -1.24
        },
        "20114": {
            "year_quarter": 20114,
            "year": 2011,
            "quarter": 4,
            "eps": 0.18,
            "eps_growth_year": -63.14,
            "eps_4q": 1.74,
            "eps_4q_growth_year": -33.9,
            "roe": 1.23,
            "roe_4q": 12.07,
            "gross_profit": 26460,
            "gross_margin": 25.15,
            "gross_margin_4q_avg": 35.15,
            "net_income": 13493,
            "net_income_4q": null,
            "revenue": 105198,
            "revenue_4q": null,
            "common_shares": 746047,
            "book_valuer_per_share": 14.78,
            "book_valuer_per_share_4q_avg": 15.28,
            "equity": 1102370,
            "current_ratio": 788.82,
            "debt_ratio": 6.5,
            "inventory_turnover_ratio": null,
            "account_receivable_turnover_ratio": 0.82,
            "reinvestment_rate": 11.19,
            "research_to_sale_ratio": 1.62,
            "price_fair": 6.54,
            "eps_avg_yearly": 2.18,
            "eps_latest_yearly": 0.72,
            "eps_growth_yearly": -10.69
        },
        "20121": {
            "year_quarter": 20121,
            "year": 2012,
            "quarter": 1,
            "eps": 0.25,
            "eps_growth_year": -56.9,
            "eps_4q": 1.46,
            "eps_4q_growth_year": -41.47,
            "roe": 1.68,
            "roe_4q": 10.07,
            "gross_profit": 33923,
            "gross_margin": 30.07,
            "gross_margin_4q_avg": 32.73,
            "net_income": 18636,
            "net_income_4q": null,
            "revenue": 112798,
            "revenue_4q": null,
            "common_shares": 746047,
            "book_valuer_per_share": 15.03,
            "book_valuer_per_share_4q_avg": 15.02,
            "equity": 1121006,
            "current_ratio": 982.76,
            "debt_ratio": 5.55,
            "inventory_turnover_ratio": null,
            "account_receivable_turnover_ratio": 0.95,
            "reinvestment_rate": 9.13,
            "research_to_sale_ratio": 2.19,
            "price_fair": 53.64,
            "eps_avg_yearly": 2.18,
            "eps_latest_yearly": 1,
            "eps_growth_yearly": 14.66
        },
        "20122": {
            "year_quarter": 20122,
            "year": 2012,
            "quarter": 2,
            "eps": 0.4,
            "eps_growth_year": -41.04,
            "eps_4q": 1.13,
            "eps_4q_growth_year": -50.27,
            "roe": 2.86,
            "roe_4q": 8.28,
            "gross_profit": 56204,
            "gross_margin": 38.91,
            "gross_margin_4q_avg": 31.8,
            "net_income": 31716,
            "net_income_4q": null,
            "revenue": 144434,
            "revenue_4q": null,
            "common_shares": 746047,
            "book_valuer_per_share": 14.7,
            "book_valuer_per_share_4q_avg": 14.78,
            "equity": 1096768,
            "current_ratio": 509.83,
            "debt_ratio": 11.5,
            "inventory_turnover_ratio": null,
            "account_receivable_turnover_ratio": 1.02,
            "reinvestment_rate": -7.67,
            "research_to_sale_ratio": 1.42,
            "price_fair": 52.46,
            "eps_avg_yearly": 2.17,
            "eps_latest_yearly": 1.6,
            "eps_growth_yearly": 14.18
        },
        "20123": {
            "year_quarter": 20123,
            "year": 2012,
            "quarter": 3,
            "eps": 0.26,
            "eps_growth_year": -28.39,
            "eps_4q": 1.06,
            "eps_4q_growth_year": -47.44,
            "roe": 1.88,
            "roe_4q": 7.65,
            "gross_profit": 38588,
            "gross_margin": 31.36,
            "gross_margin_4q_avg": 31.37,
            "net_income": 20784,
            "net_income_4q": null,
            "revenue": 123035,
            "revenue_4q": null,
            "common_shares": 802001,
            "book_valuer_per_share": 13.93,
            "book_valuer_per_share_4q_avg": 14.61,
            "equity": 1117552,
            "current_ratio": 862.65,
            "debt_ratio": 6.95,
            "inventory_turnover_ratio": null,
            "account_receivable_turnover_ratio": 0.85,
            "reinvestment_rate": -12.8,
            "research_to_sale_ratio": 1.71,
            "price_fair": 6.28,
            "eps_avg_yearly": 2.09,
            "eps_latest_yearly": 1.04,
            "eps_growth_yearly": -3.18
        },
        "20124": {
            "year_quarter": 20124,
            "year": 2012,
            "quarter": 4,
            "eps": 0.19,
            "eps_growth_year": 7.03,
            "eps_4q": 1.08,
            "eps_4q_growth_year": -37.99,
            "roe": 1.38,
            "roe_4q": 7.799999999999999,
            "gross_profit": 30483,
            "gross_margin": 27.1,
            "gross_margin_4q_avg": 31.86,
            "net_income": 15525,
            "net_income_4q": null,
            "revenue": 112503,
            "revenue_4q": null,
            "common_shares": 802001,
            "book_valuer_per_share": 14.12,
            "book_valuer_per_share_4q_avg": 14.45,
            "equity": 1132429,
            "current_ratio": 1030.31,
            "debt_ratio": 7.87,
            "inventory_turnover_ratio": null,
            "account_receivable_turnover_ratio": 0.9,
            "reinvestment_rate": -11.82,
            "research_to_sale_ratio": 1.98,
            "price_fair": 5.99,
            "eps_avg_yearly": 2,
            "eps_latest_yearly": 0.76,
            "eps_growth_yearly": -10.64
        },
        "20131": {
            "year_quarter": 20131,
            "year": 2013,
            "quarter": 1,
            "eps": 0.36,
            "eps_growth_year": 44,
            "eps_4q": 1.21,
            "eps_4q_growth_year": -17.57,
            "roe": 2.52,
            "roe_4q": 8.639999999999999,
            "gross_profit": 43344,
            "gross_margin": 35.34,
            "gross_margin_4q_avg": 33.18,
            "net_income": 28716,
            "net_income_4q": null,
            "revenue": 122633,
            "revenue_4q": null,
            "common_shares": 802001,
            "book_valuer_per_share": 14.29,
            "book_valuer_per_share_4q_avg": 14.26,
            "equity": 1145761,
            "current_ratio": 1065.88,
            "debt_ratio": 8.58,
            "inventory_turnover_ratio": null,
            "account_receivable_turnover_ratio": 1,
            "reinvestment_rate": -10.38,
            "research_to_sale_ratio": 1.64,
            "price_fair": 46.89,
            "eps_avg_yearly": 1.96,
            "eps_latest_yearly": 1.44,
            "eps_growth_yearly": 13.92
        },
        "20132": {
            "year_quarter": 20132,
            "year": 2013,
            "quarter": 2,
            "eps": 0.43,
            "eps_growth_year": 8.73,
            "eps_4q": 1.24,
            "eps_4q_growth_year": 9.23,
            "roe": 3.05,
            "roe_4q": 8.83,
            "gross_profit": 52365,
            "gross_margin": 37.81,
            "gross_margin_4q_avg": 32.9,
            "net_income": 34205,
            "net_income_4q": null,
            "revenue": 138494,
            "revenue_4q": null,
            "common_shares": 802001,
            "book_valuer_per_share": 13.71,
            "book_valuer_per_share_4q_avg": 14.01,
            "equity": 1099766,
            "current_ratio": 487.49,
            "debt_ratio": 15.48,
            "inventory_turnover_ratio": null,
            "account_receivable_turnover_ratio": 1,
            "reinvestment_rate": -10.24,
            "research_to_sale_ratio": 1.64,
            "price_fair": 54.3,
            "eps_avg_yearly": 1.95,
            "eps_latest_yearly": 1.72,
            "eps_growth_yearly": 17.92
        },
        "20133": {
            "year_quarter": 20133,
            "year": 2013,
            "quarter": 3,
            "eps": 0.4,
            "eps_growth_year": 54.35,
            "eps_4q": 1.38,
            "eps_4q_growth_year": 30.82,
            "roe": 2.89,
            "roe_4q": 9.84,
            "gross_profit": 50117,
            "gross_margin": 37.51,
            "gross_margin_4q_avg": 34.44,
            "net_income": 32264,
            "net_income_4q": null,
            "revenue": 133625,
            "revenue_4q": null,
            "common_shares": 802001,
            "book_valuer_per_share": 14.12,
            "book_valuer_per_share_4q_avg": 14.06,
            "equity": 1132030,
            "current_ratio": 863.04,
            "debt_ratio": 9.71,
            "inventory_turnover_ratio": null,
            "account_receivable_turnover_ratio": 0.92,
            "reinvestment_rate": -34.87,
            "research_to_sale_ratio": 1.55,
            "price_fair": 38.77,
            "eps_avg_yearly": 1.86,
            "eps_latest_yearly": 1.6,
            "eps_growth_yearly": 10.84
        },
        "20134": {
            "year_quarter": 20134,
            "year": 2013,
            "quarter": 4,
            "eps": 0.26,
            "eps_growth_year": 32.43,
            "eps_4q": 1.44,
            "eps_4q_growth_year": 33.56,
            "roe": 1.8,
            "roe_4q": 10.26,
            "gross_profit": 39869,
            "gross_margin": 31.55,
            "gross_margin_4q_avg": 35.55,
            "net_income": 20559,
            "net_income_4q": null,
            "revenue": 126349,
            "revenue_4q": null,
            "common_shares": 802001,
            "book_valuer_per_share": 14.31,
            "book_valuer_per_share_4q_avg": 14.11,
            "equity": 1148031,
            "current_ratio": 813.83,
            "debt_ratio": 10.04,
            "inventory_turnover_ratio": null,
            "account_receivable_turnover_ratio": 0.93,
            "reinvestment_rate": -30.94,
            "research_to_sale_ratio": 2.57,
            "price_fair": 26.04,
            "eps_avg_yearly": 1.76,
            "eps_latest_yearly": 1.04,
            "eps_growth_yearly": 4.8
        },
        "20141": {
            "year_quarter": 20141,
            "year": 2014,
            "quarter": 1,
            "eps": 0.38,
            "eps_growth_year": 5.56,
            "eps_4q": 1.46,
            "eps_4q_growth_year": 21.45,
            "roe": 2.62,
            "roe_4q": 10.36,
            "gross_profit": 49843,
            "gross_margin": 37.92,
            "gross_margin_4q_avg": 36.2,
            "net_income": 30460,
            "net_income_4q": null,
            "revenue": 131431,
            "revenue_4q": null,
            "common_shares": 802001,
            "book_valuer_per_share": 14.69,
            "book_valuer_per_share_4q_avg": 14.21,
            "equity": 1178491,
            "current_ratio": 973.37,
            "debt_ratio": 8.72,
            "inventory_turnover_ratio": null,
            "account_receivable_turnover_ratio": 0.98,
            "reinvestment_rate": -27.89,
            "research_to_sale_ratio": 1.6,
            "price_fair": 36.17,
            "eps_avg_yearly": 1.66,
            "eps_latest_yearly": 1.52,
            "eps_growth_yearly": 11.79
        },
        "20142": {
            "year_quarter": 20142,
            "year": 2014,
            "quarter": 2,
            "eps": 0.46,
            "eps_growth_year": 6.98,
            "eps_4q": 1.49,
            "eps_4q_growth_year": 20.79,
            "roe": 3.16,
            "roe_4q": 10.47,
            "gross_profit": 58256,
            "gross_margin": 41.44,
            "gross_margin_4q_avg": 37.11,
            "net_income": 36575,
            "net_income_4q": null,
            "revenue": 140563,
            "revenue_4q": null,
            "common_shares": 802001,
            "book_valuer_per_share": 14.15,
            "book_valuer_per_share_4q_avg": 14.32,
            "equity": 1134866,
            "current_ratio": 518.38,
            "debt_ratio": 15.04,
            "inventory_turnover_ratio": null,
            "account_receivable_turnover_ratio": 0.98,
            "reinvestment_rate": -39.83,
            "research_to_sale_ratio": 1.53,
            "price_fair": 45.63,
            "eps_avg_yearly": 1.59,
            "eps_latest_yearly": 1.84,
            "eps_growth_yearly": 18.66
        },
        "20143": {
            "year_quarter": 20143,
            "year": 2014,
            "quarter": 3,
            "eps": 0.44,
            "eps_growth_year": 10,
            "eps_4q": 1.54,
            "eps_4q_growth_year": 11.34,
            "roe": 3.09,
            "roe_4q": 10.670000000000002,
            "gross_profit": 55367,
            "gross_margin": 40.38,
            "gross_margin_4q_avg": 37.82,
            "net_income": 35671,
            "net_income_4q": null,
            "revenue": 137124,
            "revenue_4q": null,
            "common_shares": 802001,
            "book_valuer_per_share": 14.6,
            "book_valuer_per_share_4q_avg": 14.44,
            "equity": 1170537,
            "current_ratio": 854.77,
            "debt_ratio": 9.27,
            "inventory_turnover_ratio": null,
            "account_receivable_turnover_ratio": 0.92,
            "reinvestment_rate": -28.71,
            "research_to_sale_ratio": 1.67,
            "price_fair": 43.68,
            "eps_avg_yearly": 1.53,
            "eps_latest_yearly": 1.76,
            "eps_growth_yearly": 18.6
        },
        "20144": {
            "year_quarter": 20144,
            "year": 2014,
            "quarter": 4,
            "eps": 0.17,
            "eps_growth_year": -34.21,
            "eps_4q": 1.45,
            "eps_4q_growth_year": 0.42,
            "roe": 1.15,
            "roe_4q": 10.02,
            "gross_profit": 39032,
            "gross_margin": 31.3,
            "gross_margin_4q_avg": 37.76,
            "net_income": 13525,
            "net_income_4q": null,
            "revenue": 124706,
            "revenue_4q": null,
            "common_shares": 802001,
            "book_valuer_per_share": 14.78,
            "book_valuer_per_share_4q_avg": 14.56,
            "equity": 1185217,
            "current_ratio": 880.25,
            "debt_ratio": 9.14,
            "inventory_turnover_ratio": null,
            "account_receivable_turnover_ratio": 0.9,
            "reinvestment_rate": -31.35,
            "research_to_sale_ratio": 2.19,
            "price_fair": 30.04,
            "eps_avg_yearly": 1.45,
            "eps_latest_yearly": 0.68,
            "eps_growth_yearly": 10.75
        },
        "20151": {
            "year_quarter": 20151,
            "year": 2015,
            "quarter": 1,
            "eps": 0.22,
            "eps_growth_year": -42.11,
            "eps_4q": 1.29,
            "eps_4q_growth_year": -12.11,
            "roe": 1.46,
            "roe_4q": 8.86,
            "gross_profit": 32928,
            "gross_margin": 30.05,
            "gross_margin_4q_avg": 35.79,
            "net_income": 17489,
            "net_income_4q": null,
            "revenue": 109563,
            "revenue_4q": null,
            "common_shares": 802001,
            "book_valuer_per_share": 15,
            "book_valuer_per_share_4q_avg": 14.63,
            "equity": 1202706,
            "current_ratio": 1142.44,
            "debt_ratio": 7.47,
            "inventory_turnover_ratio": null,
            "account_receivable_turnover_ratio": 0.89,
            "reinvestment_rate": -34.09,
            "research_to_sale_ratio": 1.79,
            "price_fair": 31.92,
            "eps_avg_yearly": 1.36,
            "eps_latest_yearly": 0.88,
            "eps_growth_yearly": 13.52
        },
        "20152": {
            "year_quarter": 20152,
            "year": 2015,
            "quarter": 2,
            "eps": 0.35,
            "eps_growth_year": -23.91,
            "eps_4q": 1.18,
            "eps_4q_growth_year": -20.93,
            "roe": 2.39,
            "roe_4q": 8.09,
            "gross_profit": 48575,
            "gross_margin": 37.52,
            "gross_margin_4q_avg": 34.81,
            "net_income": 28090,
            "net_income_4q": null,
            "revenue": 129468,
            "revenue_4q": null,
            "common_shares": 802001,
            "book_valuer_per_share": 14.35,
            "book_valuer_per_share_4q_avg": 14.68,
            "equity": 1150596,
            "current_ratio": 572.16,
            "debt_ratio": 13.98,
            "inventory_turnover_ratio": null,
            "account_receivable_turnover_ratio": 1.02,
            "reinvestment_rate": -65.95,
            "research_to_sale_ratio": 1.55,
            "price_fair": 43.96,
            "eps_avg_yearly": 1.28,
            "eps_latest_yearly": 1.4,
            "eps_growth_yearly": 24.41
        },
        "20153": {
            "year_quarter": 20153,
            "year": 2015,
            "quarter": 3,
            "eps": 0.38,
            "eps_growth_year": -13.64,
            "eps_4q": 1.12,
            "eps_4q_growth_year": -27.04,
            "roe": 2.64,
            "roe_4q": 7.640000000000001,
            "gross_profit": 50443,
            "gross_margin": 38.22,
            "gross_margin_4q_avg": 34.27,
            "net_income": 30824,
            "net_income_4q": null,
            "revenue": 131966,
            "revenue_4q": null,
            "common_shares": 802001,
            "book_valuer_per_share": 14.73,
            "book_valuer_per_share_4q_avg": 14.72,
            "equity": 1181420,
            "current_ratio": 1042.13,
            "debt_ratio": 8.24,
            "inventory_turnover_ratio": null,
            "account_receivable_turnover_ratio": 0.95,
            "reinvestment_rate": -59.05,
            "research_to_sale_ratio": 1.65,
            "price_fair": 44.89,
            "eps_avg_yearly": 1.28,
            "eps_latest_yearly": 1.52,
            "eps_growth_yearly": 38.12
        },
        "20154": {
            "year_quarter": 20154,
            "year": 2015,
            "quarter": 4,
            "eps": 0.21,
            "eps_growth_year": 22.02,
            "eps_4q": 1.16,
            "eps_4q_growth_year": -20.07,
            "roe": 1.39,
            "roe_4q": 7.88,
            "gross_profit": 38017,
            "gross_margin": 30.47,
            "gross_margin_4q_avg": 34.07,
            "net_income": 16503,
            "net_income_4q": null,
            "revenue": 124771,
            "revenue_4q": null,
            "common_shares": 802001,
            "book_valuer_per_share": 14.9,
            "book_valuer_per_share_4q_avg": 14.75,
            "equity": 1195167,
            "current_ratio": 936.68,
            "debt_ratio": 10.8,
            "inventory_turnover_ratio": null,
            "account_receivable_turnover_ratio": 0.94,
            "reinvestment_rate": -54.63,
            "research_to_sale_ratio": 2.73,
            "price_fair": 45.15,
            "eps_avg_yearly": 1.29,
            "eps_latest_yearly": 0.84,
            "eps_growth_yearly": 39.43
        },
        "20161": {
            "year_quarter": 20161,
            "year": 2016,
            "quarter": 1,
            "eps": 0.32,
            "eps_growth_year": 45.45,
            "eps_4q": 1.26,
            "eps_4q_growth_year": -1.79,
            "roe": 2.15,
            "roe_4q": 8.57,
            "gross_profit": 46633,
            "gross_margin": 35.44,
            "gross_margin_4q_avg": 35.41,
            "net_income": 25995,
            "net_income_4q": null,
            "revenue": 131592,
            "revenue_4q": null,
            "common_shares": 802001,
            "book_valuer_per_share": 15.23,
            "book_valuer_per_share_4q_avg": 14.8,
            "equity": 1221162,
            "current_ratio": 1157.76,
            "debt_ratio": 7.77,
            "inventory_turnover_ratio": null,
            "account_receivable_turnover_ratio": 1,
            "reinvestment_rate": -44.49,
            "research_to_sale_ratio": 1.78,
            "price_fair": 45.76,
            "eps_avg_yearly": 1.31,
            "eps_latest_yearly": 1.28,
            "eps_growth_yearly": 42.81
        },
        "20162": {
            "year_quarter": 20162,
            "year": 2016,
            "quarter": 2,
            "eps": 0.35,
            "eps_growth_year": 0,
            "eps_4q": 1.26,
            "eps_4q_growth_year": 6.84,
            "roe": 2.26,
            "roe_4q": 8.44,
            "gross_profit": 57576,
            "gross_margin": 41.22,
            "gross_margin_4q_avg": 36.34,
            "net_income": 27935,
            "net_income_4q": null,
            "revenue": 139668,
            "revenue_4q": null,
            "common_shares": 802001,
            "book_valuer_per_share": 15.57,
            "book_valuer_per_share_4q_avg": 15.11,
            "equity": 1249097,
            "current_ratio": 987.82,
            "debt_ratio": 9,
            "inventory_turnover_ratio": null,
            "account_receivable_turnover_ratio": 0.98,
            "reinvestment_rate": -41.66,
            "research_to_sale_ratio": 1.64,
            "price_fair": 45.33,
            "eps_avg_yearly": 1.3,
            "eps_latest_yearly": 1.4,
            "eps_growth_yearly": 30.15
        },
        "20163": {
            "year_quarter": 20163,
            "year": 2016,
            "quarter": 3,
            "eps": null,
            "eps_growth_year": null,
            "eps_4q": null,
            "eps_4q_growth_year": null,
            "roe": null,
            "roe_4q": 5.8,
            "gross_profit": null,
            "gross_margin": null,
            "gross_margin_4q_avg": 26.78,
            "net_income": null,
            "net_income_4q": null,
            "revenue": null,
            "revenue_4q": null,
            "common_shares": null,
            "book_valuer_per_share": null,
            "book_valuer_per_share_4q_avg": 11.43,
            "equity": null,
            "current_ratio": null,
            "debt_ratio": null,
            "inventory_turnover_ratio": null,
            "account_receivable_turnover_ratio": null,
            "reinvestment_rate": null,
            "research_to_sale_ratio": null,
            "price_fair": 45.92,
            "eps_avg_yearly": 1.31,
            "eps_latest_yearly": 1.4,
            "eps_growth_yearly": 41.5
        }
    },
    "months": {
        "2003-09": {
            "month": "2003-09",
            "price": "28.20",
            "revenue": 19284
        },
        "2003-10": {
            "month": "2003-10",
            "price": "27.62",
            "revenue": 18229
        },
        "2003-11": {
            "month": "2003-11",
            "price": "27.22",
            "revenue": 16404
        },
        "2003-12": {
            "month": "2003-12",
            "price": "26.10",
            "revenue": 16234
        },
        "2004-01": {
            "month": "2004-01",
            "price": "26.00",
            "revenue": 14844
        },
        "2004-02": {
            "month": "2004-02",
            "price": "27.51",
            "revenue": 14791
        },
        "2004-03": {
            "month": "2004-03",
            "price": "27.16",
            "revenue": 20340
        },
        "2004-04": {
            "month": "2004-04",
            "price": "29.50",
            "revenue": 20491
        },
        "2004-05": {
            "month": "2004-05",
            "price": "26.74",
            "revenue": 21000
        },
        "2004-06": {
            "month": "2004-06",
            "price": "27.09",
            "revenue": 28031
        },
        "2004-07": {
            "month": "2004-07",
            "price": "21.72",
            "revenue": 14512
        },
        "2004-08": {
            "month": "2004-08",
            "price": "12.26",
            "revenue": 14328
        },
        "2004-09": {
            "month": "2004-09",
            "price": "11.27",
            "revenue": 16685
        },
        "2004-10": {
            "month": "2004-10",
            "price": "8.12",
            "revenue": 17939
        },
        "2004-11": {
            "month": "2004-11",
            "price": "6.70",
            "revenue": 18128
        },
        "2004-12": {
            "month": "2004-12",
            "price": "6.51",
            "revenue": 18632
        },
        "2005-01": {
            "month": "2005-01",
            "price": "6.16",
            "revenue": 16581
        },
        "2005-02": {
            "month": "2005-02",
            "price": "7.53",
            "revenue": 14275
        },
        "2005-03": {
            "month": "2005-03",
            "price": "8.01",
            "revenue": 21455
        },
        "2005-04": {
            "month": "2005-04",
            "price": "7.04",
            "revenue": 20591
        },
        "2005-05": {
            "month": "2005-05",
            "price": "6.55",
            "revenue": 29022
        },
        "2005-06": {
            "month": "2005-06",
            "price": "9.65",
            "revenue": 25740
        },
        "2005-07": {
            "month": "2005-07",
            "price": "12.58",
            "revenue": 28229
        },
        "2005-08": {
            "month": "2005-08",
            "price": "10.57",
            "revenue": 29364
        },
        "2005-09": {
            "month": "2005-09",
            "price": "10.65",
            "revenue": 34095
        },
        "2005-10": {
            "month": "2005-10",
            "price": "12.14",
            "revenue": 32608
        },
        "2005-11": {
            "month": "2005-11",
            "price": "12.15",
            "revenue": 39949
        },
        "2005-12": {
            "month": "2005-12",
            "price": "21.04",
            "revenue": 32945
        },
        "2006-01": {
            "month": "2006-01",
            "price": "23.36",
            "revenue": 29885
        },
        "2006-02": {
            "month": "2006-02",
            "price": "21.75",
            "revenue": 32407
        },
        "2006-03": {
            "month": "2006-03",
            "price": "25.18",
            "revenue": 39140
        },
        "2006-04": {
            "month": "2006-04",
            "price": "27.77",
            "revenue": 28748
        },
        "2006-05": {
            "month": "2006-05",
            "price": "24.23",
            "revenue": 30905
        },
        "2006-06": {
            "month": "2006-06",
            "price": "18.14",
            "revenue": 33252
        },
        "2006-07": {
            "month": "2006-07",
            "price": "17.67",
            "revenue": 32084
        },
        "2006-08": {
            "month": "2006-08",
            "price": "16.77",
            "revenue": 40001
        },
        "2006-09": {
            "month": "2006-09",
            "price": "20.25",
            "revenue": 38143
        },
        "2006-10": {
            "month": "2006-10",
            "price": "20.88",
            "revenue": 44887
        },
        "2006-11": {
            "month": "2006-11",
            "price": "21.13",
            "revenue": 45910
        },
        "2006-12": {
            "month": "2006-12",
            "price": "21.63",
            "revenue": 38378
        },
        "2007-01": {
            "month": "2007-01",
            "price": "22.10",
            "revenue": 35435
        },
        "2007-02": {
            "month": "2007-02",
            "price": "21.25",
            "revenue": 25942
        },
        "2007-03": {
            "month": "2007-03",
            "price": "20.72",
            "revenue": 34747
        },
        "2007-04": {
            "month": "2007-04",
            "price": "21.57",
            "revenue": 35770
        },
        "2007-05": {
            "month": "2007-05",
            "price": "20.03",
            "revenue": 39705
        },
        "2007-06": {
            "month": "2007-06",
            "price": "22.69",
            "revenue": 34863
        },
        "2007-07": {
            "month": "2007-07",
            "price": "25.85",
            "revenue": 42535
        },
        "2007-08": {
            "month": "2007-08",
            "price": "20.97",
            "revenue": 43082
        },
        "2007-09": {
            "month": "2007-09",
            "price": "19.25",
            "revenue": 39779
        },
        "2007-10": {
            "month": "2007-10",
            "price": "19.17",
            "revenue": 48188
        },
        "2007-11": {
            "month": "2007-11",
            "price": "16.75",
            "revenue": 43037
        },
        "2007-12": {
            "month": "2007-12",
            "price": "14.65",
            "revenue": 37071
        },
        "2008-01": {
            "month": "2008-01",
            "price": "12.67",
            "revenue": 38792
        },
        "2008-02": {
            "month": "2008-02",
            "price": "12.35",
            "revenue": 30727
        },
        "2008-03": {
            "month": "2008-03",
            "price": "13.37",
            "revenue": 36321
        },
        "2008-04": {
            "month": "2008-04",
            "price": "14.94",
            "revenue": 37594
        },
        "2008-05": {
            "month": "2008-05",
            "price": "15.20",
            "revenue": 38076
        },
        "2008-06": {
            "month": "2008-06",
            "price": "13.27",
            "revenue": 38891
        },
        "2008-07": {
            "month": "2008-07",
            "price": "12.02",
            "revenue": 43833
        },
        "2008-08": {
            "month": "2008-08",
            "price": "11.65",
            "revenue": 43163
        },
        "2008-09": {
            "month": "2008-09",
            "price": "9.97",
            "revenue": 49723
        },
        "2008-10": {
            "month": "2008-10",
            "price": "8.59",
            "revenue": 45372
        },
        "2008-11": {
            "month": "2008-11",
            "price": "7.66",
            "revenue": 29005
        },
        "2008-12": {
            "month": "2008-12",
            "price": "6.97",
            "revenue": 16324
        },
        "2009-01": {
            "month": "2009-01",
            "price": "6.71",
            "revenue": 11101
        },
        "2009-02": {
            "month": "2009-02",
            "price": "6.75",
            "revenue": 16761
        },
        "2009-03": {
            "month": "2009-03",
            "price": "8.33",
            "revenue": 32589
        },
        "2009-04": {
            "month": "2009-04",
            "price": "10.12",
            "revenue": 41323
        },
        "2009-05": {
            "month": "2009-05",
            "price": "10.93",
            "revenue": 41941
        },
        "2009-06": {
            "month": "2009-06",
            "price": "11.80",
            "revenue": 50398
        },
        "2009-07": {
            "month": "2009-07",
            "price": "14.13",
            "revenue": 53389
        },
        "2009-08": {
            "month": "2009-08",
            "price": "16.02",
            "revenue": 53754
        },
        "2009-09": {
            "month": "2009-09",
            "price": "18.04",
            "revenue": 56160
        },
        "2009-10": {
            "month": "2009-10",
            "price": "19.19",
            "revenue": 58487
        },
        "2009-11": {
            "month": "2009-11",
            "price": "18.84",
            "revenue": 50745
        },
        "2009-12": {
            "month": "2009-12",
            "price": "19.55",
            "revenue": 50628
        },
        "2010-01": {
            "month": "2010-01",
            "price": "20.82",
            "revenue": 54071
        },
        "2010-02": {
            "month": "2010-02",
            "price": "19.76",
            "revenue": 49900
        },
        "2010-03": {
            "month": "2010-03",
            "price": "24.26",
            "revenue": 63474
        },
        "2010-04": {
            "month": "2010-04",
            "price": "28.65",
            "revenue": 59852
        },
        "2010-05": {
            "month": "2010-05",
            "price": "26.15",
            "revenue": 57386
        },
        "2010-06": {
            "month": "2010-06",
            "price": "24.14",
            "revenue": 52456
        },
        "2010-07": {
            "month": "2010-07",
            "price": "24.50",
            "revenue": 62259
        },
        "2010-08": {
            "month": "2010-08",
            "price": "23.64",
            "revenue": 59493
        },
        "2010-09": {
            "month": "2010-09",
            "price": "22.51",
            "revenue": 50941
        },
        "2010-10": {
            "month": "2010-10",
            "price": "21.91",
            "revenue": 47865
        },
        "2010-11": {
            "month": "2010-11",
            "price": "21.03",
            "revenue": 52222
        },
        "2010-12": {
            "month": "2010-12",
            "price": "22.64",
            "revenue": 50644
        },
        "2011-01": {
            "month": "2011-01",
            "price": "22.71",
            "revenue": 51897
        },
        "2011-02": {
            "month": "2011-02",
            "price": "22.16",
            "revenue": 41570
        },
        "2011-03": {
            "month": "2011-03",
            "price": "22.76",
            "revenue": 59542
        },
        "2011-04": {
            "month": "2011-04",
            "price": "23.18",
            "revenue": 56562
        },
        "2011-05": {
            "month": "2011-05",
            "price": "22.90",
            "revenue": 61964
        },
        "2011-06": {
            "month": "2011-06",
            "price": "22.72",
            "revenue": 53911
        },
        "2011-07": {
            "month": "2011-07",
            "price": "22.06",
            "revenue": 54162
        },
        "2011-08": {
            "month": "2011-08",
            "price": "18.50",
            "revenue": 48039
        },
        "2011-09": {
            "month": "2011-09",
            "price": "16.70",
            "revenue": 32931
        },
        "2011-10": {
            "month": "2011-10",
            "price": "15.38",
            "revenue": 33721
        },
        "2011-11": {
            "month": "2011-11",
            "price": "14.42",
            "revenue": 34834
        },
        "2011-12": {
            "month": "2011-12",
            "price": "12.87",
            "revenue": 36470
        },
        "2012-01": {
            "month": "2012-01",
            "price": "13.24",
            "revenue": 34303
        },
        "2012-02": {
            "month": "2012-02",
            "price": "15.56",
            "revenue": 36099
        },
        "2012-03": {
            "month": "2012-03",
            "price": "16.29",
            "revenue": 42054
        },
        "2012-04": {
            "month": "2012-04",
            "price": "15.72",
            "revenue": 46318
        },
        "2012-05": {
            "month": "2012-05",
            "price": "15.81",
            "revenue": 52218
        },
        "2012-06": {
            "month": "2012-06",
            "price": "14.89",
            "revenue": 46055
        },
        "2012-07": {
            "month": "2012-07",
            "price": "14.90",
            "revenue": 46422
        },
        "2012-08": {
            "month": "2012-08",
            "price": "14.30",
            "revenue": 42671
        },
        "2012-09": {
            "month": "2012-09",
            "price": "14.07",
            "revenue": 34300
        },
        "2012-10": {
            "month": "2012-10",
            "price": "13.13",
            "revenue": 39038
        },
        "2012-11": {
            "month": "2012-11",
            "price": "12.19",
            "revenue": 39284
        },
        "2012-12": {
            "month": "2012-12",
            "price": "12.95",
            "revenue": 34182
        },
        "2013-01": {
            "month": "2013-01",
            "price": "12.90",
            "revenue": 44600
        },
        "2013-02": {
            "month": "2013-02",
            "price": "12.95",
            "revenue": 33922
        },
        "2013-03": {
            "month": "2013-03",
            "price": "13.73",
            "revenue": 43965
        },
        "2013-04": {
            "month": "2013-04",
            "price": "14.30",
            "revenue": 47990
        },
        "2013-05": {
            "month": "2013-05",
            "price": "14.89",
            "revenue": 49968
        },
        "2013-06": {
            "month": "2013-06",
            "price": "14.81",
            "revenue": 40601
        },
        "2013-07": {
            "month": "2013-07",
            "price": "14.65",
            "revenue": 45822
        },
        "2013-08": {
            "month": "2013-08",
            "price": "14.97",
            "revenue": 43769
        },
        "2013-09": {
            "month": "2013-09",
            "price": "14.23",
            "revenue": 43938
        },
        "2013-10": {
            "month": "2013-10",
            "price": "14.83",
            "revenue": 43636
        },
        "2013-11": {
            "month": "2013-11",
            "price": "14.99",
            "revenue": 42610
        },
        "2013-12": {
            "month": "2013-12",
            "price": "15.30",
            "revenue": 40280
        },
        "2014-01": {
            "month": "2014-01",
            "price": "16.26",
            "revenue": 44418
        },
        "2014-02": {
            "month": "2014-02",
            "price": "16.23",
            "revenue": 38872
        },
        "2014-03": {
            "month": "2014-03",
            "price": "16.60",
            "revenue": 48141
        },
        "2014-04": {
            "month": "2014-04",
            "price": "16.51",
            "revenue": 48355
        },
        "2014-05": {
            "month": "2014-05",
            "price": "16.45",
            "revenue": 46477
        },
        "2014-06": {
            "month": "2014-06",
            "price": "16.68",
            "revenue": 45731
        },
        "2014-07": {
            "month": "2014-07",
            "price": "16.48",
            "revenue": 45909
        },
        "2014-08": {
            "month": "2014-08",
            "price": "16.61",
            "revenue": 43545
        },
        "2014-09": {
            "month": "2014-09",
            "price": "15.62",
            "revenue": 47670
        },
        "2014-10": {
            "month": "2014-10",
            "price": "15.24",
            "revenue": 48070
        },
        "2014-11": {
            "month": "2014-11",
            "price": "15.54",
            "revenue": 35105
        },
        "2014-12": {
            "month": "2014-12",
            "price": "15.62",
            "revenue": 41531
        },
        "2015-01": {
            "month": "2015-01",
            "price": "15.60",
            "revenue": 35684
        },
        "2015-02": {
            "month": "2015-02",
            "price": "15.95",
            "revenue": 32961
        },
        "2015-03": {
            "month": "2015-03",
            "price": "15.90",
            "revenue": 40918
        },
        "2015-04": {
            "month": "2015-04",
            "price": "15.49",
            "revenue": 39252
        },
        "2015-05": {
            "month": "2015-05",
            "price": "14.77",
            "revenue": 41304
        },
        "2015-06": {
            "month": "2015-06",
            "price": "14.07",
            "revenue": 48912
        },
        "2015-07": {
            "month": "2015-07",
            "price": "13.70",
            "revenue": 45323
        },
        "2015-08": {
            "month": "2015-08",
            "price": "12.73",
            "revenue": 43984
        }
    }
}
