{
    "summary": {
        "stock_name": "永利聯合",
        "stock_id": "8080",
        "category": "建材營造",
        "main_business": "營建剩餘土石方資源處理",
        "website_url": "http://www.ost.com.tw",
        "ceo": "謝明圜",
        "pe_ratio": 1,
        "report_year_from": 2001,
        "report_year_to": 2023,
        "age": 22,
        "eps_negative_percentage": 52,
        "eps_growth_avg": {
            "last_all": -44.8,
            "last_2y": null,
            "last_4y": null,
            "last_8y": -100,
            "last_12y": -100,
            "last_16y": -48.96,
            "last_20y": null,
            "at_2006_last_3y": null,
            "at_2007_last_3y": -5.69,
            "at_2008_last_3y": -3.88,
            "at_2009_last_3y": -23.44,
            "at_2010_last_3y": -35.97,
            "at_2011_last_3y": -78.53,
            "at_2012_last_3y": -100,
            "at_2013_last_3y": -100,
            "at_2014_last_3y": -100,
            "at_2015_last_3y": -100,
            "at_2016_last_3y": -100,
            "at_2017_last_3y": -100,
            "at_2018_last_3y": null,
            "at_2019_last_3y": null,
            "at_2020_last_3y": null,
            "at_2021_last_3y": null,
            "at_2022_last_3y": null,
            "at_2023_last_3y": null,
            "at_2006_last_all": -16.82,
            "at_2007_last_all": -5.69,
            "at_2008_last_all": -11.67,
            "at_2009_last_all": -26.39,
            "at_2010_last_all": -26.39,
            "at_2011_last_all": -36.91,
            "at_2012_last_all": -36.91,
            "at_2013_last_all": -36.91,
            "at_2014_last_all": -44.8,
            "at_2015_last_all": -44.8,
            "at_2016_last_all": -44.8,
            "at_2017_last_all": -44.8,
            "at_2018_last_all": -44.8,
            "at_2019_last_all": -44.8,
            "at_2020_last_all": -44.8,
            "at_2021_last_all": -44.8,
            "at_2022_last_all": -44.8,
            "at_2023_last_all": -44.8
        },
        "latest_eps": 7.54,
        "latest_price": 10.45,
        "latest_roe": 175.34,
        "latest_gross_margin": 14.01,
        "latest_equity": 185459,
        "latest_revenue": 55983,
        "latest_gross_profit": 7842,
        "latest_net_income": 2816,
        "latest_debt_ratio": 42.67,
        "latest_current_ratio": 135.42,
        "latest_account_receivable_turnover_ratio": 2.13,
        "latest_inventory_turnover_ratio": 1.41,
        "latest_reinvestment_rate": -281.18,
        "latest_research_to_sale_ratio": 0
    },
    "eps_dividends": {
        "2001": {
            "cash": 0,
            "stock": 0,
            "eps": 0
        },
        "2002": {
            "cash": 0,
            "stock": 1,
            "eps": 0
        },
        "2003": {
            "cash": 0,
            "stock": 2.6,
            "eps": 4.74
        },
        "2004": {
            "cash": 0.4,
            "stock": 3,
            "eps": 2.71
        },
        "2005": {
            "cash": 1.5,
            "stock": 0.5,
            "eps": 2.12
        },
        "2006": {
            "cash": 1.5,
            "stock": 0.2,
            "eps": 2.42
        },
        "2007": {
            "cash": 1.7,
            "stock": 0.3,
            "eps": 3.09
        },
        "2008": {
            "cash": 2.2,
            "stock": 0.3,
            "eps": 1.99
        },
        "2009": {
            "cash": 0.5,
            "stock": 0.4,
            "eps": -0.83
        },
        "2010": {
            "cash": 0,
            "stock": 0,
            "eps": 0.05
        },
        "2011": {
            "cash": 0,
            "stock": 0,
            "eps": -0.42
        },
        "2012": {
            "cash": 0,
            "stock": 0,
            "eps": -0.04
        },
        "2013": {
            "cash": 0,
            "stock": 0,
            "eps": 0.7
        },
        "2014": {
            "cash": 0.17,
            "stock": 0.67,
            "eps": -0.37
        },
        "2015": {
            "cash": 0,
            "stock": 0,
            "eps": -2.06
        },
        "2016": {
            "cash": 0,
            "stock": 0,
            "eps": -0.77
        },
        "2017": {
            "cash": 0,
            "stock": 0,
            "eps": -2.11
        },
        "2018": {
            "cash": 0,
            "stock": 0,
            "eps": -6.23
        },
        "2019": {
            "cash": 0,
            "stock": 0,
            "eps": -0.37
        },
        "2020": {
            "cash": 0,
            "stock": 0,
            "eps": -0.99
        },
        "2021": {
            "cash": 0,
            "stock": 0,
            "eps": -2.24
        },
        "2022": {
            "cash": 0,
            "stock": 0,
            "eps": 7.16
        },
        "2023": {
            "cash": 0,
            "stock": 0,
            "eps": 0.12
        }
    },
    "dividends": {
        "2002-04-24": {
            "cash": 0,
            "stock": 1
        },
        "2003-06-09": {
            "cash": 0,
            "stock": 2.6
        },
        "2004-03-31": {
            "cash": 0.4,
            "stock": 3
        },
        "2005-04-08": {
            "cash": 1.5,
            "stock": 0.5
        },
        "2006-03-24": {
            "cash": 1.5,
            "stock": 0.2
        },
        "2007-03-24": {
            "cash": 1.7,
            "stock": 0.3
        },
        "2008-03-25": {
            "cash": 2.2,
            "stock": 0.3
        },
        "2009-03-27": {
            "cash": 0.5,
            "stock": 0.4
        },
        "2014-10-31": {
            "cash": 0.17,
            "stock": 0.67
        }
    },
    "prices": {
        "200101": "無",
        "200102": "無",
        "200103": "無",
        "200104": "無",
        "200105": "無",
        "200106": "無",
        "200107": "無",
        "200108": "無",
        "200109": "無",
        "200110": "無",
        "200111": "無",
        "200112": "無",
        "200201": "無",
        "200202": "無",
        "200203": "無",
        "200204": "無",
        "200205": "無",
        "200206": "無",
        "200207": "無",
        "200208": "無",
        "200209": "無",
        "200210": "無",
        "200211": "無",
        "200212": "無",
        "200301": "無",
        "200302": "無",
        "200303": "無",
        "200304": "無",
        "200305": "無",
        "200306": "無",
        "200307": "無",
        "200308": "無",
        "200309": "無",
        "200310": "37.00",
        "200311": "36.00",
        "200312": "38.01",
        "200401": "42.88",
        "200402": "50.51",
        "200403": "50.02",
        "200404": "49.59",
        "200405": "33.98",
        "200406": "29.86",
        "200407": "24.69",
        "200408": "23.75",
        "200409": "23.58",
        "200410": "18.86",
        "200411": "18.01",
        "200412": "18.41",
        "200501": "16.80",
        "200502": "17.28",
        "200503": "17.86",
        "200504": "17.49",
        "200505": "15.18",
        "200506": "15.82",
        "200507": "16.25",
        "200508": "14.68",
        "200509": "13.66",
        "200510": "12.34",
        "200511": "11.74",
        "200512": "15.48",
        "200601": "19.55",
        "200602": "16.96",
        "200603": "16.67",
        "200604": "18.50",
        "200605": "19.58",
        "200606": "17.21",
        "200607": "17.44",
        "200608": "17.86",
        "200609": "15.91",
        "200610": "16.98",
        "200611": "18.35",
        "200612": "20.84",
        "200701": "28.45",
        "200702": "30.08",
        "200703": "27.92",
        "200704": "30.35",
        "200705": "34.15",
        "200706": "40.14",
        "200707": "41.47",
        "200708": "37.74",
        "200709": "36.61",
        "200710": "33.90",
        "200711": "32.38",
        "200712": "28.59",
        "200801": "25.47",
        "200802": "25.75",
        "200803": "27.85",
        "200804": "30.16",
        "200805": "28.84",
        "200806": "25.54",
        "200807": "20.43",
        "200808": "19.26",
        "200809": "15.56",
        "200810": "12.94",
        "200811": "11.38",
        "200812": "9.65",
        "200901": "10.22",
        "200902": "10.22",
        "200903": "11.72",
        "200904": "14.30",
        "200905": "15.25",
        "200906": "14.29",
        "200907": "14.41",
        "200908": "13.98",
        "200909": "13.78",
        "200910": "15.04",
        "200911": "14.50",
        "200912": "14.96",
        "201001": "16.41",
        "201002": "14.23",
        "201003": "15.78",
        "201004": "17.36",
        "201005": "14.72",
        "201006": "14.27",
        "201007": "14.52",
        "201008": "14.44",
        "201009": "13.06",
        "201010": "12.40",
        "201011": "10.38",
        "201012": "11.11",
        "201101": "11.44",
        "201102": "10.94",
        "201103": "11.27",
        "201104": "11.17",
        "201105": "10.21",
        "201106": "10.25",
        "201107": "10.96",
        "201108": "11.03",
        "201109": "11.53",
        "201110": "11.00",
        "201111": "9.34",
        "201112": "8.23",
        "201201": "7.73",
        "201202": "8.75",
        "201203": "8.59",
        "201204": "7.18",
        "201205": "6.63",
        "201206": "6.68",
        "201207": "6.84",
        "201208": "7.53",
        "201209": "8.95",
        "201210": "11.55",
        "201211": "12.35",
        "201212": "14.15",
        "201301": "30.92",
        "201302": "33.12",
        "201303": "23.15",
        "201304": "22.18",
        "201305": "23.15",
        "201306": "23.18",
        "201307": "22.53",
        "201308": "25.94",
        "201309": "24.38",
        "201310": "22.00",
        "201311": "21.30",
        "201312": "25.61",
        "201401": "33.30",
        "201402": "36.66",
        "201403": "30.86",
        "201404": "28.40",
        "201405": "24.68",
        "201406": "25.10",
        "201407": "24.10",
        "201408": "21.41",
        "201409": "20.23",
        "201410": "17.04",
        "201411": "17.77",
        "201412": "22.22",
        "201501": "22.00",
        "201502": "20.94",
        "201503": "21.38",
        "201504": "18.92",
        "201505": "18.26",
        "201506": "18.85",
        "201507": "15.69",
        "201508": "8.52",
        "201509": "12.04",
        "201510": "13.80",
        "201511": "14.28",
        "201512": "11.96",
        "201601": "14.05",
        "201602": "20.40",
        "201603": "20.92",
        "201604": "21.99",
        "201605": "22.81",
        "201606": "22.76",
        "201607": "21.05",
        "201608": "20.90",
        "201609": "15.79",
        "201610": "14.14",
        "201611": "14.91",
        "201612": "15.17",
        "201701": "14.85",
        "201702": "15.75",
        "201703": "14.68",
        "201704": "13.68",
        "201705": "12.78",
        "201706": "12.29",
        "201707": "11.71",
        "201708": "12.09",
        "201709": "11.87",
        "201710": "11.34",
        "201711": "11.35",
        "201712": "9.21",
        "201801": "8.93",
        "201802": "8.15",
        "201803": "8.95",
        "201804": "8.99",
        "201805": "8.90",
        "201806": "8.87",
        "201807": "8.30",
        "201808": "7.34",
        "201809": "5.12",
        "201810": "4.56",
        "201811": "3.74",
        "201812": "3.63",
        "201901": "3.56",
        "201902": "3.03",
        "201903": "3.16",
        "201904": "4.22",
        "201905": "3.39",
        "201906": "3.34",
        "201907": "3.08",
        "201908": "2.97",
        "201909": "2.94",
        "201910": "2.87",
        "201911": "2.77",
        "201912": "無",
        "202001": "3.14",
        "202002": "4.09",
        "202003": "3.30",
        "202004": "2.97",
        "202005": "2.96",
        "202006": "2.91",
        "202007": "3.16",
        "202008": "3.14",
        "202009": "3.72",
        "202010": "3.81",
        "202011": "3.62",
        "202012": "3.80",
        "202101": "10.81",
        "202102": "10.61",
        "202103": "10.48",
        "202104": "9.50",
        "202105": "無",
        "202106": "無",
        "202107": "無",
        "202108": "無",
        "202109": "無",
        "202110": "9.98",
        "202111": "8.45",
        "202112": "8.12",
        "202201": "9.39",
        "202202": "16.24",
        "202203": "16.62",
        "202204": "14.92",
        "202205": "12.64",
        "202206": "12.47",
        "202207": "11.54",
        "202208": "11.82",
        "202209": "11.24",
        "202210": "10.12",
        "202211": "11.00",
        "202212": "10.56",
        "202301": "11.33",
        "202302": "10.99",
        "202303": "10.80",
        "202304": "11.37",
        "202305": "10.94",
        "202306": "10.60"
    },
    "quarters": {
        "20011": {
            "year_quarter": 20011,
            "year": 2001,
            "quarter": 1,
            "eps": null,
            "eps_growth_year": null,
            "eps_4q": null,
            "eps_4q_growth_year": null,
            "roe": null,
            "roe_4q": 0,
            "gross_profit": null,
            "gross_margin": null,
            "gross_margin_4q_avg": 0,
            "net_income": null,
            "revenue": null,
            "common_shares": null,
            "book_valuer_per_share": null,
            "book_valuer_per_share_4q_avg": 0,
            "equity": null,
            "current_ratio": null,
            "debt_ratio": null,
            "inventory_turnover_ratio": null,
            "account_receivable_turnover_ratio": null,
            "reinvestment_rate": null,
            "research_to_sale_ratio": null,
            "price_fair": 0,
            "eps_avg_yearly": 0,
            "eps_latest_yearly": 0,
            "eps_growth_yearly": 0
        },
        "20012": {
            "year_quarter": 20012,
            "year": 2001,
            "quarter": 2,
            "eps": null,
            "eps_growth_year": null,
            "eps_4q": null,
            "eps_4q_growth_year": null,
            "roe": null,
            "roe_4q": 0,
            "gross_profit": null,
            "gross_margin": null,
            "gross_margin_4q_avg": 0,
            "net_income": null,
            "revenue": null,
            "common_shares": null,
            "book_valuer_per_share": null,
            "book_valuer_per_share_4q_avg": 0,
            "equity": null,
            "current_ratio": null,
            "debt_ratio": null,
            "inventory_turnover_ratio": null,
            "account_receivable_turnover_ratio": null,
            "reinvestment_rate": null,
            "research_to_sale_ratio": null,
            "price_fair": 0,
            "eps_avg_yearly": 0,
            "eps_latest_yearly": 0,
            "eps_growth_yearly": 0
        },
        "20013": {
            "year_quarter": 20013,
            "year": 2001,
            "quarter": 3,
            "eps": null,
            "eps_growth_year": null,
            "eps_4q": null,
            "eps_4q_growth_year": null,
            "roe": null,
            "roe_4q": 0,
            "gross_profit": null,
            "gross_margin": null,
            "gross_margin_4q_avg": 0,
            "net_income": null,
            "revenue": null,
            "common_shares": null,
            "book_valuer_per_share": null,
            "book_valuer_per_share_4q_avg": 0,
            "equity": null,
            "current_ratio": null,
            "debt_ratio": null,
            "inventory_turnover_ratio": null,
            "account_receivable_turnover_ratio": null,
            "reinvestment_rate": null,
            "research_to_sale_ratio": null,
            "price_fair": 0,
            "eps_avg_yearly": 0,
            "eps_latest_yearly": 0,
            "eps_growth_yearly": 0
        },
        "20014": {
            "year_quarter": 20014,
            "year": 2001,
            "quarter": 4,
            "eps": null,
            "eps_growth_year": null,
            "eps_4q": null,
            "eps_4q_growth_year": null,
            "roe": null,
            "roe_4q": 0,
            "gross_profit": null,
            "gross_margin": null,
            "gross_margin_4q_avg": 0,
            "net_income": null,
            "revenue": null,
            "common_shares": 217000,
            "book_valuer_per_share": 12.72,
            "book_valuer_per_share_4q_avg": 3.18,
            "equity": 276030,
            "current_ratio": 215.11,
            "debt_ratio": 45.38,
            "inventory_turnover_ratio": null,
            "account_receivable_turnover_ratio": null,
            "reinvestment_rate": null,
            "research_to_sale_ratio": null,
            "price_fair": 0,
            "eps_avg_yearly": 0,
            "eps_latest_yearly": 0,
            "eps_growth_yearly": 0
        },
        "20021": {
            "year_quarter": 20021,
            "year": 2002,
            "quarter": 1,
            "eps": null,
            "eps_growth_year": null,
            "eps_4q": null,
            "eps_4q_growth_year": null,
            "roe": null,
            "roe_4q": 0,
            "gross_profit": null,
            "gross_margin": null,
            "gross_margin_4q_avg": 0,
            "net_income": null,
            "revenue": null,
            "common_shares": null,
            "book_valuer_per_share": null,
            "book_valuer_per_share_4q_avg": 3.18,
            "equity": null,
            "current_ratio": null,
            "debt_ratio": null,
            "inventory_turnover_ratio": null,
            "account_receivable_turnover_ratio": null,
            "reinvestment_rate": null,
            "research_to_sale_ratio": null,
            "price_fair": 0,
            "eps_avg_yearly": 0,
            "eps_latest_yearly": 0,
            "eps_growth_yearly": 0
        },
        "20022": {
            "year_quarter": 20022,
            "year": 2002,
            "quarter": 2,
            "eps": null,
            "eps_growth_year": null,
            "eps_4q": null,
            "eps_4q_growth_year": null,
            "roe": null,
            "roe_4q": 0,
            "gross_profit": null,
            "gross_margin": null,
            "gross_margin_4q_avg": 0,
            "net_income": null,
            "revenue": null,
            "common_shares": null,
            "book_valuer_per_share": null,
            "book_valuer_per_share_4q_avg": 3.18,
            "equity": null,
            "current_ratio": null,
            "debt_ratio": null,
            "inventory_turnover_ratio": null,
            "account_receivable_turnover_ratio": null,
            "reinvestment_rate": null,
            "research_to_sale_ratio": null,
            "price_fair": 0,
            "eps_avg_yearly": 0,
            "eps_latest_yearly": 0,
            "eps_growth_yearly": 0
        },
        "20023": {
            "year_quarter": 20023,
            "year": 2002,
            "quarter": 3,
            "eps": null,
            "eps_growth_year": null,
            "eps_4q": null,
            "eps_4q_growth_year": null,
            "roe": null,
            "roe_4q": 0,
            "gross_profit": null,
            "gross_margin": null,
            "gross_margin_4q_avg": 0,
            "net_income": null,
            "revenue": null,
            "common_shares": null,
            "book_valuer_per_share": null,
            "book_valuer_per_share_4q_avg": 3.18,
            "equity": null,
            "current_ratio": null,
            "debt_ratio": null,
            "inventory_turnover_ratio": null,
            "account_receivable_turnover_ratio": null,
            "reinvestment_rate": null,
            "research_to_sale_ratio": null,
            "price_fair": 0,
            "eps_avg_yearly": 0,
            "eps_latest_yearly": 0,
            "eps_growth_yearly": 0
        },
        "20024": {
            "year_quarter": 20024,
            "year": 2002,
            "quarter": 4,
            "eps": null,
            "eps_growth_year": null,
            "eps_4q": null,
            "eps_4q_growth_year": null,
            "roe": null,
            "roe_4q": 0,
            "gross_profit": null,
            "gross_margin": null,
            "gross_margin_4q_avg": 0,
            "net_income": null,
            "revenue": null,
            "common_shares": 240150,
            "book_valuer_per_share": 14.01,
            "book_valuer_per_share_4q_avg": 3.5,
            "equity": 336373,
            "current_ratio": 186.86,
            "debt_ratio": 50.31,
            "inventory_turnover_ratio": null,
            "account_receivable_turnover_ratio": null,
            "reinvestment_rate": null,
            "research_to_sale_ratio": null,
            "price_fair": 0,
            "eps_avg_yearly": 0,
            "eps_latest_yearly": 0,
            "eps_growth_yearly": 0
        },
        "20031": {
            "year_quarter": 20031,
            "year": 2003,
            "quarter": 1,
            "eps": 1.14,
            "eps_growth_year": null,
            "eps_4q": null,
            "eps_4q_growth_year": null,
            "roe": 7.82,
            "roe_4q": 7.82,
            "gross_profit": 59563,
            "gross_margin": 20.86,
            "gross_margin_4q_avg": 5.22,
            "net_income": 27386,
            "revenue": 285568,
            "common_shares": 240150,
            "book_valuer_per_share": 15.15,
            "book_valuer_per_share_4q_avg": 7.29,
            "equity": 363777,
            "current_ratio": 176.9,
            "debt_ratio": 51.9,
            "inventory_turnover_ratio": 3.43,
            "account_receivable_turnover_ratio": null,
            "reinvestment_rate": null,
            "research_to_sale_ratio": null,
            "price_fair": 0,
            "eps_avg_yearly": 0,
            "eps_latest_yearly": 0,
            "eps_growth_yearly": 0
        },
        "20032": {
            "year_quarter": 20032,
            "year": 2003,
            "quarter": 2,
            "eps": 0.71,
            "eps_growth_year": null,
            "eps_4q": null,
            "eps_4q_growth_year": null,
            "roe": 5.76,
            "roe_4q": 13.58,
            "gross_profit": 52238,
            "gross_margin": 17.4,
            "gross_margin_4q_avg": 9.57,
            "net_income": 21553,
            "revenue": 300196,
            "common_shares": 240150,
            "book_valuer_per_share": 15.99,
            "book_valuer_per_share_4q_avg": 11.29,
            "equity": 384067,
            "current_ratio": 177.82,
            "debt_ratio": 51.63,
            "inventory_turnover_ratio": 3.85,
            "account_receivable_turnover_ratio": null,
            "reinvestment_rate": null,
            "research_to_sale_ratio": null,
            "price_fair": 8.52,
            "eps_avg_yearly": 2.84,
            "eps_latest_yearly": 2.84,
            "eps_growth_yearly": -150.88
        },
        "20033": {
            "year_quarter": 20033,
            "year": 2003,
            "quarter": 3,
            "eps": 1.29,
            "eps_growth_year": null,
            "eps_4q": null,
            "eps_4q_growth_year": null,
            "roe": 7.74,
            "roe_4q": 21.32,
            "gross_profit": 75000,
            "gross_margin": 16.64,
            "gross_margin_4q_avg": 13.73,
            "net_income": 30874,
            "revenue": 450715,
            "common_shares": 240150,
            "book_valuer_per_share": 17.24,
            "book_valuer_per_share_4q_avg": 15.6,
            "equity": 413929,
            "current_ratio": 160.33,
            "debt_ratio": 57.27,
            "inventory_turnover_ratio": 5.46,
            "account_receivable_turnover_ratio": null,
            "reinvestment_rate": null,
            "research_to_sale_ratio": null,
            "price_fair": 140,
            "eps_avg_yearly": 4,
            "eps_latest_yearly": 5.16,
            "eps_growth_yearly": 87.94
        },
        "20034": {
            "year_quarter": 20034,
            "year": 2003,
            "quarter": 4,
            "eps": 1.6,
            "eps_growth_year": null,
            "eps_4q": 4.22,
            "eps_4q_growth_year": null,
            "roe": 11.11,
            "roe_4q": 32.43,
            "gross_profit": 80546,
            "gross_margin": 16.83,
            "gross_margin_4q_avg": 17.93,
            "net_income": 48714,
            "revenue": 478539,
            "common_shares": 305315,
            "book_valuer_per_share": 15.16,
            "book_valuer_per_share_4q_avg": 15.89,
            "equity": 462931,
            "current_ratio": 161.4,
            "debt_ratio": 57.91,
            "inventory_turnover_ratio": 4.94,
            "account_receivable_turnover_ratio": null,
            "reinvestment_rate": null,
            "research_to_sale_ratio": null,
            "price_fair": 168,
            "eps_avg_yearly": 4.8,
            "eps_latest_yearly": 6.4,
            "eps_growth_yearly": 90.67
        },
        "20041": {
            "year_quarter": 20041,
            "year": 2004,
            "quarter": 1,
            "eps": 1.07,
            "eps_growth_year": -6.14,
            "eps_4q": 4.37,
            "eps_4q_growth_year": null,
            "roe": 6.85,
            "roe_4q": 31.46,
            "gross_profit": 66286,
            "gross_margin": 16.38,
            "gross_margin_4q_avg": 16.81,
            "net_income": 32814,
            "revenue": 404749,
            "common_shares": 305315,
            "book_valuer_per_share": 16.21,
            "book_valuer_per_share_4q_avg": 16.15,
            "equity": 494823,
            "current_ratio": 170.48,
            "debt_ratio": 55.35,
            "inventory_turnover_ratio": 3.99,
            "account_receivable_turnover_ratio": null,
            "reinvestment_rate": null,
            "research_to_sale_ratio": null,
            "price_fair": 163.45,
            "eps_avg_yearly": 4.67,
            "eps_latest_yearly": 4.28,
            "eps_growth_yearly": 34.88
        },
        "20042": {
            "year_quarter": 20042,
            "year": 2004,
            "quarter": 2,
            "eps": 0.86,
            "eps_growth_year": 21.13,
            "eps_4q": 4.55,
            "eps_4q_growth_year": null,
            "roe": 5.23,
            "roe_4q": 30.93,
            "gross_profit": 53808,
            "gross_margin": 15.91,
            "gross_margin_4q_avg": 16.44,
            "net_income": 26225,
            "revenue": 338119,
            "common_shares": 305315,
            "book_valuer_per_share": 16.61,
            "book_valuer_per_share_4q_avg": 16.31,
            "equity": 507138,
            "current_ratio": 196.54,
            "debt_ratio": 48.92,
            "inventory_turnover_ratio": 3.01,
            "account_receivable_turnover_ratio": null,
            "reinvestment_rate": null,
            "research_to_sale_ratio": null,
            "price_fair": 98.22,
            "eps_avg_yearly": 4.42,
            "eps_latest_yearly": 3.44,
            "eps_growth_yearly": 12.2
        },
        "20043": {
            "year_quarter": 20043,
            "year": 2004,
            "quarter": 3,
            "eps": 0.78,
            "eps_growth_year": -39.53,
            "eps_4q": 3.44,
            "eps_4q_growth_year": null,
            "roe": 6.04,
            "roe_4q": 29.229999999999997,
            "gross_profit": 70144,
            "gross_margin": 14.07,
            "gross_margin_4q_avg": 15.8,
            "net_income": 31580,
            "revenue": 498691,
            "common_shares": 402690,
            "book_valuer_per_share": 13.38,
            "book_valuer_per_share_4q_avg": 15.34,
            "equity": 538960,
            "current_ratio": 188.72,
            "debt_ratio": 50.91,
            "inventory_turnover_ratio": 4.25,
            "account_receivable_turnover_ratio": null,
            "reinvestment_rate": null,
            "research_to_sale_ratio": null,
            "price_fair": 58.75,
            "eps_avg_yearly": 4.21,
            "eps_latest_yearly": 3.12,
            "eps_growth_yearly": 3.97
        },
        "20044": {
            "year_quarter": 20044,
            "year": 2004,
            "quarter": 4,
            "eps": 0,
            "eps_growth_year": -100,
            "eps_4q": 2.25,
            "eps_4q_growth_year": -46.7,
            "roe": 0.01,
            "roe_4q": 18.130000000000003,
            "gross_profit": 47112,
            "gross_margin": 11.02,
            "gross_margin_4q_avg": 14.35,
            "net_income": 38,
            "revenue": 427398,
            "common_shares": 402689,
            "book_valuer_per_share": 13.34,
            "book_valuer_per_share_4q_avg": 14.89,
            "equity": 537107,
            "current_ratio": 186.59,
            "debt_ratio": 51.59,
            "inventory_turnover_ratio": 4.08,
            "account_receivable_turnover_ratio": null,
            "reinvestment_rate": null,
            "research_to_sale_ratio": null,
            "price_fair": 58.75,
            "eps_avg_yearly": 4.21,
            "eps_latest_yearly": 3.12,
            "eps_growth_yearly": 3.97
        },
        "20051": {
            "year_quarter": 20051,
            "year": 2005,
            "quarter": 1,
            "eps": 0.15,
            "eps_growth_year": -85.98,
            "eps_4q": 1.55,
            "eps_4q_growth_year": -64.55,
            "roe": 1.15,
            "roe_4q": 12.43,
            "gross_profit": 40307,
            "gross_margin": 13.27,
            "gross_margin_4q_avg": 13.57,
            "net_income": 6204,
            "revenue": 303805,
            "common_shares": 402689,
            "book_valuer_per_share": 13.49,
            "book_valuer_per_share_4q_avg": 14.21,
            "equity": 543183,
            "current_ratio": 206.42,
            "debt_ratio": 45.33,
            "inventory_turnover_ratio": 3.42,
            "account_receivable_turnover_ratio": null,
            "reinvestment_rate": null,
            "research_to_sale_ratio": null,
            "price_fair": 58.75,
            "eps_avg_yearly": 4.21,
            "eps_latest_yearly": 3.12,
            "eps_growth_yearly": 3.97
        },
        "20052": {
            "year_quarter": 20052,
            "year": 2005,
            "quarter": 2,
            "eps": 0.3,
            "eps_growth_year": -65.12,
            "eps_4q": 1.23,
            "eps_4q_growth_year": -72.87,
            "roe": 2.35,
            "roe_4q": 9.55,
            "gross_profit": 45606,
            "gross_margin": 14.06,
            "gross_margin_4q_avg": 13.11,
            "net_income": 12160,
            "revenue": 324350,
            "common_shares": 402690,
            "book_valuer_per_share": 12.25,
            "book_valuer_per_share_4q_avg": 13.12,
            "equity": 493413,
            "current_ratio": 170.62,
            "debt_ratio": 52.76,
            "inventory_turnover_ratio": 3.48,
            "account_receivable_turnover_ratio": null,
            "reinvestment_rate": null,
            "research_to_sale_ratio": null,
            "price_fair": 132.2,
            "eps_avg_yearly": 3.78,
            "eps_latest_yearly": 1.2,
            "eps_growth_yearly": 60.54
        },
        "20053": {
            "year_quarter": 20053,
            "year": 2005,
            "quarter": 3,
            "eps": 0.89,
            "eps_growth_year": 14.1,
            "eps_4q": 1.35,
            "eps_4q_growth_year": -60.85,
            "roe": 7,
            "roe_4q": 10.51,
            "gross_profit": 70387,
            "gross_margin": 17.05,
            "gross_margin_4q_avg": 13.85,
            "net_income": 35819,
            "revenue": 412793,
            "common_shares": 402690,
            "book_valuer_per_share": 13.18,
            "book_valuer_per_share_4q_avg": 13.07,
            "equity": 530682,
            "current_ratio": 165.81,
            "debt_ratio": 54.34,
            "inventory_turnover_ratio": 3.99,
            "account_receivable_turnover_ratio": null,
            "reinvestment_rate": null,
            "research_to_sale_ratio": null,
            "price_fair": 131.25,
            "eps_avg_yearly": 3.75,
            "eps_latest_yearly": 3.56,
            "eps_growth_yearly": 151.31
        },
        "20054": {
            "year_quarter": 20054,
            "year": 2005,
            "quarter": 4,
            "eps": 0.78,
            "eps_growth_year": null,
            "eps_4q": 2.05,
            "eps_4q_growth_year": -8.74,
            "roe": 6.05,
            "roe_4q": 16.55,
            "gross_profit": 73383,
            "gross_margin": 15.94,
            "gross_margin_4q_avg": 15.08,
            "net_income": 33191,
            "revenue": 460333,
            "common_shares": 426854,
            "book_valuer_per_share": 13.22,
            "book_valuer_per_share_4q_avg": 13.04,
            "equity": 566061,
            "current_ratio": 177.64,
            "debt_ratio": 51.48,
            "inventory_turnover_ratio": 4.81,
            "account_receivable_turnover_ratio": null,
            "reinvestment_rate": null,
            "research_to_sale_ratio": null,
            "price_fair": 128.8,
            "eps_avg_yearly": 3.68,
            "eps_latest_yearly": 3.12,
            "eps_growth_yearly": 129
        },
        "20061": {
            "year_quarter": 20061,
            "year": 2006,
            "quarter": 1,
            "eps": 0.41,
            "eps_growth_year": 173.33,
            "eps_4q": 2.31,
            "eps_4q_growth_year": 49.45,
            "roe": 3.05,
            "roe_4q": 18.450000000000003,
            "gross_profit": 54420,
            "gross_margin": 15.07,
            "gross_margin_4q_avg": 15.53,
            "net_income": 17476,
            "revenue": 361016,
            "common_shares": 426854,
            "book_valuer_per_share": 13.62,
            "book_valuer_per_share_4q_avg": 13.07,
            "equity": 581433,
            "current_ratio": 200.02,
            "debt_ratio": 45.63,
            "inventory_turnover_ratio": 3.77,
            "account_receivable_turnover_ratio": null,
            "reinvestment_rate": null,
            "research_to_sale_ratio": null,
            "price_fair": 121.66,
            "eps_avg_yearly": 3.48,
            "eps_latest_yearly": 1.64,
            "eps_growth_yearly": 97.13
        },
        "20062": {
            "year_quarter": 20062,
            "year": 2006,
            "quarter": 2,
            "eps": 0.54,
            "eps_growth_year": 80,
            "eps_4q": 2.58,
            "eps_4q_growth_year": 109.03,
            "roe": 4.09,
            "roe_4q": 20.189999999999998,
            "gross_profit": 56614,
            "gross_margin": 14.08,
            "gross_margin_4q_avg": 15.54,
            "net_income": 22921,
            "revenue": 401966,
            "common_shares": 426854,
            "book_valuer_per_share": 12.62,
            "book_valuer_per_share_4q_avg": 13.16,
            "equity": 538726,
            "current_ratio": 174.37,
            "debt_ratio": 51.88,
            "inventory_turnover_ratio": 4.9,
            "account_receivable_turnover_ratio": null,
            "reinvestment_rate": null,
            "research_to_sale_ratio": null,
            "price_fair": 117.47,
            "eps_avg_yearly": 3.36,
            "eps_latest_yearly": 2.16,
            "eps_growth_yearly": 99.83
        },
        "20063": {
            "year_quarter": 20063,
            "year": 2006,
            "quarter": 3,
            "eps": 0.82,
            "eps_growth_year": -7.87,
            "eps_4q": 2.49,
            "eps_4q_growth_year": 84.76,
            "roe": 6.49,
            "roe_4q": 19.68,
            "gross_profit": 71069,
            "gross_margin": 14.65,
            "gross_margin_4q_avg": 14.94,
            "net_income": 36150,
            "revenue": 485094,
            "common_shares": 439324,
            "book_valuer_per_share": 13.11,
            "book_valuer_per_share_4q_avg": 13.14,
            "equity": 576145,
            "current_ratio": 171.28,
            "debt_ratio": 52.93,
            "inventory_turnover_ratio": 5.64,
            "account_receivable_turnover_ratio": null,
            "reinvestment_rate": null,
            "research_to_sale_ratio": null,
            "price_fair": 117.25,
            "eps_avg_yearly": 3.35,
            "eps_latest_yearly": 3.28,
            "eps_growth_yearly": 108.79
        },
        "20064": {
            "year_quarter": 20064,
            "year": 2006,
            "quarter": 4,
            "eps": 0.65,
            "eps_growth_year": -16.67,
            "eps_4q": 2.39,
            "eps_4q_growth_year": 16.39,
            "roe": 4.84,
            "roe_4q": 18.47,
            "gross_profit": 64174,
            "gross_margin": 14.35,
            "gross_margin_4q_avg": 14.54,
            "net_income": 28598,
            "revenue": 447324,
            "common_shares": 439324,
            "book_valuer_per_share": 13.76,
            "book_valuer_per_share_4q_avg": 13.28,
            "equity": 605648,
            "current_ratio": 174.05,
            "debt_ratio": 53,
            "inventory_turnover_ratio": 4.36,
            "account_receivable_turnover_ratio": null,
            "reinvestment_rate": -9.25,
            "research_to_sale_ratio": null,
            "price_fair": 115.23,
            "eps_avg_yearly": 3.29,
            "eps_latest_yearly": 2.6,
            "eps_growth_yearly": 94.05
        },
        "20071": {
            "year_quarter": 20071,
            "year": 2007,
            "quarter": 1,
            "eps": 0.57,
            "eps_growth_year": 39.02,
            "eps_4q": 2.58,
            "eps_4q_growth_year": 11.57,
            "roe": 4.02,
            "roe_4q": 19.439999999999998,
            "gross_profit": 60842,
            "gross_margin": 14.21,
            "gross_margin_4q_avg": 14.32,
            "net_income": 24837,
            "revenue": 428202,
            "common_shares": 439324,
            "book_valuer_per_share": 14.35,
            "book_valuer_per_share_4q_avg": 13.46,
            "equity": 630542,
            "current_ratio": 169.02,
            "debt_ratio": 52.63,
            "inventory_turnover_ratio": 3.84,
            "account_receivable_turnover_ratio": null,
            "reinvestment_rate": -9.3,
            "research_to_sale_ratio": null,
            "price_fair": 112.7,
            "eps_avg_yearly": 3.22,
            "eps_latest_yearly": 2.28,
            "eps_growth_yearly": 83.81
        },
        "20072": {
            "year_quarter": 20072,
            "year": 2007,
            "quarter": 2,
            "eps": 0.83,
            "eps_growth_year": 53.7,
            "eps_4q": 2.86,
            "eps_4q_growth_year": 11.15,
            "roe": 5.98,
            "roe_4q": 21.33,
            "gross_profit": 71820,
            "gross_margin": 12.21,
            "gross_margin_4q_avg": 13.86,
            "net_income": 36540,
            "revenue": 588361,
            "common_shares": 439324,
            "book_valuer_per_share": 13.44,
            "book_valuer_per_share_4q_avg": 13.67,
            "equity": 590531,
            "current_ratio": 147.93,
            "debt_ratio": 60.17,
            "inventory_turnover_ratio": 5.83,
            "account_receivable_turnover_ratio": null,
            "reinvestment_rate": -9.69,
            "research_to_sale_ratio": null,
            "price_fair": 113.9,
            "eps_avg_yearly": 3.25,
            "eps_latest_yearly": 3.32,
            "eps_growth_yearly": 107.62
        },
        "20073": {
            "year_quarter": 20073,
            "year": 2007,
            "quarter": 3,
            "eps": 0.99,
            "eps_growth_year": 20.73,
            "eps_4q": 2.96,
            "eps_4q_growth_year": 19.09,
            "roe": 7.36,
            "roe_4q": 22.2,
            "gross_profit": 84275,
            "gross_margin": 12.42,
            "gross_margin_4q_avg": 13.3,
            "net_income": 45117,
            "revenue": 678291,
            "common_shares": 457235,
            "book_valuer_per_share": 13.9,
            "book_valuer_per_share_4q_avg": 13.86,
            "equity": 635542,
            "current_ratio": 142.1,
            "debt_ratio": 62.07,
            "inventory_turnover_ratio": 5.44,
            "account_receivable_turnover_ratio": null,
            "reinvestment_rate": -8.47,
            "research_to_sale_ratio": null,
            "price_fair": 110.9,
            "eps_avg_yearly": 3.17,
            "eps_latest_yearly": 3.96,
            "eps_growth_yearly": 89.79
        },
        "20074": {
            "year_quarter": 20074,
            "year": 2007,
            "quarter": 4,
            "eps": 0.7,
            "eps_growth_year": 7.69,
            "eps_4q": 3.04,
            "eps_4q_growth_year": 27.37,
            "roe": 4.88,
            "roe_4q": 22.24,
            "gross_profit": 81274,
            "gross_margin": 10.86,
            "gross_margin_4q_avg": 12.43,
            "net_income": 31803,
            "revenue": 748383,
            "common_shares": 457235,
            "book_valuer_per_share": 14.61,
            "book_valuer_per_share_4q_avg": 14.08,
            "equity": 667812,
            "current_ratio": 137.48,
            "debt_ratio": 66.09,
            "inventory_turnover_ratio": 3.32,
            "account_receivable_turnover_ratio": null,
            "reinvestment_rate": -8.03,
            "research_to_sale_ratio": null,
            "price_fair": 101.9,
            "eps_avg_yearly": 2.91,
            "eps_latest_yearly": 2.8,
            "eps_growth_yearly": 74.55
        },
        "20081": {
            "year_quarter": 20081,
            "year": 2008,
            "quarter": 1,
            "eps": 0.45,
            "eps_growth_year": -21.05,
            "eps_4q": 2.94,
            "eps_4q_growth_year": 13.84,
            "roe": 3.04,
            "roe_4q": 21.26,
            "gross_profit": 60572,
            "gross_margin": 9.23,
            "gross_margin_4q_avg": 11.18,
            "net_income": 20511,
            "revenue": 656221,
            "common_shares": 457235,
            "book_valuer_per_share": 14.95,
            "book_valuer_per_share_4q_avg": 14.23,
            "equity": 683792,
            "current_ratio": 145.4,
            "debt_ratio": 62.12,
            "inventory_turnover_ratio": 2.61,
            "account_receivable_turnover_ratio": null,
            "reinvestment_rate": -7.86,
            "research_to_sale_ratio": null,
            "price_fair": 95.7,
            "eps_avg_yearly": 2.73,
            "eps_latest_yearly": 1.8,
            "eps_growth_yearly": 73.81
        },
        "20082": {
            "year_quarter": 20082,
            "year": 2008,
            "quarter": 2,
            "eps": 0.6,
            "eps_growth_year": -27.71,
            "eps_4q": 2.74,
            "eps_4q_growth_year": -4.36,
            "roe": 4.23,
            "roe_4q": 19.51,
            "gross_profit": 71604,
            "gross_margin": 9.73,
            "gross_margin_4q_avg": 10.56,
            "net_income": 27316,
            "revenue": 735782,
            "common_shares": 457235,
            "book_valuer_per_share": 13.3,
            "book_valuer_per_share_4q_avg": 14.19,
            "equity": 608166,
            "current_ratio": 139.36,
            "debt_ratio": 64.61,
            "inventory_turnover_ratio": 3.99,
            "account_receivable_turnover_ratio": null,
            "reinvestment_rate": -7.46,
            "research_to_sale_ratio": null,
            "price_fair": 93.1,
            "eps_avg_yearly": 2.66,
            "eps_latest_yearly": 2.4,
            "eps_growth_yearly": 88.94
        },
        "20083": {
            "year_quarter": 20083,
            "year": 2008,
            "quarter": 3,
            "eps": 0.86,
            "eps_growth_year": -13.13,
            "eps_4q": 2.6,
            "eps_4q_growth_year": -12.21,
            "roe": 6.23,
            "roe_4q": 18.38,
            "gross_profit": 92488,
            "gross_margin": 11.44,
            "gross_margin_4q_avg": 10.32,
            "net_income": 39303,
            "revenue": 808801,
            "common_shares": 457235,
            "book_valuer_per_share": 14.28,
            "book_valuer_per_share_4q_avg": 14.29,
            "equity": 652835,
            "current_ratio": 143.12,
            "debt_ratio": 63.23,
            "inventory_turnover_ratio": 4.98,
            "account_receivable_turnover_ratio": null,
            "reinvestment_rate": -6.7,
            "research_to_sale_ratio": null,
            "price_fair": 93.9,
            "eps_avg_yearly": 2.68,
            "eps_latest_yearly": 3.44,
            "eps_growth_yearly": 103.98
        },
        "20084": {
            "year_quarter": 20084,
            "year": 2008,
            "quarter": 4,
            "eps": 0.08,
            "eps_growth_year": -88.57,
            "eps_4q": 2.01,
            "eps_4q_growth_year": -34.12,
            "roe": 0.55,
            "roe_4q": 14.05,
            "gross_profit": 42975,
            "gross_margin": 10.69,
            "gross_margin_4q_avg": 10.27,
            "net_income": 3620,
            "revenue": 401920,
            "common_shares": 477176,
            "book_valuer_per_share": 13.8,
            "book_valuer_per_share_4q_avg": 14.08,
            "equity": 658484,
            "current_ratio": 172.88,
            "debt_ratio": 54.89,
            "inventory_turnover_ratio": 2.26,
            "account_receivable_turnover_ratio": 0.97,
            "reinvestment_rate": -6.26,
            "research_to_sale_ratio": null,
            "price_fair": 88.39,
            "eps_avg_yearly": 2.53,
            "eps_latest_yearly": 0.32,
            "eps_growth_yearly": 72.87
        },
        "20091": {
            "year_quarter": 20091,
            "year": 2009,
            "quarter": 1,
            "eps": -0.15,
            "eps_growth_year": -133.33,
            "eps_4q": 1.32,
            "eps_4q_growth_year": -55.02,
            "roe": -1.09,
            "roe_4q": 9.920000000000002,
            "gross_profit": 41150,
            "gross_margin": 14.69,
            "gross_margin_4q_avg": 11.64,
            "net_income": -7158,
            "revenue": 280056,
            "common_shares": 477176,
            "book_valuer_per_share": 13.72,
            "book_valuer_per_share_4q_avg": 13.78,
            "equity": 654716,
            "current_ratio": 226.83,
            "debt_ratio": 42.57,
            "inventory_turnover_ratio": 1.62,
            "account_receivable_turnover_ratio": 0.42,
            "reinvestment_rate": -3.44,
            "research_to_sale_ratio": null,
            "price_fair": 88.39,
            "eps_avg_yearly": 2.53,
            "eps_latest_yearly": 0.32,
            "eps_growth_yearly": 72.87
        },
        "20092": {
            "year_quarter": 20092,
            "year": 2009,
            "quarter": 2,
            "eps": -0.14,
            "eps_growth_year": -123.33,
            "eps_4q": 0.61,
            "eps_4q_growth_year": -77.89,
            "roe": -1.07,
            "roe_4q": 4.62,
            "gross_profit": 30951,
            "gross_margin": 10.63,
            "gross_margin_4q_avg": 11.86,
            "net_income": -6851,
            "revenue": 291090,
            "common_shares": 477176,
            "book_valuer_per_share": 13.09,
            "book_valuer_per_share_4q_avg": 13.72,
            "equity": 624732,
            "current_ratio": 204.17,
            "debt_ratio": 46.58,
            "inventory_turnover_ratio": 1.82,
            "account_receivable_turnover_ratio": 0.61,
            "reinvestment_rate": -3.44,
            "research_to_sale_ratio": null,
            "price_fair": 91.7,
            "eps_avg_yearly": 2.62,
            "eps_latest_yearly": 0.32,
            "eps_growth_yearly": 49.5
        },
        "20093": {
            "year_quarter": 20093,
            "year": 2009,
            "quarter": 3,
            "eps": -0.09,
            "eps_growth_year": -110.47,
            "eps_4q": -0.31,
            "eps_4q_growth_year": -111.84,
            "roe": -0.69,
            "roe_4q": -2.3,
            "gross_profit": 25462,
            "gross_margin": 8.21,
            "gross_margin_4q_avg": 11.06,
            "net_income": -4312,
            "revenue": 310212,
            "common_shares": 477176,
            "book_valuer_per_share": 12.96,
            "book_valuer_per_share_4q_avg": 13.39,
            "equity": 618386,
            "current_ratio": 169.71,
            "debt_ratio": 48.39,
            "inventory_turnover_ratio": 1.92,
            "account_receivable_turnover_ratio": 0.67,
            "reinvestment_rate": -3.71,
            "research_to_sale_ratio": null,
            "price_fair": 7.64,
            "eps_avg_yearly": 2.55,
            "eps_latest_yearly": 0.32,
            "eps_growth_yearly": -7.21
        },
        "20094": {
            "year_quarter": 20094,
            "year": 2009,
            "quarter": 4,
            "eps": -0.45,
            "eps_growth_year": -662.5,
            "eps_4q": -0.82,
            "eps_4q_growth_year": -140.75,
            "roe": -3.71,
            "roe_4q": -6.5600000000000005,
            "gross_profit": 12082,
            "gross_margin": 5.39,
            "gross_margin_4q_avg": 9.73,
            "net_income": -22509,
            "revenue": 224061,
            "common_shares": 499621,
            "book_valuer_per_share": 11.92,
            "book_valuer_per_share_4q_avg": 12.92,
            "equity": 595432,
            "current_ratio": 191.5,
            "debt_ratio": 41.65,
            "inventory_turnover_ratio": 1.79,
            "account_receivable_turnover_ratio": 1.09,
            "reinvestment_rate": 3.04,
            "research_to_sale_ratio": null,
            "price_fair": 7.5,
            "eps_avg_yearly": 2.5,
            "eps_latest_yearly": 0.32,
            "eps_growth_yearly": -3.69
        },
        "20101": {
            "year_quarter": 20101,
            "year": 2010,
            "quarter": 1,
            "eps": -0.05,
            "eps_growth_year": null,
            "eps_4q": -0.73,
            "eps_4q_growth_year": -154.9,
            "roe": -0.44,
            "roe_4q": -5.91,
            "gross_profit": 18381,
            "gross_margin": 6.11,
            "gross_margin_4q_avg": 7.59,
            "net_income": -2589,
            "revenue": 301038,
            "common_shares": 499621,
            "book_valuer_per_share": 11.85,
            "book_valuer_per_share_4q_avg": 12.46,
            "equity": 592249,
            "current_ratio": 172.55,
            "debt_ratio": 46.33,
            "inventory_turnover_ratio": 2.62,
            "account_receivable_turnover_ratio": 0.7,
            "reinvestment_rate": 4.29,
            "research_to_sale_ratio": 0.64,
            "price_fair": 59.88,
            "eps_avg_yearly": 2.58,
            "eps_latest_yearly": 0.32,
            "eps_growth_yearly": 13.23
        },
        "20102": {
            "year_quarter": 20102,
            "year": 2010,
            "quarter": 2,
            "eps": 0.06,
            "eps_growth_year": null,
            "eps_4q": -0.53,
            "eps_4q_growth_year": -187.23,
            "roe": 0.51,
            "roe_4q": -4.33,
            "gross_profit": 16330,
            "gross_margin": 5.49,
            "gross_margin_4q_avg": 6.3,
            "net_income": 3003,
            "revenue": 297226,
            "common_shares": 499621,
            "book_valuer_per_share": 11.89,
            "book_valuer_per_share_4q_avg": 12.16,
            "equity": 594039,
            "current_ratio": 164.23,
            "debt_ratio": 48.3,
            "inventory_turnover_ratio": 2.28,
            "account_receivable_turnover_ratio": 0.65,
            "reinvestment_rate": 2.18,
            "research_to_sale_ratio": 0.4,
            "price_fair": 31.09,
            "eps_avg_yearly": 2.62,
            "eps_latest_yearly": 0.32,
            "eps_growth_yearly": 1.87
        },
        "20103": {
            "year_quarter": 20103,
            "year": 2010,
            "quarter": 3,
            "eps": -0.15,
            "eps_growth_year": null,
            "eps_4q": -0.6,
            "eps_4q_growth_year": null,
            "roe": -1.31,
            "roe_4q": -4.95,
            "gross_profit": 21362,
            "gross_margin": 8.62,
            "gross_margin_4q_avg": 6.4,
            "net_income": -7701,
            "revenue": 247714,
            "common_shares": 499621,
            "book_valuer_per_share": 11.69,
            "book_valuer_per_share_4q_avg": 11.84,
            "equity": 584008,
            "current_ratio": 170.39,
            "debt_ratio": 45.81,
            "inventory_turnover_ratio": 1.77,
            "account_receivable_turnover_ratio": 0.57,
            "reinvestment_rate": 2.83,
            "research_to_sale_ratio": 1.36,
            "price_fair": 7.64,
            "eps_avg_yearly": 2.55,
            "eps_latest_yearly": 0.32,
            "eps_growth_yearly": -20.97
        },
        "20104": {
            "year_quarter": 20104,
            "year": 2010,
            "quarter": 4,
            "eps": 0.19,
            "eps_growth_year": null,
            "eps_4q": 0.04,
            "eps_4q_growth_year": null,
            "roe": 1.63,
            "roe_4q": 0.38999999999999985,
            "gross_profit": 20360,
            "gross_margin": 8.47,
            "gross_margin_4q_avg": 7.17,
            "net_income": 9516,
            "revenue": 240306,
            "common_shares": 499621,
            "book_valuer_per_share": 11.73,
            "book_valuer_per_share_4q_avg": 11.79,
            "equity": 585824,
            "current_ratio": 251.11,
            "debt_ratio": 36.56,
            "inventory_turnover_ratio": 2.16,
            "account_receivable_turnover_ratio": 0.63,
            "reinvestment_rate": 2.79,
            "research_to_sale_ratio": 2.91,
            "price_fair": 7.62,
            "eps_avg_yearly": 2.54,
            "eps_latest_yearly": 0.32,
            "eps_growth_yearly": -13.23
        },
        "20111": {
            "year_quarter": 20111,
            "year": 2011,
            "quarter": 1,
            "eps": -0.04,
            "eps_growth_year": null,
            "eps_4q": 0.06,
            "eps_4q_growth_year": null,
            "roe": -0.33,
            "roe_4q": 0.4999999999999998,
            "gross_profit": 15820,
            "gross_margin": 6.81,
            "gross_margin_4q_avg": 7.35,
            "net_income": -1934,
            "revenue": 232433,
            "common_shares": 499621,
            "book_valuer_per_share": 11.71,
            "book_valuer_per_share_4q_avg": 11.76,
            "equity": 584965,
            "current_ratio": 238.76,
            "debt_ratio": 38.49,
            "inventory_turnover_ratio": 3.12,
            "account_receivable_turnover_ratio": 0.64,
            "reinvestment_rate": 2.19,
            "research_to_sale_ratio": 0.7,
            "price_fair": 7.73,
            "eps_avg_yearly": 2.58,
            "eps_latest_yearly": 0.32,
            "eps_growth_yearly": -8.08
        },
        "20112": {
            "year_quarter": 20112,
            "year": 2011,
            "quarter": 2,
            "eps": 0.06,
            "eps_growth_year": 6.96,
            "eps_4q": 0.06,
            "eps_4q_growth_year": null,
            "roe": 0.55,
            "roe_4q": 0.5399999999999998,
            "gross_profit": 21491,
            "gross_margin": 8.1,
            "gross_margin_4q_avg": 8,
            "net_income": 3212,
            "revenue": 265376,
            "common_shares": 499621,
            "book_valuer_per_share": 11.71,
            "book_valuer_per_share_4q_avg": 11.71,
            "equity": 584816,
            "current_ratio": 213.14,
            "debt_ratio": 43.17,
            "inventory_turnover_ratio": 2.57,
            "account_receivable_turnover_ratio": 0.73,
            "reinvestment_rate": 2.54,
            "research_to_sale_ratio": 0.47,
            "price_fair": 7.36,
            "eps_avg_yearly": 2.45,
            "eps_latest_yearly": 0.32,
            "eps_growth_yearly": -39.84
        },
        "20113": {
            "year_quarter": 20113,
            "year": 2011,
            "quarter": 3,
            "eps": 0.01,
            "eps_growth_year": null,
            "eps_4q": 0.22,
            "eps_4q_growth_year": null,
            "roe": -0.09,
            "roe_4q": 1.76,
            "gross_profit": 30121,
            "gross_margin": 11.8,
            "gross_margin_4q_avg": 8.8,
            "net_income": -551,
            "revenue": 255210,
            "common_shares": 499621,
            "book_valuer_per_share": 12.17,
            "book_valuer_per_share_4q_avg": 11.83,
            "equity": 654867,
            "current_ratio": 232.32,
            "debt_ratio": 39.52,
            "inventory_turnover_ratio": 1.82,
            "account_receivable_turnover_ratio": 0.7,
            "reinvestment_rate": 14.65,
            "research_to_sale_ratio": 0.25,
            "price_fair": 5.4,
            "eps_avg_yearly": 1.8,
            "eps_latest_yearly": 0.04,
            "eps_growth_yearly": -108.25
        },
        "20114": {
            "year_quarter": 20114,
            "year": 2011,
            "quarter": 4,
            "eps": -0.45,
            "eps_growth_year": -335.79,
            "eps_4q": -0.42,
            "eps_4q_growth_year": -1031.22,
            "roe": -3.62,
            "roe_4q": -3.49,
            "gross_profit": 9980,
            "gross_margin": 4.66,
            "gross_margin_4q_avg": 7.84,
            "net_income": -22438,
            "revenue": 214077,
            "common_shares": 499621,
            "book_valuer_per_share": 11.67,
            "book_valuer_per_share_4q_avg": 11.82,
            "equity": 583209,
            "current_ratio": 235.3,
            "debt_ratio": 38.32,
            "inventory_turnover_ratio": 1.7,
            "account_receivable_turnover_ratio": 0.61,
            "reinvestment_rate": 20.89,
            "research_to_sale_ratio": 0.27,
            "price_fair": 4.8,
            "eps_avg_yearly": 1.6,
            "eps_latest_yearly": 0.04,
            "eps_growth_yearly": -106.46
        },
        "20121": {
            "year_quarter": 20121,
            "year": 2012,
            "quarter": 1,
            "eps": -0.07,
            "eps_growth_year": null,
            "eps_4q": -0.45,
            "eps_4q_growth_year": -871.63,
            "roe": -0.59,
            "roe_4q": -3.75,
            "gross_profit": 14990,
            "gross_margin": 9.06,
            "gross_margin_4q_avg": 8.41,
            "net_income": -3431,
            "revenue": 165403,
            "common_shares": 499621,
            "book_valuer_per_share": 11.44,
            "book_valuer_per_share_4q_avg": 11.75,
            "equity": 571571,
            "current_ratio": 312.68,
            "debt_ratio": 29.23,
            "inventory_turnover_ratio": 1.25,
            "account_receivable_turnover_ratio": 0.56,
            "reinvestment_rate": 25.34,
            "research_to_sale_ratio": 0.46,
            "price_fair": 4.65,
            "eps_avg_yearly": 1.55,
            "eps_latest_yearly": 0.04,
            "eps_growth_yearly": -97.36
        },
        "20122": {
            "year_quarter": 20122,
            "year": 2012,
            "quarter": 2,
            "eps": -0.04,
            "eps_growth_year": -159.61,
            "eps_4q": -0.55,
            "eps_4q_growth_year": -988.19,
            "roe": -0.33,
            "roe_4q": -4.63,
            "gross_profit": 17016,
            "gross_margin": 7.49,
            "gross_margin_4q_avg": 8.25,
            "net_income": -1908,
            "revenue": 227147,
            "common_shares": 499621,
            "book_valuer_per_share": 11.47,
            "book_valuer_per_share_4q_avg": 11.69,
            "equity": 570850,
            "current_ratio": 251.99,
            "debt_ratio": 35.31,
            "inventory_turnover_ratio": 1.43,
            "account_receivable_turnover_ratio": 0.82,
            "reinvestment_rate": null,
            "research_to_sale_ratio": 0.28,
            "price_fair": 3.8,
            "eps_avg_yearly": 1.27,
            "eps_latest_yearly": 0.04,
            "eps_growth_yearly": -174.26
        },
        "20123": {
            "year_quarter": 20123,
            "year": 2012,
            "quarter": 3,
            "eps": -0.2,
            "eps_growth_year": -2565.4,
            "eps_4q": -0.76,
            "eps_4q_growth_year": -437.69,
            "roe": -1.76,
            "roe_4q": -6.3,
            "gross_profit": 15861,
            "gross_margin": 6.04,
            "gross_margin_4q_avg": 6.81,
            "net_income": -9900,
            "revenue": 262608,
            "common_shares": 499621,
            "book_valuer_per_share": 11.18,
            "book_valuer_per_share_4q_avg": 11.44,
            "equity": 556831,
            "current_ratio": 244.03,
            "debt_ratio": 35.87,
            "inventory_turnover_ratio": 1.77,
            "account_receivable_turnover_ratio": 0.84,
            "reinvestment_rate": null,
            "research_to_sale_ratio": 0.23,
            "price_fair": 0.54,
            "eps_avg_yearly": 0.18,
            "eps_latest_yearly": 0.04,
            "eps_growth_yearly": -348.06
        },
        "20124": {
            "year_quarter": 20124,
            "year": 2012,
            "quarter": 4,
            "eps": 0.27,
            "eps_growth_year": null,
            "eps_4q": 0.01,
            "eps_4q_growth_year": null,
            "roe": 2.55,
            "roe_4q": -0.13000000000000017,
            "gross_profit": 24553,
            "gross_margin": 10.57,
            "gross_margin_4q_avg": 8.29,
            "net_income": 15950,
            "revenue": 232304,
            "common_shares": 599621,
            "book_valuer_per_share": 11.6,
            "book_valuer_per_share_4q_avg": 11.42,
            "equity": 693397,
            "current_ratio": 251.6,
            "debt_ratio": 29.31,
            "inventory_turnover_ratio": 2.21,
            "account_receivable_turnover_ratio": 0.67,
            "reinvestment_rate": null,
            "research_to_sale_ratio": 0.17,
            "price_fair": 0.12,
            "eps_avg_yearly": 0.04,
            "eps_latest_yearly": 0.04,
            "eps_growth_yearly": -333.33
        },
        "20131": {
            "year_quarter": 20131,
            "year": 2013,
            "quarter": 1,
            "eps": -0.13,
            "eps_growth_year": null,
            "eps_4q": -0.06,
            "eps_4q_growth_year": null,
            "roe": -1.09,
            "roe_4q": -0.6300000000000003,
            "gross_profit": 9465,
            "gross_margin": 6.61,
            "gross_margin_4q_avg": 7.68,
            "net_income": -7604,
            "revenue": 143267,
            "common_shares": 599621,
            "book_valuer_per_share": 11.66,
            "book_valuer_per_share_4q_avg": 11.48,
            "equity": 698669,
            "current_ratio": 318.36,
            "debt_ratio": 21.37,
            "inventory_turnover_ratio": 1.95,
            "account_receivable_turnover_ratio": 0.44,
            "reinvestment_rate": null,
            "research_to_sale_ratio": 0.39,
            "price_fair": 0.12,
            "eps_avg_yearly": 0.04,
            "eps_latest_yearly": 0.04,
            "eps_growth_yearly": -333.33
        },
        "20132": {
            "year_quarter": 20132,
            "year": 2013,
            "quarter": 2,
            "eps": -0.1,
            "eps_growth_year": null,
            "eps_4q": -0.13,
            "eps_4q_growth_year": null,
            "roe": -0.78,
            "roe_4q": -1.0800000000000003,
            "gross_profit": 12677,
            "gross_margin": 8.86,
            "gross_margin_4q_avg": 8.02,
            "net_income": -5998,
            "revenue": 143104,
            "common_shares": 599621,
            "book_valuer_per_share": 11.61,
            "book_valuer_per_share_4q_avg": 11.51,
            "equity": 839317,
            "current_ratio": 201.35,
            "debt_ratio": 46.6,
            "inventory_turnover_ratio": 2.12,
            "account_receivable_turnover_ratio": 0.6,
            "reinvestment_rate": null,
            "research_to_sale_ratio": 0.78,
            "price_fair": 0.12,
            "eps_avg_yearly": 0.04,
            "eps_latest_yearly": 0.04,
            "eps_growth_yearly": -333.33
        },
        "20133": {
            "year_quarter": 20133,
            "year": 2013,
            "quarter": 3,
            "eps": 1.12,
            "eps_growth_year": null,
            "eps_4q": 1.15,
            "eps_4q_growth_year": null,
            "roe": 7.75,
            "roe_4q": 8.43,
            "gross_profit": 11080,
            "gross_margin": 7.78,
            "gross_margin_4q_avg": 8.46,
            "net_income": 67586,
            "revenue": 142448,
            "common_shares": 599621,
            "book_valuer_per_share": 12.7,
            "book_valuer_per_share_4q_avg": 11.89,
            "equity": 905331,
            "current_ratio": 222.84,
            "debt_ratio": 41.16,
            "inventory_turnover_ratio": 2.27,
            "account_receivable_turnover_ratio": 0.78,
            "reinvestment_rate": -303.86,
            "research_to_sale_ratio": 0.22,
            "price_fair": 0.12,
            "eps_avg_yearly": 0.04,
            "eps_latest_yearly": 0.04,
            "eps_growth_yearly": -333.33
        },
        "20134": {
            "year_quarter": 20134,
            "year": 2013,
            "quarter": 4,
            "eps": -0.19,
            "eps_growth_year": -172.84,
            "eps_4q": 0.69,
            "eps_4q_growth_year": 5736.49,
            "roe": -1.18,
            "roe_4q": 4.7,
            "gross_profit": 14727,
            "gross_margin": 8.93,
            "gross_margin_4q_avg": 8.05,
            "net_income": -10683,
            "revenue": 164959,
            "common_shares": 599621,
            "book_valuer_per_share": 12.58,
            "book_valuer_per_share_4q_avg": 12.14,
            "equity": 899267,
            "current_ratio": 245.59,
            "debt_ratio": 43.58,
            "inventory_turnover_ratio": 2.57,
            "account_receivable_turnover_ratio": 0.88,
            "reinvestment_rate": 2870.57,
            "research_to_sale_ratio": 4.29,
            "price_fair": 0.12,
            "eps_avg_yearly": 0.04,
            "eps_latest_yearly": 0.04,
            "eps_growth_yearly": -333.33
        },
        "20141": {
            "year_quarter": 20141,
            "year": 2014,
            "quarter": 1,
            "eps": -0.08,
            "eps_growth_year": null,
            "eps_4q": 0.75,
            "eps_4q_growth_year": null,
            "roe": -0.62,
            "roe_4q": 5.17,
            "gross_profit": 12336,
            "gross_margin": 7.03,
            "gross_margin_4q_avg": 8.15,
            "net_income": -5565,
            "revenue": 175407,
            "common_shares": 599621,
            "book_valuer_per_share": 12.57,
            "book_valuer_per_share_4q_avg": 12.37,
            "equity": 896776,
            "current_ratio": 249.55,
            "debt_ratio": 42.46,
            "inventory_turnover_ratio": 1.77,
            "account_receivable_turnover_ratio": 0.87,
            "reinvestment_rate": 3148.09,
            "research_to_sale_ratio": 0.28,
            "price_fair": 0.12,
            "eps_avg_yearly": 0.04,
            "eps_latest_yearly": 0.04,
            "eps_growth_yearly": -333.33
        },
        "20142": {
            "year_quarter": 20142,
            "year": 2014,
            "quarter": 2,
            "eps": -0.16,
            "eps_growth_year": null,
            "eps_4q": 0.64,
            "eps_4q_growth_year": null,
            "roe": -1.07,
            "roe_4q": 4.88,
            "gross_profit": 9493,
            "gross_margin": 4.64,
            "gross_margin_4q_avg": 7.1,
            "net_income": -9604,
            "revenue": 204387,
            "common_shares": 599621,
            "book_valuer_per_share": 12.24,
            "book_valuer_per_share_4q_avg": 12.52,
            "equity": 894592,
            "current_ratio": 235.09,
            "debt_ratio": 42.96,
            "inventory_turnover_ratio": 1.48,
            "account_receivable_turnover_ratio": 0.94,
            "reinvestment_rate": 7441.17,
            "research_to_sale_ratio": 0.07,
            "price_fair": 0.12,
            "eps_avg_yearly": 0.04,
            "eps_latest_yearly": 0.04,
            "eps_growth_yearly": -333.33
        },
        "20143": {
            "year_quarter": 20143,
            "year": 2014,
            "quarter": 3,
            "eps": -0.03,
            "eps_growth_year": -102.68,
            "eps_4q": -0.43,
            "eps_4q_growth_year": -137.58,
            "roe": -0.19,
            "roe_4q": -3.0599999999999996,
            "gross_profit": 15378,
            "gross_margin": 8.06,
            "gross_margin_4q_avg": 7.17,
            "net_income": -1721,
            "revenue": 190897,
            "common_shares": 639916,
            "book_valuer_per_share": 11.49,
            "book_valuer_per_share_4q_avg": 12.22,
            "equity": 896529,
            "current_ratio": 248.92,
            "debt_ratio": 41.48,
            "inventory_turnover_ratio": 1.15,
            "account_receivable_turnover_ratio": 0.92,
            "reinvestment_rate": 4530.52,
            "research_to_sale_ratio": 0.08,
            "price_fair": 0.12,
            "eps_avg_yearly": 0.04,
            "eps_latest_yearly": 0.04,
            "eps_growth_yearly": -333.33
        },
        "20144": {
            "year_quarter": 20144,
            "year": 2014,
            "quarter": 4,
            "eps": -0.1,
            "eps_growth_year": null,
            "eps_4q": -0.35,
            "eps_4q_growth_year": -151.06,
            "roe": -0.82,
            "roe_4q": -2.7,
            "gross_profit": 5000,
            "gross_margin": 3.31,
            "gross_margin_4q_avg": 5.76,
            "net_income": -7362,
            "revenue": 150882,
            "common_shares": 639916,
            "book_valuer_per_share": 11.49,
            "book_valuer_per_share_4q_avg": 11.95,
            "equity": 895941,
            "current_ratio": 278,
            "debt_ratio": 39.7,
            "inventory_turnover_ratio": 0.95,
            "account_receivable_turnover_ratio": 0.86,
            "reinvestment_rate": null,
            "research_to_sale_ratio": 0.49,
            "price_fair": 0.12,
            "eps_avg_yearly": 0.04,
            "eps_latest_yearly": 0.04,
            "eps_growth_yearly": -333.33
        },
        "20151": {
            "year_quarter": 20151,
            "year": 2015,
            "quarter": 1,
            "eps": -0.21,
            "eps_growth_year": null,
            "eps_4q": -0.5,
            "eps_4q_growth_year": -166.66,
            "roe": -1.69,
            "roe_4q": -3.7699999999999996,
            "gross_profit": 3337,
            "gross_margin": 2.74,
            "gross_margin_4q_avg": 4.69,
            "net_income": -15021,
            "revenue": 121632,
            "common_shares": 639916,
            "book_valuer_per_share": 11.32,
            "book_valuer_per_share_4q_avg": 11.64,
            "equity": 883849,
            "current_ratio": 260.01,
            "debt_ratio": 39.47,
            "inventory_turnover_ratio": 0.78,
            "account_receivable_turnover_ratio": 0.76,
            "reinvestment_rate": null,
            "research_to_sale_ratio": 0.48,
            "price_fair": 0.12,
            "eps_avg_yearly": 0.04,
            "eps_latest_yearly": 0.04,
            "eps_growth_yearly": -333.33
        },
        "20152": {
            "year_quarter": 20152,
            "year": 2015,
            "quarter": 2,
            "eps": -0.34,
            "eps_growth_year": null,
            "eps_4q": -0.69,
            "eps_4q_growth_year": -207.07,
            "roe": -2.63,
            "roe_4q": -5.330000000000001,
            "gross_profit": -4582,
            "gross_margin": -4.17,
            "gross_margin_4q_avg": 2.49,
            "net_income": -22946,
            "revenue": 109956,
            "common_shares": 639916,
            "book_valuer_per_share": 10.94,
            "book_valuer_per_share_4q_avg": 11.31,
            "equity": 858263,
            "current_ratio": 268.85,
            "debt_ratio": 38.56,
            "inventory_turnover_ratio": 0.76,
            "account_receivable_turnover_ratio": 0.79,
            "reinvestment_rate": null,
            "research_to_sale_ratio": 0.31,
            "price_fair": 0.12,
            "eps_avg_yearly": 0.04,
            "eps_latest_yearly": 0.04,
            "eps_growth_yearly": -333.33
        },
        "20153": {
            "year_quarter": 20153,
            "year": 2015,
            "quarter": 3,
            "eps": -0.48,
            "eps_growth_year": null,
            "eps_4q": -1.14,
            "eps_4q_growth_year": null,
            "roe": -4.05,
            "roe_4q": -9.19,
            "gross_profit": -320,
            "gross_margin": -0.25,
            "gross_margin_4q_avg": 0.41,
            "net_income": -34241,
            "revenue": 128701,
            "common_shares": 639916,
            "book_valuer_per_share": 10.62,
            "book_valuer_per_share_4q_avg": 11.09,
            "equity": 834497,
            "current_ratio": 243.3,
            "debt_ratio": 39.98,
            "inventory_turnover_ratio": 0.95,
            "account_receivable_turnover_ratio": 0.93,
            "reinvestment_rate": null,
            "research_to_sale_ratio": 0.07,
            "price_fair": 0,
            "eps_avg_yearly": 0,
            "eps_latest_yearly": 0,
            "eps_growth_yearly": 0
        },
        "20154": {
            "year_quarter": 20154,
            "year": 2015,
            "quarter": 4,
            "eps": -1.03,
            "eps_growth_year": null,
            "eps_4q": -2.07,
            "eps_4q_growth_year": null,
            "roe": -8.62,
            "roe_4q": -16.99,
            "gross_profit": -14457,
            "gross_margin": -15.61,
            "gross_margin_4q_avg": -4.32,
            "net_income": -68859,
            "revenue": 92639,
            "common_shares": 639916,
            "book_valuer_per_share": 9.48,
            "book_valuer_per_share_4q_avg": 10.59,
            "equity": 763436,
            "current_ratio": 234.65,
            "debt_ratio": 41.2,
            "inventory_turnover_ratio": 0.86,
            "account_receivable_turnover_ratio": 0.68,
            "reinvestment_rate": null,
            "research_to_sale_ratio": 0.13,
            "price_fair": 0,
            "eps_avg_yearly": 0,
            "eps_latest_yearly": 0,
            "eps_growth_yearly": 0
        },
        "20161": {
            "year_quarter": 20161,
            "year": 2016,
            "quarter": 1,
            "eps": -0.31,
            "eps_growth_year": null,
            "eps_4q": -2.17,
            "eps_4q_growth_year": null,
            "roe": -2.89,
            "roe_4q": -18.189999999999998,
            "gross_profit": -917,
            "gross_margin": -0.51,
            "gross_margin_4q_avg": -5.14,
            "net_income": -21686,
            "revenue": 178783,
            "common_shares": 639916,
            "book_valuer_per_share": 9.12,
            "book_valuer_per_share_4q_avg": 10.04,
            "equity": 738582,
            "current_ratio": 218.46,
            "debt_ratio": 41.48,
            "inventory_turnover_ratio": 1.72,
            "account_receivable_turnover_ratio": 1.38,
            "reinvestment_rate": null,
            "research_to_sale_ratio": 0.07,
            "price_fair": 0,
            "eps_avg_yearly": 0,
            "eps_latest_yearly": 0,
            "eps_growth_yearly": 0
        },
        "20162": {
            "year_quarter": 20162,
            "year": 2016,
            "quarter": 2,
            "eps": 0.19,
            "eps_growth_year": null,
            "eps_4q": -1.63,
            "eps_4q_growth_year": null,
            "roe": 1.98,
            "roe_4q": -13.579999999999998,
            "gross_profit": 13045,
            "gross_margin": 5.67,
            "gross_margin_4q_avg": -2.68,
            "net_income": 13294,
            "revenue": 229910,
            "common_shares": 639916,
            "book_valuer_per_share": 9.3,
            "book_valuer_per_share_4q_avg": 9.63,
            "equity": 604956,
            "current_ratio": 231.88,
            "debt_ratio": 26.18,
            "inventory_turnover_ratio": 2.88,
            "account_receivable_turnover_ratio": 1.27,
            "reinvestment_rate": null,
            "research_to_sale_ratio": 0.25,
            "price_fair": 0,
            "eps_avg_yearly": 0,
            "eps_latest_yearly": 0,
            "eps_growth_yearly": 0
        },
        "20163": {
            "year_quarter": 20163,
            "year": 2016,
            "quarter": 3,
            "eps": -0.27,
            "eps_growth_year": null,
            "eps_4q": -1.43,
            "eps_4q_growth_year": null,
            "roe": -3.15,
            "roe_4q": -12.68,
            "gross_profit": -289,
            "gross_margin": -0.22,
            "gross_margin_4q_avg": -2.67,
            "net_income": -18636,
            "revenue": 132519,
            "common_shares": 639916,
            "book_valuer_per_share": 8.92,
            "book_valuer_per_share_4q_avg": 9.21,
            "equity": 579807,
            "current_ratio": 201.54,
            "debt_ratio": 30.54,
            "inventory_turnover_ratio": 2.07,
            "account_receivable_turnover_ratio": 0.55,
            "reinvestment_rate": null,
            "research_to_sale_ratio": 0.53,
            "price_fair": 0,
            "eps_avg_yearly": 0,
            "eps_latest_yearly": 0,
            "eps_growth_yearly": 0
        },
        "20164": {
            "year_quarter": 20164,
            "year": 2016,
            "quarter": 4,
            "eps": -0.38,
            "eps_growth_year": null,
            "eps_4q": -0.77,
            "eps_4q_growth_year": null,
            "roe": -4.33,
            "roe_4q": -8.39,
            "gross_profit": 4202,
            "gross_margin": 3.36,
            "gross_margin_4q_avg": 2.08,
            "net_income": -24597,
            "revenue": 125180,
            "common_shares": 639916,
            "book_valuer_per_share": 8.57,
            "book_valuer_per_share_4q_avg": 8.98,
            "equity": 557320,
            "current_ratio": 229.08,
            "debt_ratio": 25.2,
            "inventory_turnover_ratio": 1.7,
            "account_receivable_turnover_ratio": 0.51,
            "reinvestment_rate": null,
            "research_to_sale_ratio": 0.11,
            "price_fair": 0,
            "eps_avg_yearly": 0,
            "eps_latest_yearly": 0,
            "eps_growth_yearly": 0
        },
        "20171": {
            "year_quarter": 20171,
            "year": 2017,
            "quarter": 1,
            "eps": -0.61,
            "eps_growth_year": null,
            "eps_4q": -1.08,
            "eps_4q_growth_year": null,
            "roe": -7.47,
            "roe_4q": -12.97,
            "gross_profit": 420,
            "gross_margin": 0.52,
            "gross_margin_4q_avg": 2.33,
            "net_income": -39890,
            "revenue": 81106,
            "common_shares": 639916,
            "book_valuer_per_share": 7.86,
            "book_valuer_per_share_4q_avg": 8.66,
            "equity": 511221,
            "current_ratio": 228.07,
            "debt_ratio": 23.64,
            "inventory_turnover_ratio": 0.97,
            "account_receivable_turnover_ratio": 0.39,
            "reinvestment_rate": null,
            "research_to_sale_ratio": 0.2,
            "price_fair": 0,
            "eps_avg_yearly": 0,
            "eps_latest_yearly": 0,
            "eps_growth_yearly": 0
        },
        "20172": {
            "year_quarter": 20172,
            "year": 2017,
            "quarter": 2,
            "eps": -0.35,
            "eps_growth_year": -284.21,
            "eps_4q": -1.62,
            "eps_4q_growth_year": null,
            "roe": -4.7,
            "roe_4q": -19.65,
            "gross_profit": 3735,
            "gross_margin": 4.38,
            "gross_margin_4q_avg": 2.01,
            "net_income": -23491,
            "revenue": 85257,
            "common_shares": 639916,
            "book_valuer_per_share": 7.52,
            "book_valuer_per_share_4q_avg": 8.22,
            "equity": 488274,
            "current_ratio": 170.36,
            "debt_ratio": 35.63,
            "inventory_turnover_ratio": 0.96,
            "account_receivable_turnover_ratio": 0.39,
            "reinvestment_rate": null,
            "research_to_sale_ratio": 0.21,
            "price_fair": 0,
            "eps_avg_yearly": 0,
            "eps_latest_yearly": 0,
            "eps_growth_yearly": 0
        },
        "20173": {
            "year_quarter": 20173,
            "year": 2017,
            "quarter": 3,
            "eps": -0.7,
            "eps_growth_year": null,
            "eps_4q": -2.05,
            "eps_4q_growth_year": null,
            "roe": -10.16,
            "roe_4q": -26.659999999999997,
            "gross_profit": 2573,
            "gross_margin": 2.88,
            "gross_margin_4q_avg": 2.79,
            "net_income": -47215,
            "revenue": 89372,
            "common_shares": 639916,
            "book_valuer_per_share": 6.82,
            "book_valuer_per_share_4q_avg": 7.69,
            "equity": 441426,
            "current_ratio": 146.62,
            "debt_ratio": 45.78,
            "inventory_turnover_ratio": 1.09,
            "account_receivable_turnover_ratio": 0.3,
            "reinvestment_rate": null,
            "research_to_sale_ratio": 0.07,
            "price_fair": 0,
            "eps_avg_yearly": 0,
            "eps_latest_yearly": 0,
            "eps_growth_yearly": 0
        },
        "20174": {
            "year_quarter": 20174,
            "year": 2017,
            "quarter": 4,
            "eps": -0.45,
            "eps_growth_year": null,
            "eps_4q": -2.11,
            "eps_4q_growth_year": null,
            "roe": -7.04,
            "roe_4q": -29.369999999999997,
            "gross_profit": -8060,
            "gross_margin": -13.67,
            "gross_margin_4q_avg": -1.47,
            "net_income": -30006,
            "revenue": 58963,
            "common_shares": 639916,
            "book_valuer_per_share": 6.37,
            "book_valuer_per_share_4q_avg": 7.14,
            "equity": 410607,
            "current_ratio": 129.16,
            "debt_ratio": 55.11,
            "inventory_turnover_ratio": 0.94,
            "account_receivable_turnover_ratio": 0.15,
            "reinvestment_rate": null,
            "research_to_sale_ratio": 0.31,
            "price_fair": 0,
            "eps_avg_yearly": 0,
            "eps_latest_yearly": 0,
            "eps_growth_yearly": 0
        },
        "20181": {
            "year_quarter": 20181,
            "year": 2018,
            "quarter": 1,
            "eps": -4.82,
            "eps_growth_year": null,
            "eps_4q": -6.32,
            "eps_4q_growth_year": null,
            "roe": -120.61,
            "roe_4q": -142.51,
            "gross_profit": -5838,
            "gross_margin": -38.01,
            "gross_margin_4q_avg": -11.11,
            "net_income": -308692,
            "revenue": 15359,
            "common_shares": 639916,
            "book_valuer_per_share": 1.53,
            "book_valuer_per_share_4q_avg": 5.56,
            "equity": 101294,
            "current_ratio": 75.24,
            "debt_ratio": 86.39,
            "inventory_turnover_ratio": 0.36,
            "account_receivable_turnover_ratio": 0.04,
            "reinvestment_rate": null,
            "research_to_sale_ratio": 0.02,
            "price_fair": 0,
            "eps_avg_yearly": 0,
            "eps_latest_yearly": 0,
            "eps_growth_yearly": 0
        },
        "20182": {
            "year_quarter": 20182,
            "year": 2018,
            "quarter": 2,
            "eps": -0.66,
            "eps_growth_year": null,
            "eps_4q": -6.64,
            "eps_4q_growth_year": null,
            "roe": -52.98,
            "roe_4q": -190.79,
            "gross_profit": 2598,
            "gross_margin": 20.23,
            "gross_margin_4q_avg": -7.14,
            "net_income": -42913,
            "revenue": 12844,
            "common_shares": 639916,
            "book_valuer_per_share": 0.91,
            "book_valuer_per_share_4q_avg": 3.91,
            "equity": 60692,
            "current_ratio": 62.92,
            "debt_ratio": 89.84,
            "inventory_turnover_ratio": 0.21,
            "account_receivable_turnover_ratio": 0.05,
            "reinvestment_rate": null,
            "research_to_sale_ratio": 0.03,
            "price_fair": 0,
            "eps_avg_yearly": 0,
            "eps_latest_yearly": 0,
            "eps_growth_yearly": 0
        },
        "20183": {
            "year_quarter": 20183,
            "year": 2018,
            "quarter": 3,
            "eps": -0.41,
            "eps_growth_year": null,
            "eps_4q": -6.34,
            "eps_4q_growth_year": null,
            "roe": -56.25,
            "roe_4q": -236.87999999999997,
            "gross_profit": -5004,
            "gross_margin": -68.36,
            "gross_margin_4q_avg": -24.95,
            "net_income": -26509,
            "revenue": 7320,
            "common_shares": 639916,
            "book_valuer_per_share": 0.49,
            "book_valuer_per_share_4q_avg": 2.33,
            "equity": 33568,
            "current_ratio": 37.9,
            "debt_ratio": 91.4,
            "inventory_turnover_ratio": 0.28,
            "account_receivable_turnover_ratio": 0.1,
            "reinvestment_rate": null,
            "research_to_sale_ratio": 1.23,
            "price_fair": 0,
            "eps_avg_yearly": 0,
            "eps_latest_yearly": 0,
            "eps_growth_yearly": 0
        },
        "20184": {
            "year_quarter": 20184,
            "year": 2018,
            "quarter": 4,
            "eps": -0.34,
            "eps_growth_year": null,
            "eps_4q": -6.23,
            "eps_4q_growth_year": null,
            "roe": -98.49,
            "roe_4q": -328.33,
            "gross_profit": 1755,
            "gross_margin": 40.29,
            "gross_margin_4q_avg": -11.46,
            "net_income": -22282,
            "revenue": 4356,
            "common_shares": 639916,
            "book_valuer_per_share": 0.15,
            "book_valuer_per_share_4q_avg": 0.77,
            "equity": 11678,
            "current_ratio": 60.55,
            "debt_ratio": 97.09,
            "inventory_turnover_ratio": 0.05,
            "account_receivable_turnover_ratio": 0.35,
            "reinvestment_rate": null,
            "research_to_sale_ratio": 2.34,
            "price_fair": 0,
            "eps_avg_yearly": 0,
            "eps_latest_yearly": 0,
            "eps_growth_yearly": 0
        },
        "20191": {
            "year_quarter": 20191,
            "year": 2019,
            "quarter": 1,
            "eps": -0.16,
            "eps_growth_year": null,
            "eps_4q": -1.58,
            "eps_4q_growth_year": null,
            "roe": -132.83,
            "roe_4q": -340.55,
            "gross_profit": 746,
            "gross_margin": 20.21,
            "gross_margin_4q_avg": 3.09,
            "net_income": -10809,
            "revenue": 3691,
            "common_shares": 639916,
            "book_valuer_per_share": 0.05,
            "book_valuer_per_share_4q_avg": 0.4,
            "equity": 4597,
            "current_ratio": 53.85,
            "debt_ratio": 98.76,
            "inventory_turnover_ratio": 0.05,
            "account_receivable_turnover_ratio": 0.39,
            "reinvestment_rate": null,
            "research_to_sale_ratio": 0.73,
            "price_fair": 0,
            "eps_avg_yearly": 0,
            "eps_latest_yearly": 0,
            "eps_growth_yearly": 0
        },
        "20192": {
            "year_quarter": 20192,
            "year": 2019,
            "quarter": 2,
            "eps": -0.08,
            "eps_growth_year": null,
            "eps_4q": -0.96,
            "eps_4q_growth_year": null,
            "roe": -141.9,
            "roe_4q": -429.47,
            "gross_profit": 1831,
            "gross_margin": 39.04,
            "gross_margin_4q_avg": 7.8,
            "net_income": -5285,
            "revenue": 4690,
            "common_shares": 639916,
            "book_valuer_per_share": 0.02,
            "book_valuer_per_share_4q_avg": 0.18,
            "equity": 2852,
            "current_ratio": 59.09,
            "debt_ratio": 99.22,
            "inventory_turnover_ratio": 0.06,
            "account_receivable_turnover_ratio": 0.2,
            "reinvestment_rate": null,
            "research_to_sale_ratio": 0.53,
            "price_fair": 0,
            "eps_avg_yearly": 0,
            "eps_latest_yearly": 0,
            "eps_growth_yearly": 0
        },
        "20193": {
            "year_quarter": 20193,
            "year": 2019,
            "quarter": 3,
            "eps": 0.01,
            "eps_growth_year": null,
            "eps_4q": -0.56,
            "eps_4q_growth_year": null,
            "roe": 35.57,
            "roe_4q": -337.65000000000003,
            "gross_profit": 1875,
            "gross_margin": 41.57,
            "gross_margin_4q_avg": 35.28,
            "net_income": 831,
            "revenue": 4511,
            "common_shares": 659916,
            "book_valuer_per_share": 0.03,
            "book_valuer_per_share_4q_avg": 0.06,
            "equity": 1820,
            "current_ratio": 52.93,
            "debt_ratio": 99.49,
            "inventory_turnover_ratio": 0.07,
            "account_receivable_turnover_ratio": 0.13,
            "reinvestment_rate": null,
            "research_to_sale_ratio": 0.42,
            "price_fair": 0,
            "eps_avg_yearly": 0,
            "eps_latest_yearly": 0,
            "eps_growth_yearly": 0
        },
        "20194": {
            "year_quarter": 20194,
            "year": 2019,
            "quarter": 4,
            "eps": -0.14,
            "eps_growth_year": null,
            "eps_4q": -0.31,
            "eps_4q_growth_year": null,
            "roe": -62.29,
            "roe_4q": -301.45000000000005,
            "gross_profit": -9213,
            "gross_margin": -320.56,
            "gross_margin_4q_avg": -54.94,
            "net_income": -12545,
            "revenue": 2874,
            "common_shares": 882916,
            "book_valuer_per_share": 0.44,
            "book_valuer_per_share_4q_avg": 0.14,
            "equity": 38461,
            "current_ratio": 58.73,
            "debt_ratio": 91.26,
            "inventory_turnover_ratio": 0.35,
            "account_receivable_turnover_ratio": 0.08,
            "reinvestment_rate": null,
            "research_to_sale_ratio": 0.28,
            "price_fair": 0,
            "eps_avg_yearly": 0,
            "eps_latest_yearly": 0,
            "eps_growth_yearly": 0
        },
        "20201": {
            "year_quarter": 20201,
            "year": 2020,
            "quarter": 1,
            "eps": -0.19,
            "eps_growth_year": null,
            "eps_4q": -0.38,
            "eps_4q_growth_year": null,
            "roe": -55.24,
            "roe_4q": -223.86,
            "gross_profit": 251,
            "gross_margin": 18.57,
            "gross_margin_4q_avg": -55.35,
            "net_income": -16940,
            "revenue": 1352,
            "common_shares": 882916,
            "book_valuer_per_share": 0.26,
            "book_valuer_per_share_4q_avg": 0.19,
            "equity": 22873,
            "current_ratio": 53.01,
            "debt_ratio": 94.25,
            "inventory_turnover_ratio": 0.04,
            "account_receivable_turnover_ratio": 0.05,
            "reinvestment_rate": null,
            "research_to_sale_ratio": 0.59,
            "price_fair": 0,
            "eps_avg_yearly": 0,
            "eps_latest_yearly": 0,
            "eps_growth_yearly": 0
        },
        "20202": {
            "year_quarter": 20202,
            "year": 2020,
            "quarter": 2,
            "eps": -0.08,
            "eps_growth_year": null,
            "eps_4q": -0.4,
            "eps_4q_growth_year": null,
            "roe": -37.84,
            "roe_4q": -119.80000000000001,
            "gross_profit": 56,
            "gross_margin": 2.02,
            "gross_margin_4q_avg": -64.6,
            "net_income": -7083,
            "revenue": 2778,
            "common_shares": 882916,
            "book_valuer_per_share": 0.16,
            "book_valuer_per_share_4q_avg": 0.22,
            "equity": 14567,
            "current_ratio": 47.4,
            "debt_ratio": 96.2,
            "inventory_turnover_ratio": 0.09,
            "account_receivable_turnover_ratio": 0.19,
            "reinvestment_rate": null,
            "research_to_sale_ratio": 0.29,
            "price_fair": 0,
            "eps_avg_yearly": 0,
            "eps_latest_yearly": 0,
            "eps_growth_yearly": 0
        },
        "20203": {
            "year_quarter": 20203,
            "year": 2020,
            "quarter": 3,
            "eps": -0.07,
            "eps_growth_year": -800,
            "eps_4q": -0.49,
            "eps_4q_growth_year": null,
            "roe": -59.29,
            "roe_4q": -214.66,
            "gross_profit": 1658,
            "gross_margin": 21.97,
            "gross_margin_4q_avg": -69.5,
            "net_income": -6479,
            "revenue": 7547,
            "common_shares": 882916,
            "book_valuer_per_share": 0.08,
            "book_valuer_per_share_4q_avg": 0.24,
            "equity": 7288,
            "current_ratio": 44.09,
            "debt_ratio": 98,
            "inventory_turnover_ratio": 0.18,
            "account_receivable_turnover_ratio": 0.52,
            "reinvestment_rate": null,
            "research_to_sale_ratio": 0.09,
            "price_fair": 0,
            "eps_avg_yearly": 0,
            "eps_latest_yearly": 0,
            "eps_growth_yearly": 0
        },
        "20204": {
            "year_quarter": 20204,
            "year": 2020,
            "quarter": 4,
            "eps": -0.65,
            "eps_growth_year": null,
            "eps_4q": -1.4,
            "eps_4q_growth_year": null,
            "roe": -138,
            "roe_4q": -290.37,
            "gross_profit": -6460,
            "gross_margin": -15.97,
            "gross_margin_4q_avg": 6.65,
            "net_income": -26020,
            "revenue": 40447,
            "common_shares": 403167,
            "book_valuer_per_share": 0.75,
            "book_valuer_per_share_4q_avg": 0.31,
            "equity": 30423,
            "current_ratio": 52.3,
            "debt_ratio": 92.24,
            "inventory_turnover_ratio": 1.65,
            "account_receivable_turnover_ratio": 2.02,
            "reinvestment_rate": null,
            "research_to_sale_ratio": 0.3,
            "price_fair": 0,
            "eps_avg_yearly": 0,
            "eps_latest_yearly": 0,
            "eps_growth_yearly": 0
        },
        "20211": {
            "year_quarter": 20211,
            "year": 2021,
            "quarter": 1,
            "eps": -0.14,
            "eps_growth_year": null,
            "eps_4q": -1.12,
            "eps_4q_growth_year": null,
            "roe": -20.05,
            "roe_4q": -255.18,
            "gross_profit": 9667,
            "gross_margin": 18.38,
            "gross_margin_4q_avg": 6.6,
            "net_income": -5552,
            "revenue": 52587,
            "common_shares": 403167,
            "book_valuer_per_share": 0.62,
            "book_valuer_per_share_4q_avg": 0.4,
            "equity": 24955,
            "current_ratio": 48.84,
            "debt_ratio": 93.17,
            "inventory_turnover_ratio": 2.38,
            "account_receivable_turnover_ratio": 2.31,
            "reinvestment_rate": null,
            "research_to_sale_ratio": 0,
            "price_fair": 0,
            "eps_avg_yearly": 0,
            "eps_latest_yearly": 0,
            "eps_growth_yearly": 0
        },
        "20212": {
            "year_quarter": 20212,
            "year": 2021,
            "quarter": 2,
            "eps": 0.06,
            "eps_growth_year": null,
            "eps_4q": -0.88,
            "eps_4q_growth_year": null,
            "roe": 9.49,
            "roe_4q": -207.85,
            "gross_profit": 9702,
            "gross_margin": 18.03,
            "gross_margin_4q_avg": 10.6,
            "net_income": 2483,
            "revenue": 53819,
            "common_shares": 403167,
            "book_valuer_per_share": 0.68,
            "book_valuer_per_share_4q_avg": 0.53,
            "equity": 27374,
            "current_ratio": 49.48,
            "debt_ratio": 92.49,
            "inventory_turnover_ratio": 1.76,
            "account_receivable_turnover_ratio": 2.08,
            "reinvestment_rate": null,
            "research_to_sale_ratio": 0,
            "price_fair": 0,
            "eps_avg_yearly": 0,
            "eps_latest_yearly": 0,
            "eps_growth_yearly": 0
        },
        "20213": {
            "year_quarter": 20213,
            "year": 2021,
            "quarter": 3,
            "eps": 0.21,
            "eps_growth_year": null,
            "eps_4q": -0.51,
            "eps_4q_growth_year": null,
            "roe": 26.75,
            "roe_4q": -121.81,
            "gross_profit": 25475,
            "gross_margin": 26.38,
            "gross_margin_4q_avg": 11.71,
            "net_income": 8452,
            "revenue": 96566,
            "common_shares": 403167,
            "book_valuer_per_share": 0.89,
            "book_valuer_per_share_4q_avg": 0.74,
            "equity": 35825,
            "current_ratio": 54.31,
            "debt_ratio": 90.71,
            "inventory_turnover_ratio": 1.87,
            "account_receivable_turnover_ratio": 2.99,
            "reinvestment_rate": null,
            "research_to_sale_ratio": 0,
            "price_fair": 29.4,
            "eps_avg_yearly": 0.84,
            "eps_latest_yearly": 0.84,
            "eps_growth_yearly": 1000
        },
        "20214": {
            "year_quarter": 20214,
            "year": 2021,
            "quarter": 4,
            "eps": -2.37,
            "eps_growth_year": null,
            "eps_4q": -2.13,
            "eps_4q_growth_year": null,
            "roe": -232.36,
            "roe_4q": -216.17000000000002,
            "gross_profit": 18270,
            "gross_margin": 16.43,
            "gross_margin_4q_avg": 19.81,
            "net_income": -53183,
            "revenue": 111225,
            "common_shares": 201584,
            "book_valuer_per_share": 0.44,
            "book_valuer_per_share_4q_avg": 0.66,
            "equity": 9951,
            "current_ratio": 62.09,
            "debt_ratio": 97.1,
            "inventory_turnover_ratio": 1.94,
            "account_receivable_turnover_ratio": 3.46,
            "reinvestment_rate": null,
            "research_to_sale_ratio": 0,
            "price_fair": 29.4,
            "eps_avg_yearly": 0.84,
            "eps_latest_yearly": 0.84,
            "eps_growth_yearly": 1000
        },
        "20221": {
            "year_quarter": 20221,
            "year": 2022,
            "quarter": 1,
            "eps": -0.26,
            "eps_growth_year": null,
            "eps_4q": -2.07,
            "eps_4q_growth_year": null,
            "roe": -48.88,
            "roe_4q": -245,
            "gross_profit": 11952,
            "gross_margin": 16.74,
            "gross_margin_4q_avg": 19.4,
            "net_income": -5793,
            "revenue": 71409,
            "common_shares": 224084,
            "book_valuer_per_share": 0.59,
            "book_valuer_per_share_4q_avg": 0.65,
            "equity": 13750,
            "current_ratio": 67.47,
            "debt_ratio": 96.58,
            "inventory_turnover_ratio": 1,
            "account_receivable_turnover_ratio": 2.37,
            "reinvestment_rate": null,
            "research_to_sale_ratio": 0,
            "price_fair": 29.4,
            "eps_avg_yearly": 0.84,
            "eps_latest_yearly": 0.84,
            "eps_growth_yearly": 1000
        },
        "20222": {
            "year_quarter": 20222,
            "year": 2022,
            "quarter": 2,
            "eps": -0.07,
            "eps_growth_year": -216.67,
            "eps_4q": -2.25,
            "eps_4q_growth_year": null,
            "roe": -11.59,
            "roe_4q": -266.08000000000004,
            "gross_profit": 21485,
            "gross_margin": 17.29,
            "gross_margin_4q_avg": 19.21,
            "net_income": -1524,
            "revenue": 124254,
            "common_shares": 231639,
            "book_valuer_per_share": 0.54,
            "book_valuer_per_share_4q_avg": 0.62,
            "equity": 12555,
            "current_ratio": 67.2,
            "debt_ratio": 96.94,
            "inventory_turnover_ratio": 1.66,
            "account_receivable_turnover_ratio": 3.07,
            "reinvestment_rate": null,
            "research_to_sale_ratio": 0,
            "price_fair": 29.4,
            "eps_avg_yearly": 0.84,
            "eps_latest_yearly": 0.84,
            "eps_growth_yearly": 1000
        },
        "20223": {
            "year_quarter": 20223,
            "year": 2022,
            "quarter": 3,
            "eps": 7.12,
            "eps_growth_year": 3290.48,
            "eps_4q": 4.5,
            "eps_4q_growth_year": null,
            "roe": 172.48,
            "roe_4q": -120.35000000000002,
            "gross_profit": 22286,
            "gross_margin": 17.3,
            "gross_margin_4q_avg": 16.94,
            "net_income": 164849,
            "revenue": 128788,
            "common_shares": 231639,
            "book_valuer_per_share": 7.71,
            "book_valuer_per_share_4q_avg": 2.32,
            "equity": 178598,
            "current_ratio": 117.91,
            "debt_ratio": 50.75,
            "inventory_turnover_ratio": 1.83,
            "account_receivable_turnover_ratio": 2.89,
            "reinvestment_rate": -2897.17,
            "research_to_sale_ratio": null,
            "price_fair": 29.4,
            "eps_avg_yearly": 0.84,
            "eps_latest_yearly": 0.84,
            "eps_growth_yearly": 1000
        },
        "20224": {
            "year_quarter": 20224,
            "year": 2022,
            "quarter": 4,
            "eps": 0.37,
            "eps_growth_year": null,
            "eps_4q": 7.17,
            "eps_4q_growth_year": null,
            "roe": 4.67,
            "roe_4q": 116.67999999999998,
            "gross_profit": 15113,
            "gross_margin": 12.49,
            "gross_margin_4q_avg": 15.96,
            "net_income": 8502,
            "revenue": 121023,
            "common_shares": 231639,
            "book_valuer_per_share": 8.02,
            "book_valuer_per_share_4q_avg": 4.22,
            "equity": 185858,
            "current_ratio": 128.23,
            "debt_ratio": 45.48,
            "inventory_turnover_ratio": 2.22,
            "account_receivable_turnover_ratio": 3.78,
            "reinvestment_rate": -67.86,
            "research_to_sale_ratio": null,
            "price_fair": 40.6,
            "eps_avg_yearly": 1.16,
            "eps_latest_yearly": 1.48,
            "eps_growth_yearly": 310.39
        },
        "20231": {
            "year_quarter": 20231,
            "year": 2023,
            "quarter": 1,
            "eps": 0.12,
            "eps_growth_year": null,
            "eps_4q": 7.54,
            "eps_4q_growth_year": null,
            "roe": 1.52,
            "roe_4q": 167.07999999999998,
            "gross_profit": 7842,
            "gross_margin": 14.01,
            "gross_margin_4q_avg": 15.27,
            "net_income": 2816,
            "revenue": 55983,
            "common_shares": 231639,
            "book_valuer_per_share": 8.01,
            "book_valuer_per_share_4q_avg": 6.07,
            "equity": 185459,
            "current_ratio": 135.42,
            "debt_ratio": 42.67,
            "inventory_turnover_ratio": 1.41,
            "account_receivable_turnover_ratio": 2.13,
            "reinvestment_rate": -281.18,
            "research_to_sale_ratio": 0,
            "price_fair": 32.67,
            "eps_avg_yearly": 0.93,
            "eps_latest_yearly": 0.48,
            "eps_growth_yearly": 116.84
        }
    },
    "months": {
        "2003-10": {
            "month": "2003-10",
            "price": "37.00",
            "revenue": 179798
        },
        "2003-11": {
            "month": "2003-11",
            "price": "36.00",
            "revenue": 163208
        },
        "2003-12": {
            "month": "2003-12",
            "price": "38.01",
            "revenue": 135534
        },
        "2004-01": {
            "month": "2004-01",
            "price": "42.88",
            "revenue": 110682
        },
        "2004-02": {
            "month": "2004-02",
            "price": "50.51",
            "revenue": 143790
        },
        "2004-03": {
            "month": "2004-03",
            "price": "50.02",
            "revenue": 150276
        },
        "2004-04": {
            "month": "2004-04",
            "price": "49.59",
            "revenue": 117597
        },
        "2004-05": {
            "month": "2004-05",
            "price": "33.98",
            "revenue": 104505
        },
        "2004-06": {
            "month": "2004-06",
            "price": "29.86",
            "revenue": 115584
        },
        "2004-07": {
            "month": "2004-07",
            "price": "24.69",
            "revenue": 121928
        },
        "2004-08": {
            "month": "2004-08",
            "price": "23.75",
            "revenue": 175530
        },
        "2004-09": {
            "month": "2004-09",
            "price": "23.58",
            "revenue": 201666
        },
        "2004-10": {
            "month": "2004-10",
            "price": "18.86",
            "revenue": 152041
        },
        "2004-11": {
            "month": "2004-11",
            "price": "18.01",
            "revenue": 150067
        },
        "2004-12": {
            "month": "2004-12",
            "price": "18.41",
            "revenue": 123505
        },
        "2005-01": {
            "month": "2005-01",
            "price": "16.80",
            "revenue": 120447
        },
        "2005-02": {
            "month": "2005-02",
            "price": "17.28",
            "revenue": 91361
        },
        "2005-03": {
            "month": "2005-03",
            "price": "17.86",
            "revenue": 91997
        },
        "2005-04": {
            "month": "2005-04",
            "price": "17.49",
            "revenue": 99670
        },
        "2005-05": {
            "month": "2005-05",
            "price": "15.18",
            "revenue": 100622
        },
        "2005-06": {
            "month": "2005-06",
            "price": "15.82",
            "revenue": 124058
        },
        "2005-07": {
            "month": "2005-07",
            "price": "16.25",
            "revenue": 106490
        },
        "2005-08": {
            "month": "2005-08",
            "price": "14.68",
            "revenue": 151090
        },
        "2005-09": {
            "month": "2005-09",
            "price": "13.66",
            "revenue": 155213
        },
        "2005-10": {
            "month": "2005-10",
            "price": "12.34",
            "revenue": 146142
        },
        "2005-11": {
            "month": "2005-11",
            "price": "11.74",
            "revenue": 157139
        },
        "2005-12": {
            "month": "2005-12",
            "price": "15.48",
            "revenue": 157051
        },
        "2006-01": {
            "month": "2006-01",
            "price": "19.55",
            "revenue": 115778
        },
        "2006-02": {
            "month": "2006-02",
            "price": "16.96",
            "revenue": 122309
        },
        "2006-03": {
            "month": "2006-03",
            "price": "16.67",
            "revenue": 122929
        },
        "2006-04": {
            "month": "2006-04",
            "price": "18.50",
            "revenue": 119953
        },
        "2006-05": {
            "month": "2006-05",
            "price": "19.58",
            "revenue": 131315
        },
        "2006-06": {
            "month": "2006-06",
            "price": "17.21",
            "revenue": 150698
        },
        "2006-07": {
            "month": "2006-07",
            "price": "17.44",
            "revenue": 147522
        },
        "2006-08": {
            "month": "2006-08",
            "price": "17.86",
            "revenue": 163798
        },
        "2006-09": {
            "month": "2006-09",
            "price": "15.91",
            "revenue": 173774
        },
        "2006-10": {
            "month": "2006-10",
            "price": "16.98",
            "revenue": 164288
        },
        "2006-11": {
            "month": "2006-11",
            "price": "18.35",
            "revenue": 147390
        },
        "2006-12": {
            "month": "2006-12",
            "price": "20.84",
            "revenue": 134997
        },
        "2007-01": {
            "month": "2007-01",
            "price": "28.45",
            "revenue": 140774
        },
        "2007-02": {
            "month": "2007-02",
            "price": "30.08",
            "revenue": 121394
        },
        "2007-03": {
            "month": "2007-03",
            "price": "27.92",
            "revenue": 179079
        },
        "2007-04": {
            "month": "2007-04",
            "price": "30.35",
            "revenue": 204907
        },
        "2007-05": {
            "month": "2007-05",
            "price": "34.15",
            "revenue": 183390
        },
        "2007-06": {
            "month": "2007-06",
            "price": "40.14",
            "revenue": 227805
        },
        "2007-07": {
            "month": "2007-07",
            "price": "41.47",
            "revenue": 211225
        },
        "2007-08": {
            "month": "2007-08",
            "price": "37.74",
            "revenue": 272238
        },
        "2007-09": {
            "month": "2007-09",
            "price": "36.61",
            "revenue": 231914
        },
        "2007-10": {
            "month": "2007-10",
            "price": "33.90",
            "revenue": 301283
        },
        "2007-11": {
            "month": "2007-11",
            "price": "32.38",
            "revenue": 271574
        },
        "2007-12": {
            "month": "2007-12",
            "price": "28.59",
            "revenue": 203561
        },
        "2008-01": {
            "month": "2008-01",
            "price": "25.47",
            "revenue": 244509
        },
        "2008-02": {
            "month": "2008-02",
            "price": "25.75",
            "revenue": 199751
        },
        "2008-03": {
            "month": "2008-03",
            "price": "27.85",
            "revenue": 212087
        },
        "2008-04": {
            "month": "2008-04",
            "price": "30.16",
            "revenue": 250387
        },
        "2008-05": {
            "month": "2008-05",
            "price": "28.84",
            "revenue": 237600
        },
        "2008-06": {
            "month": "2008-06",
            "price": "25.54",
            "revenue": 246113
        },
        "2008-07": {
            "month": "2008-07",
            "price": "20.43",
            "revenue": 248674
        },
        "2008-08": {
            "month": "2008-08",
            "price": "19.26",
            "revenue": 275447
        },
        "2008-09": {
            "month": "2008-09",
            "price": "15.56",
            "revenue": 277633
        },
        "2008-10": {
            "month": "2008-10",
            "price": "12.94",
            "revenue": 197447
        },
        "2008-11": {
            "month": "2008-11",
            "price": "11.38",
            "revenue": 110597
        },
        "2008-12": {
            "month": "2008-12",
            "price": "9.65",
            "revenue": 93910
        },
        "2009-01": {
            "month": "2009-01",
            "price": "10.22",
            "revenue": 60211
        },
        "2009-02": {
            "month": "2009-02",
            "price": "10.22",
            "revenue": 114134
        },
        "2009-03": {
            "month": "2009-03",
            "price": "11.72",
            "revenue": 109755
        },
        "2009-04": {
            "month": "2009-04",
            "price": "14.30",
            "revenue": 104943
        },
        "2009-05": {
            "month": "2009-05",
            "price": "15.25",
            "revenue": 95311
        },
        "2009-06": {
            "month": "2009-06",
            "price": "14.29",
            "revenue": 92149
        },
        "2009-07": {
            "month": "2009-07",
            "price": "14.41",
            "revenue": 99792
        },
        "2009-08": {
            "month": "2009-08",
            "price": "13.98",
            "revenue": 110321
        },
        "2009-09": {
            "month": "2009-09",
            "price": "13.78",
            "revenue": 101219
        },
        "2009-10": {
            "month": "2009-10",
            "price": "15.04",
            "revenue": 93242
        },
        "2009-11": {
            "month": "2009-11",
            "price": "14.50",
            "revenue": 66640
        },
        "2009-12": {
            "month": "2009-12",
            "price": "14.96",
            "revenue": 69986
        },
        "2010-01": {
            "month": "2010-01",
            "price": "16.41",
            "revenue": 81160
        },
        "2010-02": {
            "month": "2010-02",
            "price": "14.23",
            "revenue": 66516
        },
        "2010-03": {
            "month": "2010-03",
            "price": "15.78",
            "revenue": 153523
        },
        "2010-04": {
            "month": "2010-04",
            "price": "17.36",
            "revenue": 127577
        },
        "2010-05": {
            "month": "2010-05",
            "price": "14.72",
            "revenue": 96207
        },
        "2010-06": {
            "month": "2010-06",
            "price": "14.27",
            "revenue": 68513
        },
        "2010-07": {
            "month": "2010-07",
            "price": "14.52",
            "revenue": 84079
        },
        "2010-08": {
            "month": "2010-08",
            "price": "14.44",
            "revenue": 81834
        },
        "2010-09": {
            "month": "2010-09",
            "price": "13.06",
            "revenue": 88170
        },
        "2010-10": {
            "month": "2010-10",
            "price": "12.40",
            "revenue": 73860
        },
        "2010-11": {
            "month": "2010-11",
            "price": "10.38",
            "revenue": 81941
        },
        "2010-12": {
            "month": "2010-12",
            "price": "11.11",
            "revenue": 91027
        },
        "2011-01": {
            "month": "2011-01",
            "price": "11.44",
            "revenue": 74960
        },
        "2011-02": {
            "month": "2011-02",
            "price": "10.94",
            "revenue": 52964
        },
        "2011-03": {
            "month": "2011-03",
            "price": "11.27",
            "revenue": 105366
        },
        "2011-04": {
            "month": "2011-04",
            "price": "11.17",
            "revenue": 95824
        },
        "2011-05": {
            "month": "2011-05",
            "price": "10.21",
            "revenue": 89428
        },
        "2011-06": {
            "month": "2011-06",
            "price": "10.25",
            "revenue": 80237
        },
        "2011-07": {
            "month": "2011-07",
            "price": "10.96",
            "revenue": 86636
        },
        "2011-08": {
            "month": "2011-08",
            "price": "11.03",
            "revenue": 77568
        },
        "2011-09": {
            "month": "2011-09",
            "price": "11.53",
            "revenue": 82848
        },
        "2011-10": {
            "month": "2011-10",
            "price": "11.00",
            "revenue": 66502
        },
        "2011-11": {
            "month": "2011-11",
            "price": "9.34",
            "revenue": 74820
        },
        "2011-12": {
            "month": "2011-12",
            "price": "8.23",
            "revenue": 66351
        },
        "2012-01": {
            "month": "2012-01",
            "price": "7.73",
            "revenue": 40112
        },
        "2012-02": {
            "month": "2012-02",
            "price": "8.75",
            "revenue": 45601
        },
        "2012-03": {
            "month": "2012-03",
            "price": "8.59",
            "revenue": 78555
        },
        "2012-04": {
            "month": "2012-04",
            "price": "7.18",
            "revenue": 71078
        },
        "2012-05": {
            "month": "2012-05",
            "price": "6.63",
            "revenue": 91201
        },
        "2012-06": {
            "month": "2012-06",
            "price": "6.68",
            "revenue": 61779
        },
        "2012-07": {
            "month": "2012-07",
            "price": "6.84",
            "revenue": 88558
        },
        "2012-08": {
            "month": "2012-08",
            "price": "7.53",
            "revenue": 86441
        },
        "2012-09": {
            "month": "2012-09",
            "price": "8.95",
            "revenue": 85066
        },
        "2012-10": {
            "month": "2012-10",
            "price": "11.55",
            "revenue": 68339
        },
        "2012-11": {
            "month": "2012-11",
            "price": "12.35",
            "revenue": 68835
        },
        "2012-12": {
            "month": "2012-12",
            "price": "14.15",
            "revenue": 101279
        },
        "2013-01": {
            "month": "2013-01",
            "price": "30.92",
            "revenue": 53675
        },
        "2013-02": {
            "month": "2013-02",
            "price": "33.12",
            "revenue": 31731
        },
        "2013-03": {
            "month": "2013-03",
            "price": "23.15",
            "revenue": 58290
        },
        "2013-04": {
            "month": "2013-04",
            "price": "22.18",
            "revenue": 45938
        },
        "2013-05": {
            "month": "2013-05",
            "price": "23.15",
            "revenue": 51814
        },
        "2013-06": {
            "month": "2013-06",
            "price": "23.18",
            "revenue": 44944
        },
        "2013-07": {
            "month": "2013-07",
            "price": "22.53",
            "revenue": 42120
        },
        "2013-08": {
            "month": "2013-08",
            "price": "25.94",
            "revenue": 53726
        },
        "2013-09": {
            "month": "2013-09",
            "price": "24.38",
            "revenue": 37439
        },
        "2013-10": {
            "month": "2013-10",
            "price": "22.00",
            "revenue": 44443
        },
        "2013-11": {
            "month": "2013-11",
            "price": "21.30",
            "revenue": 56196
        },
        "2013-12": {
            "month": "2013-12",
            "price": "25.61",
            "revenue": 50181
        },
        "2014-01": {
            "month": "2014-01",
            "price": "33.30",
            "revenue": 47746
        },
        "2014-02": {
            "month": "2014-02",
            "price": "36.66",
            "revenue": 54918
        },
        "2014-03": {
            "month": "2014-03",
            "price": "30.86",
            "revenue": 64034
        },
        "2014-04": {
            "month": "2014-04",
            "price": "28.40",
            "revenue": 71210
        },
        "2014-05": {
            "month": "2014-05",
            "price": "24.68",
            "revenue": 72812
        },
        "2014-06": {
            "month": "2014-06",
            "price": "25.10",
            "revenue": 66580
        },
        "2014-07": {
            "month": "2014-07",
            "price": "24.10",
            "revenue": 74669
        },
        "2014-08": {
            "month": "2014-08",
            "price": "21.41",
            "revenue": 60348
        },
        "2014-09": {
            "month": "2014-09",
            "price": "20.23",
            "revenue": 51431
        },
        "2014-10": {
            "month": "2014-10",
            "price": "17.04",
            "revenue": 57652
        },
        "2014-11": {
            "month": "2014-11",
            "price": "17.77",
            "revenue": 48646
        },
        "2014-12": {
            "month": "2014-12",
            "price": "22.22",
            "revenue": 44994
        },
        "2015-01": {
            "month": "2015-01",
            "price": "22.00",
            "revenue": 50152
        },
        "2015-02": {
            "month": "2015-02",
            "price": "20.94",
            "revenue": 37815
        },
        "2015-03": {
            "month": "2015-03",
            "price": "21.38",
            "revenue": 33297
        },
        "2015-04": {
            "month": "2015-04",
            "price": "18.92",
            "revenue": 39505
        },
        "2015-05": {
            "month": "2015-05",
            "price": "18.26",
            "revenue": 32191
        },
        "2015-06": {
            "month": "2015-06",
            "price": "18.85",
            "revenue": 38289
        },
        "2015-07": {
            "month": "2015-07",
            "price": "15.69",
            "revenue": 46556
        },
        "2015-08": {
            "month": "2015-08",
            "price": "8.52",
            "revenue": 37388
        },
        "2015-09": {
            "month": "2015-09",
            "price": "12.04",
            "revenue": 44786
        },
        "2015-10": {
            "month": "2015-10",
            "price": "13.80",
            "revenue": 29326
        },
        "2015-11": {
            "month": "2015-11",
            "price": "14.28",
            "revenue": 35419
        },
        "2015-12": {
            "month": "2015-12",
            "price": "11.96",
            "revenue": 35114
        },
        "2016-01": {
            "month": "2016-01",
            "price": "14.05",
            "revenue": 55336
        },
        "2016-02": {
            "month": "2016-02",
            "price": "20.40",
            "revenue": 57934
        },
        "2016-03": {
            "month": "2016-03",
            "price": "20.92",
            "revenue": 66785
        },
        "2016-04": {
            "month": "2016-04",
            "price": "21.99",
            "revenue": 57271
        },
        "2016-05": {
            "month": "2016-05",
            "price": "22.81",
            "revenue": 95973
        },
        "2016-06": {
            "month": "2016-06",
            "price": "22.76",
            "revenue": 104274
        },
        "2016-07": {
            "month": "2016-07",
            "price": "21.05",
            "revenue": 67971
        },
        "2016-08": {
            "month": "2016-08",
            "price": "20.90",
            "revenue": 23603
        },
        "2016-09": {
            "month": "2016-09",
            "price": "15.79",
            "revenue": 42081
        },
        "2016-10": {
            "month": "2016-10",
            "price": "14.14",
            "revenue": 52764
        },
        "2016-11": {
            "month": "2016-11",
            "price": "14.91",
            "revenue": 47240
        },
        "2016-12": {
            "month": "2016-12",
            "price": "15.17",
            "revenue": 40651
        },
        "2017-01": {
            "month": "2017-01",
            "price": "14.85",
            "revenue": 32463
        },
        "2017-02": {
            "month": "2017-02",
            "price": "15.75",
            "revenue": 31797
        },
        "2017-03": {
            "month": "2017-03",
            "price": "14.68",
            "revenue": 33416
        },
        "2017-04": {
            "month": "2017-04",
            "price": "13.68",
            "revenue": 68470
        },
        "2017-05": {
            "month": "2017-05",
            "price": "12.78",
            "revenue": 57744
        },
        "2017-06": {
            "month": "2017-06",
            "price": "12.29",
            "revenue": 96232
        },
        "2017-07": {
            "month": "2017-07",
            "price": "11.71",
            "revenue": 34033
        },
        "2017-08": {
            "month": "2017-08",
            "price": "12.09",
            "revenue": 22415
        },
        "2017-09": {
            "month": "2017-09",
            "price": "11.87",
            "revenue": 32881
        },
        "2017-10": {
            "month": "2017-10",
            "price": "11.34",
            "revenue": 20159
        },
        "2017-11": {
            "month": "2017-11",
            "price": "11.35",
            "revenue": 14606
        },
        "2017-12": {
            "month": "2017-12",
            "price": "9.21",
            "revenue": 23924
        },
        "2018-01": {
            "month": "2018-01",
            "price": "8.93",
            "revenue": 18138
        },
        "2018-02": {
            "month": "2018-02",
            "price": "8.15",
            "revenue": 32039
        },
        "2018-03": {
            "month": "2018-03",
            "price": "8.95",
            "revenue": 22990
        },
        "2018-04": {
            "month": "2018-04",
            "price": "8.99",
            "revenue": 5222
        },
        "2018-05": {
            "month": "2018-05",
            "price": "8.90",
            "revenue": 3399
        },
        "2018-06": {
            "month": "2018-06",
            "price": "8.87",
            "revenue": 2402
        },
        "2018-07": {
            "month": "2018-07",
            "price": "8.30",
            "revenue": 1299
        },
        "2018-08": {
            "month": "2018-08",
            "price": "7.34",
            "revenue": 1627
        },
        "2018-09": {
            "month": "2018-09",
            "price": "5.12",
            "revenue": 1343
        },
        "2018-10": {
            "month": "2018-10",
            "price": "4.56",
            "revenue": 2375
        },
        "2018-11": {
            "month": "2018-11",
            "price": "3.74",
            "revenue": 635
        },
        "2018-12": {
            "month": "2018-12",
            "price": "3.63",
            "revenue": 1271
        },
        "2019-01": {
            "month": "2019-01",
            "price": "3.56",
            "revenue": 1572
        },
        "2019-02": {
            "month": "2019-02",
            "price": "3.03",
            "revenue": 473
        },
        "2019-03": {
            "month": "2019-03",
            "price": "3.16",
            "revenue": 1648
        },
        "2019-04": {
            "month": "2019-04",
            "price": "4.22",
            "revenue": 1549
        },
        "2019-05": {
            "month": "2019-05",
            "price": "3.39",
            "revenue": 699
        },
        "2019-06": {
            "month": "2019-06",
            "price": "3.34",
            "revenue": 9054
        },
        "2019-07": {
            "month": "2019-07",
            "price": "3.08",
            "revenue": 1918
        },
        "2019-08": {
            "month": "2019-08",
            "price": "2.97",
            "revenue": 847
        },
        "2019-09": {
            "month": "2019-09",
            "price": "2.94",
            "revenue": 1058
        },
        "2019-10": {
            "month": "2019-10",
            "price": "2.87",
            "revenue": 986
        },
        "2019-11": {
            "month": "2019-11",
            "price": "2.77",
            "revenue": 2817
        },
        "2020-01": {
            "month": "2020-01",
            "price": "3.14",
            "revenue": 658
        },
        "2020-02": {
            "month": "2020-02",
            "price": "4.09",
            "revenue": 193
        },
        "2020-03": {
            "month": "2020-03",
            "price": "3.30",
            "revenue": 497
        },
        "2020-04": {
            "month": "2020-04",
            "price": "2.97",
            "revenue": 1747
        },
        "2020-05": {
            "month": "2020-05",
            "price": "2.96",
            "revenue": 221
        },
        "2020-06": {
            "month": "2020-06",
            "price": "2.91",
            "revenue": 798
        },
        "2020-07": {
            "month": "2020-07",
            "price": "3.16",
            "revenue": 2362
        },
        "2020-08": {
            "month": "2020-08",
            "price": "3.14",
            "revenue": 3606
        },
        "2020-09": {
            "month": "2020-09",
            "price": "3.72",
            "revenue": 1594
        },
        "2020-10": {
            "month": "2020-10",
            "price": "3.81",
            "revenue": 7720
        },
        "2020-11": {
            "month": "2020-11",
            "price": "3.62",
            "revenue": 9074
        },
        "2020-12": {
            "month": "2020-12",
            "price": "3.80",
            "revenue": 23667
        },
        "2021-01": {
            "month": "2021-01",
            "price": "10.81",
            "revenue": 16160
        },
        "2021-02": {
            "month": "2021-02",
            "price": "10.61",
            "revenue": 10318
        },
        "2021-03": {
            "month": "2021-03",
            "price": "10.48",
            "revenue": 26104
        },
        "2021-04": {
            "month": "2021-04",
            "price": "9.50",
            "revenue": 15838
        },
        "2021-10": {
            "month": "2021-10",
            "price": "9.98",
            "revenue": 41822
        },
        "2021-11": {
            "month": "2021-11",
            "price": "8.45",
            "revenue": 43894
        },
        "2021-12": {
            "month": "2021-12",
            "price": "8.12",
            "revenue": 32246
        },
        "2022-01": {
            "month": "2022-01",
            "price": "9.39",
            "revenue": 16898
        },
        "2022-02": {
            "month": "2022-02",
            "price": "16.24",
            "revenue": 20975
        },
        "2022-03": {
            "month": "2022-03",
            "price": "16.62",
            "revenue": 29903
        },
        "2022-04": {
            "month": "2022-04",
            "price": "14.92",
            "revenue": 50335
        },
        "2022-05": {
            "month": "2022-05",
            "price": "12.64",
            "revenue": 41347
        },
        "2022-06": {
            "month": "2022-06",
            "price": "12.47",
            "revenue": 38233
        },
        "2022-07": {
            "month": "2022-07",
            "price": "11.54",
            "revenue": 30281
        },
        "2022-08": {
            "month": "2022-08",
            "price": "11.82",
            "revenue": 53605
        },
        "2022-09": {
            "month": "2022-09",
            "price": "11.24",
            "revenue": 45201
        },
        "2022-10": {
            "month": "2022-10",
            "price": "10.12",
            "revenue": 43100
        },
        "2022-11": {
            "month": "2022-11",
            "price": "11.00",
            "revenue": 50380
        },
        "2022-12": {
            "month": "2022-12",
            "price": "10.56",
            "revenue": 27244
        },
        "2023-01": {
            "month": "2023-01",
            "price": "11.33",
            "revenue": 16222
        },
        "2023-02": {
            "month": "2023-02",
            "price": "10.99",
            "revenue": 5026
        },
        "2023-03": {
            "month": "2023-03",
            "price": "10.80",
            "revenue": 34912
        },
        "2023-04": {
            "month": "2023-04",
            "price": "11.37",
            "revenue": 14204
        },
        "2023-05": {
            "month": "2023-05",
            "price": "10.94",
            "revenue": 14760
        }
    }
}
