{
    "summary": {
        "stock_name": "致新",
        "stock_id": "8081",
        "category": "半導體",
        "main_business": "研究.開發.生產.製造及銷售數位與類比混合IC及特殊應用IC",
        "website_url": "http://www.gmt.com.tw",
        "ceo": "謝其昌、楊人仰",
        "pe_ratio": 17,
        "report_year_from": 2002,
        "report_year_to": 2023,
        "age": 22,
        "eps_negative_percentage": 0,
        "eps_growth_avg": {
            "last_all": 14.86,
            "last_2y": 16.8,
            "last_4y": 29.7,
            "last_8y": 15.65,
            "last_12y": 8.99,
            "last_16y": 6.21,
            "last_20y": null,
            "at_2006_last_3y": null,
            "at_2007_last_3y": 49.82,
            "at_2008_last_3y": 14.78,
            "at_2009_last_3y": -9.26,
            "at_2010_last_3y": -2.81,
            "at_2011_last_3y": -8.32,
            "at_2012_last_3y": 2.21,
            "at_2013_last_3y": -4.64,
            "at_2014_last_3y": -6,
            "at_2015_last_3y": -9.52,
            "at_2016_last_3y": -11.98,
            "at_2017_last_3y": -11.29,
            "at_2018_last_3y": -1.92,
            "at_2019_last_3y": 19.76,
            "at_2020_last_3y": 31.7,
            "at_2021_last_3y": 61.89,
            "at_2022_last_3y": 46.59,
            "at_2023_last_3y": 22.57,
            "at_2024_last_3y": 22.57,
            "at_2006_last_all": 63.88,
            "at_2007_last_all": 49.82,
            "at_2008_last_all": 31.82,
            "at_2009_last_all": 27.16,
            "at_2010_last_all": 25.77,
            "at_2011_last_all": 20.75,
            "at_2012_last_all": 18.66,
            "at_2013_last_all": 14.44,
            "at_2014_last_all": 14.22,
            "at_2015_last_all": 10.66,
            "at_2016_last_all": 9.23,
            "at_2017_last_all": 7.09,
            "at_2018_last_all": 9.91,
            "at_2019_last_all": 12.93,
            "at_2020_last_all": 14.52,
            "at_2021_last_all": 19.27,
            "at_2022_last_all": 17.64,
            "at_2023_last_all": 14.86,
            "at_2024_last_all": 14.86
        },
        "latest_eps": 15.73,
        "latest_price": 265,
        "latest_roe": 17.98,
        "latest_gross_margin": 41.03,
        "latest_equity": 7771284,
        "latest_revenue": 2242299,
        "latest_gross_profit": 920057,
        "latest_net_income": 525047,
        "latest_debt_ratio": 21.92,
        "latest_current_ratio": 369.99,
        "latest_account_receivable_turnover_ratio": 1.22,
        "latest_inventory_turnover_ratio": 0.77,
        "latest_reinvestment_rate": 1.81,
        "latest_research_to_sale_ratio": 12.83
    },
    "eps_dividends": {
        "2001": {
            "cash": 0,
            "stock": 0,
            "eps": 0
        },
        "2002": {
            "cash": 0,
            "stock": 0,
            "eps": 0
        },
        "2003": {
            "cash": 0,
            "stock": 0.4,
            "eps": 1.09
        },
        "2004": {
            "cash": 0.28,
            "stock": 0.5,
            "eps": 4.53
        },
        "2005": {
            "cash": 1.25,
            "stock": 1.25,
            "eps": 13.18
        },
        "2006": {
            "cash": 5,
            "stock": 3,
            "eps": 12.08
        },
        "2007": {
            "cash": 5.5,
            "stock": 1.5,
            "eps": 13
        },
        "2008": {
            "cash": 7.47,
            "stock": 1.24,
            "eps": 7.78
        },
        "2009": {
            "cash": 6.3,
            "stock": 0.2,
            "eps": 8.08
        },
        "2010": {
            "cash": 7.32,
            "stock": 0,
            "eps": 9.49
        },
        "2011": {
            "cash": 16,
            "stock": 0,
            "eps": 8.12
        },
        "2012": {
            "cash": 0,
            "stock": 0,
            "eps": 8.28
        },
        "2013": {
            "cash": 7.1,
            "stock": 0,
            "eps": 6.33
        },
        "2014": {
            "cash": 5.65,
            "stock": 0,
            "eps": 7.09
        },
        "2015": {
            "cash": 6,
            "stock": 0,
            "eps": 5.07
        },
        "2016": {
            "cash": 5,
            "stock": 0,
            "eps": 4.67
        },
        "2017": {
            "cash": 5,
            "stock": 0,
            "eps": 3.7
        },
        "2018": {
            "cash": 4.5,
            "stock": 0,
            "eps": 5.53
        },
        "2019": {
            "cash": 5,
            "stock": 0,
            "eps": 8.75
        },
        "2020": {
            "cash": 7.5,
            "stock": 0,
            "eps": 12.24
        },
        "2021": {
            "cash": 9.5,
            "stock": 0,
            "eps": 25.45
        },
        "2022": {
            "cash": 16,
            "stock": 0,
            "eps": 22.46
        },
        "2023": {
            "cash": 14,
            "stock": 0,
            "eps": 13.96
        }
    },
    "dividends": {
        "2003-04-29": {
            "cash": 0,
            "stock": 0.4
        },
        "2004-03-17": {
            "cash": 0.28,
            "stock": 0.5
        },
        "2005-03-31": {
            "cash": 1.25,
            "stock": 1.25
        },
        "2006-03-30": {
            "cash": 5,
            "stock": 3
        },
        "2007-04-16": {
            "cash": 5.5,
            "stock": 1.5
        },
        "2008-02-29": {
            "cash": 7.47,
            "stock": 1.24
        },
        "2009-04-16": {
            "cash": 6.3,
            "stock": 0.2
        },
        "2010-06-04": {
            "cash": 7.32,
            "stock": 0
        },
        "2011-01-01": {
            "cash": 7,
            "stock": 0
        },
        "2011-04-14": {
            "cash": 9,
            "stock": 0
        },
        "2013-05-07": {
            "cash": 7.1,
            "stock": 0
        },
        "2014-06-12": {
            "cash": 5.65,
            "stock": 0
        },
        "2015-07-28": {
            "cash": 6,
            "stock": 0
        },
        "2016-07-29": {
            "cash": 5,
            "stock": 0
        },
        "2017-07-27": {
            "cash": 5,
            "stock": 0
        },
        "2018-07-27": {
            "cash": 4.5,
            "stock": 0
        },
        "2019-08-28": {
            "cash": 5,
            "stock": 0
        },
        "2020-07-30": {
            "cash": 7.5,
            "stock": 0
        },
        "2021-08-27": {
            "cash": 9.5,
            "stock": 0
        },
        "2022-07-22": {
            "cash": 16,
            "stock": 0
        },
        "2023-07-26": {
            "cash": 14,
            "stock": 0
        }
    },
    "prices": {
        "200101": "無",
        "200102": "無",
        "200103": "無",
        "200104": "無",
        "200105": "無",
        "200106": "無",
        "200107": "無",
        "200108": "無",
        "200109": "無",
        "200110": "無",
        "200111": "無",
        "200112": "無",
        "200201": "無",
        "200202": "無",
        "200203": "無",
        "200204": "無",
        "200205": "無",
        "200206": "無",
        "200207": "無",
        "200208": "無",
        "200209": "無",
        "200210": "無",
        "200211": "無",
        "200212": "無",
        "200301": "無",
        "200302": "無",
        "200303": "無",
        "200304": "無",
        "200305": "無",
        "200306": "無",
        "200307": "無",
        "200308": "無",
        "200309": "23.50",
        "200310": "23.25",
        "200311": "30.50",
        "200312": "31.06",
        "200401": "32.83",
        "200402": "35.60",
        "200403": "45.94",
        "200404": "50.32",
        "200405": "50.33",
        "200406": "無",
        "200407": "40.28",
        "200408": "34.20",
        "200409": "33.86",
        "200410": "35.58",
        "200411": "33.06",
        "200412": "35.78",
        "200501": "37.73",
        "200502": "50.89",
        "200503": "81.66",
        "200504": "78.44",
        "200505": "68.45",
        "200506": "79.90",
        "200507": "87.85",
        "200508": "101.15",
        "200509": "100.70",
        "200510": "115.88",
        "200511": "148.91",
        "200512": "174.02",
        "200601": "192.61",
        "200602": "179.53",
        "200603": "231.28",
        "200604": "241.16",
        "200605": "233.02",
        "200606": "220.07",
        "200607": "194.76",
        "200608": "202.20",
        "200609": "237.19",
        "200610": "221.42",
        "200611": "222.57",
        "200612": "213.79",
        "200701": "245.50",
        "200702": "260.08",
        "200703": "268.02",
        "200704": "309.52",
        "200705": "341.05",
        "200706": "381.18",
        "200707": "395.70",
        "200708": "311.04",
        "200709": "248.28",
        "200710": "246.66",
        "200711": "221.55",
        "200712": "193.14",
        "200801": "167.00",
        "200802": "151.89",
        "200803": "180.76",
        "200804": "190.71",
        "200805": "208.05",
        "200806": "172.38",
        "200807": "165.82",
        "200808": "161.26",
        "200809": "130.40",
        "200810": "113.65",
        "200811": "90.99",
        "200812": "87.90",
        "200901": "86.69",
        "200902": "101.69",
        "200903": "114.91",
        "200904": "134.66",
        "200905": "156.78",
        "200906": "135.11",
        "200907": "156.78",
        "200908": "156.12",
        "200909": "155.30",
        "200910": "144.70",
        "200911": "147.83",
        "200912": "160.00",
        "201001": "170.30",
        "201002": "152.93",
        "201003": "165.09",
        "201004": "168.67",
        "201005": "161.33",
        "201006": "150.86",
        "201007": "143.20",
        "201008": "138.07",
        "201009": "137.17",
        "201010": "135.02",
        "201011": "147.73",
        "201012": "150.24",
        "201101": "140.15",
        "201102": "135.89",
        "201103": "121.63",
        "201104": "114.89",
        "201105": "124.90",
        "201106": "123.21",
        "201107": "105.07",
        "201108": "83.81",
        "201109": "82.98",
        "201110": "87.72",
        "201111": "78.96",
        "201112": "67.78",
        "201201": "73.71",
        "201202": "110.04",
        "201203": "120.80",
        "201204": "108.04",
        "201205": "100.25",
        "201206": "91.56",
        "201207": "88.47",
        "201208": "93.14",
        "201209": "100.22",
        "201210": "98.16",
        "201211": "96.45",
        "201212": "106.40",
        "201301": "102.46",
        "201302": "96.26",
        "201303": "95.76",
        "201304": "91.47",
        "201305": "91.54",
        "201306": "88.69",
        "201307": "84.22",
        "201308": "83.71",
        "201309": "83.39",
        "201310": "80.07",
        "201311": "77.64",
        "201312": "81.32",
        "201401": "86.68",
        "201402": "88.69",
        "201403": "99.29",
        "201404": "97.85",
        "201405": "96.12",
        "201406": "102.46",
        "201407": "101.60",
        "201408": "92.81",
        "201409": "85.23",
        "201410": "81.17",
        "201411": "84.16",
        "201412": "87.25",
        "201501": "87.00",
        "201502": "90.38",
        "201503": "91.60",
        "201504": "89.48",
        "201505": "83.47",
        "201506": "78.16",
        "201507": "67.44",
        "201508": "54.72",
        "201509": "55.45",
        "201510": "58.99",
        "201511": "57.55",
        "201512": "60.38",
        "201601": "56.21",
        "201602": "67.03",
        "201603": "76.10",
        "201604": "69.17",
        "201605": "63.56",
        "201606": "63.64",
        "201607": "66.20",
        "201608": "65.59",
        "201609": "65.59",
        "201610": "69.64",
        "201611": "71.21",
        "201612": "71.29",
        "201701": "68.48",
        "201702": "69.88",
        "201703": "69.35",
        "201704": "70.54",
        "201705": "71.36",
        "201706": "73.55",
        "201707": "67.77",
        "201708": "66.25",
        "201709": "67.11",
        "201710": "68.48",
        "201711": "70.15",
        "201712": "66.78",
        "201801": "68.92",
        "201802": "66.22",
        "201803": "67.63",
        "201804": "67.29",
        "201805": "66.15",
        "201806": "67.18",
        "201807": "62.35",
        "201808": "63.44",
        "201809": "66.57",
        "201810": "63.72",
        "201811": "61.79",
        "201812": "65.35",
        "201901": "63.67",
        "201902": "67.95",
        "201903": "72.80",
        "201904": "79.62",
        "201905": "89.46",
        "201906": "89.61",
        "201907": "99.15",
        "201908": "109.26",
        "201909": "117.71",
        "201910": "124.62",
        "201911": "121.95",
        "201912": "124.23",
        "202001": "125.27",
        "202002": "115.55",
        "202003": "103.07",
        "202004": "120.40",
        "202005": "141.78",
        "202006": "153.22",
        "202007": "161.87",
        "202008": "158.45",
        "202009": "155.59",
        "202010": "155.00",
        "202011": "157.71",
        "202012": "162.85",
        "202101": "174.32",
        "202102": "190.42",
        "202103": "193.30",
        "202104": "220.03",
        "202105": "201.12",
        "202106": "226.43",
        "202107": "256.27",
        "202108": "265.45",
        "202109": "245.82",
        "202110": "217.78",
        "202111": "239.73",
        "202112": "255.82",
        "202201": "243.67",
        "202202": "243.73",
        "202203": "238.89",
        "202204": "212.82",
        "202205": "214.07",
        "202206": "195.21",
        "202207": "143.71",
        "202208": "146.65",
        "202209": "132.48",
        "202210": "125.40",
        "202211": "140.32",
        "202212": "145.00",
        "202301": "152.42",
        "202302": "169.64",
        "202303": "177.39",
        "202304": "184.62",
        "202305": "185.43",
        "202306": "197.68",
        "202307": "195.55",
        "202308": "225.57",
        "202309": "262.15",
        "202310": "262.28",
        "202311": "263.82",
        "202312": "255.40"
    },
    "quarters": {
        "20011": {
            "year_quarter": 20011,
            "year": 2001,
            "quarter": 1,
            "eps": null,
            "eps_growth_year": null,
            "eps_4q": null,
            "eps_4q_growth_year": null,
            "roe": null,
            "roe_4q": 0,
            "gross_profit": null,
            "gross_margin": null,
            "gross_margin_4q_avg": 0,
            "net_income": null,
            "net_income_4q": null,
            "revenue": null,
            "revenue_4q": null,
            "common_shares": null,
            "book_valuer_per_share": null,
            "book_valuer_per_share_4q_avg": 0,
            "equity": null,
            "current_ratio": null,
            "debt_ratio": null,
            "inventory_turnover_ratio": null,
            "account_receivable_turnover_ratio": null,
            "reinvestment_rate": null,
            "research_to_sale_ratio": null,
            "price_fair": 0,
            "eps_avg_yearly": 0,
            "eps_latest_yearly": 0,
            "eps_growth_yearly": 0
        },
        "20012": {
            "year_quarter": 20012,
            "year": 2001,
            "quarter": 2,
            "eps": null,
            "eps_growth_year": null,
            "eps_4q": null,
            "eps_4q_growth_year": null,
            "roe": null,
            "roe_4q": 0,
            "gross_profit": null,
            "gross_margin": null,
            "gross_margin_4q_avg": 0,
            "net_income": null,
            "net_income_4q": null,
            "revenue": null,
            "revenue_4q": null,
            "common_shares": null,
            "book_valuer_per_share": null,
            "book_valuer_per_share_4q_avg": 0,
            "equity": null,
            "current_ratio": null,
            "debt_ratio": null,
            "inventory_turnover_ratio": null,
            "account_receivable_turnover_ratio": null,
            "reinvestment_rate": null,
            "research_to_sale_ratio": null,
            "price_fair": 0,
            "eps_avg_yearly": 0,
            "eps_latest_yearly": 0,
            "eps_growth_yearly": 0
        },
        "20013": {
            "year_quarter": 20013,
            "year": 2001,
            "quarter": 3,
            "eps": null,
            "eps_growth_year": null,
            "eps_4q": null,
            "eps_4q_growth_year": null,
            "roe": null,
            "roe_4q": 0,
            "gross_profit": null,
            "gross_margin": null,
            "gross_margin_4q_avg": 0,
            "net_income": null,
            "net_income_4q": null,
            "revenue": null,
            "revenue_4q": null,
            "common_shares": null,
            "book_valuer_per_share": null,
            "book_valuer_per_share_4q_avg": 0,
            "equity": null,
            "current_ratio": null,
            "debt_ratio": null,
            "inventory_turnover_ratio": null,
            "account_receivable_turnover_ratio": null,
            "reinvestment_rate": null,
            "research_to_sale_ratio": null,
            "price_fair": 0,
            "eps_avg_yearly": 0,
            "eps_latest_yearly": 0,
            "eps_growth_yearly": 0
        },
        "20014": {
            "year_quarter": 20014,
            "year": 2001,
            "quarter": 4,
            "eps": null,
            "eps_growth_year": null,
            "eps_4q": null,
            "eps_4q_growth_year": null,
            "roe": null,
            "roe_4q": 0,
            "gross_profit": null,
            "gross_margin": null,
            "gross_margin_4q_avg": 0,
            "net_income": null,
            "net_income_4q": null,
            "revenue": null,
            "revenue_4q": null,
            "common_shares": 180000,
            "book_valuer_per_share": 13.23,
            "book_valuer_per_share_4q_avg": 3.31,
            "equity": 238096,
            "current_ratio": 325.82,
            "debt_ratio": 27.95,
            "inventory_turnover_ratio": null,
            "account_receivable_turnover_ratio": null,
            "reinvestment_rate": null,
            "research_to_sale_ratio": null,
            "price_fair": 0,
            "eps_avg_yearly": 0,
            "eps_latest_yearly": 0,
            "eps_growth_yearly": 0
        },
        "20021": {
            "year_quarter": 20021,
            "year": 2002,
            "quarter": 1,
            "eps": null,
            "eps_growth_year": null,
            "eps_4q": null,
            "eps_4q_growth_year": null,
            "roe": null,
            "roe_4q": 0,
            "gross_profit": null,
            "gross_margin": null,
            "gross_margin_4q_avg": 0,
            "net_income": null,
            "net_income_4q": null,
            "revenue": null,
            "revenue_4q": null,
            "common_shares": null,
            "book_valuer_per_share": null,
            "book_valuer_per_share_4q_avg": 3.31,
            "equity": null,
            "current_ratio": null,
            "debt_ratio": null,
            "inventory_turnover_ratio": null,
            "account_receivable_turnover_ratio": null,
            "reinvestment_rate": null,
            "research_to_sale_ratio": null,
            "price_fair": 0,
            "eps_avg_yearly": 0,
            "eps_latest_yearly": 0,
            "eps_growth_yearly": 0
        },
        "20022": {
            "year_quarter": 20022,
            "year": 2002,
            "quarter": 2,
            "eps": null,
            "eps_growth_year": null,
            "eps_4q": null,
            "eps_4q_growth_year": null,
            "roe": null,
            "roe_4q": 0,
            "gross_profit": null,
            "gross_margin": null,
            "gross_margin_4q_avg": 0,
            "net_income": null,
            "net_income_4q": null,
            "revenue": null,
            "revenue_4q": null,
            "common_shares": null,
            "book_valuer_per_share": null,
            "book_valuer_per_share_4q_avg": 3.31,
            "equity": null,
            "current_ratio": null,
            "debt_ratio": null,
            "inventory_turnover_ratio": null,
            "account_receivable_turnover_ratio": null,
            "reinvestment_rate": null,
            "research_to_sale_ratio": null,
            "price_fair": 0,
            "eps_avg_yearly": 0,
            "eps_latest_yearly": 0,
            "eps_growth_yearly": 0
        },
        "20023": {
            "year_quarter": 20023,
            "year": 2002,
            "quarter": 3,
            "eps": null,
            "eps_growth_year": null,
            "eps_4q": null,
            "eps_4q_growth_year": null,
            "roe": null,
            "roe_4q": 0,
            "gross_profit": null,
            "gross_margin": null,
            "gross_margin_4q_avg": 0,
            "net_income": null,
            "net_income_4q": null,
            "revenue": null,
            "revenue_4q": null,
            "common_shares": null,
            "book_valuer_per_share": null,
            "book_valuer_per_share_4q_avg": 3.31,
            "equity": null,
            "current_ratio": null,
            "debt_ratio": null,
            "inventory_turnover_ratio": null,
            "account_receivable_turnover_ratio": null,
            "reinvestment_rate": null,
            "research_to_sale_ratio": null,
            "price_fair": 0,
            "eps_avg_yearly": 0,
            "eps_latest_yearly": 0,
            "eps_growth_yearly": 0
        },
        "20024": {
            "year_quarter": 20024,
            "year": 2002,
            "quarter": 4,
            "eps": null,
            "eps_growth_year": null,
            "eps_4q": null,
            "eps_4q_growth_year": null,
            "roe": null,
            "roe_4q": 0,
            "gross_profit": null,
            "gross_margin": null,
            "gross_margin_4q_avg": 0,
            "net_income": null,
            "net_income_4q": null,
            "revenue": null,
            "revenue_4q": null,
            "common_shares": 254000,
            "book_valuer_per_share": 12.78,
            "book_valuer_per_share_4q_avg": 3.2,
            "equity": 324718,
            "current_ratio": 387.59,
            "debt_ratio": 20.23,
            "inventory_turnover_ratio": null,
            "account_receivable_turnover_ratio": null,
            "reinvestment_rate": null,
            "research_to_sale_ratio": null,
            "price_fair": 0,
            "eps_avg_yearly": 0,
            "eps_latest_yearly": 0,
            "eps_growth_yearly": 0
        },
        "20031": {
            "year_quarter": 20031,
            "year": 2003,
            "quarter": 1,
            "eps": null,
            "eps_growth_year": null,
            "eps_4q": null,
            "eps_4q_growth_year": null,
            "roe": null,
            "roe_4q": 0,
            "gross_profit": null,
            "gross_margin": null,
            "gross_margin_4q_avg": 0,
            "net_income": null,
            "net_income_4q": null,
            "revenue": null,
            "revenue_4q": null,
            "common_shares": null,
            "book_valuer_per_share": null,
            "book_valuer_per_share_4q_avg": 3.2,
            "equity": null,
            "current_ratio": null,
            "debt_ratio": null,
            "inventory_turnover_ratio": null,
            "account_receivable_turnover_ratio": null,
            "reinvestment_rate": null,
            "research_to_sale_ratio": null,
            "price_fair": 0,
            "eps_avg_yearly": 0,
            "eps_latest_yearly": 0,
            "eps_growth_yearly": 0
        },
        "20032": {
            "year_quarter": 20032,
            "year": 2003,
            "quarter": 2,
            "eps": null,
            "eps_growth_year": null,
            "eps_4q": null,
            "eps_4q_growth_year": null,
            "roe": null,
            "roe_4q": 0,
            "gross_profit": null,
            "gross_margin": null,
            "gross_margin_4q_avg": 0,
            "net_income": null,
            "net_income_4q": null,
            "revenue": null,
            "revenue_4q": null,
            "common_shares": null,
            "book_valuer_per_share": null,
            "book_valuer_per_share_4q_avg": 3.2,
            "equity": null,
            "current_ratio": null,
            "debt_ratio": null,
            "inventory_turnover_ratio": null,
            "account_receivable_turnover_ratio": null,
            "reinvestment_rate": null,
            "research_to_sale_ratio": null,
            "price_fair": 0,
            "eps_avg_yearly": 0,
            "eps_latest_yearly": 0,
            "eps_growth_yearly": 0
        },
        "20033": {
            "year_quarter": 20033,
            "year": 2003,
            "quarter": 3,
            "eps": 0.31,
            "eps_growth_year": null,
            "eps_4q": null,
            "eps_4q_growth_year": null,
            "roe": 2.62,
            "roe_4q": 2.62,
            "gross_profit": 37480,
            "gross_margin": 26.79,
            "gross_margin_4q_avg": 6.7,
            "net_income": 8777,
            "net_income_4q": null,
            "revenue": 139899,
            "revenue_4q": null,
            "common_shares": 254000,
            "book_valuer_per_share": 13.17,
            "book_valuer_per_share_4q_avg": 6.49,
            "equity": 334408,
            "current_ratio": 298.45,
            "debt_ratio": 27.09,
            "inventory_turnover_ratio": 0.95,
            "account_receivable_turnover_ratio": null,
            "reinvestment_rate": null,
            "research_to_sale_ratio": null,
            "price_fair": 0,
            "eps_avg_yearly": 0,
            "eps_latest_yearly": 0,
            "eps_growth_yearly": 0
        },
        "20034": {
            "year_quarter": 20034,
            "year": 2003,
            "quarter": 4,
            "eps": 0.78,
            "eps_growth_year": null,
            "eps_4q": null,
            "eps_4q_growth_year": null,
            "roe": 6.03,
            "roe_4q": 8.65,
            "gross_profit": 52594,
            "gross_margin": 32.14,
            "gross_margin_4q_avg": 14.73,
            "net_income": 20790,
            "net_income_4q": null,
            "revenue": 163633,
            "revenue_4q": null,
            "common_shares": 266800,
            "book_valuer_per_share": 13.31,
            "book_valuer_per_share_4q_avg": 6.62,
            "equity": 355198,
            "current_ratio": 277.96,
            "debt_ratio": 29.79,
            "inventory_turnover_ratio": 1.04,
            "account_receivable_turnover_ratio": null,
            "reinvestment_rate": null,
            "research_to_sale_ratio": null,
            "price_fair": 109.2,
            "eps_avg_yearly": 3.12,
            "eps_latest_yearly": 3.12,
            "eps_growth_yearly": 606.45
        },
        "20041": {
            "year_quarter": 20041,
            "year": 2004,
            "quarter": 1,
            "eps": 1.16,
            "eps_growth_year": null,
            "eps_4q": null,
            "eps_4q_growth_year": null,
            "roe": 8.38,
            "roe_4q": 17.03,
            "gross_profit": 56574,
            "gross_margin": 35.82,
            "gross_margin_4q_avg": 23.69,
            "net_income": 31069,
            "net_income_4q": null,
            "revenue": 157923,
            "revenue_4q": null,
            "common_shares": 266800,
            "book_valuer_per_share": 14.48,
            "book_valuer_per_share_4q_avg": 10.24,
            "equity": 386267,
            "current_ratio": 225.46,
            "debt_ratio": 37.99,
            "inventory_turnover_ratio": 0.68,
            "account_receivable_turnover_ratio": null,
            "reinvestment_rate": null,
            "research_to_sale_ratio": null,
            "price_fair": 135.8,
            "eps_avg_yearly": 3.88,
            "eps_latest_yearly": 4.64,
            "eps_growth_yearly": 400.66
        },
        "20042": {
            "year_quarter": 20042,
            "year": 2004,
            "quarter": 2,
            "eps": 1.11,
            "eps_growth_year": null,
            "eps_4q": 3.38,
            "eps_4q_growth_year": null,
            "roe": 7.49,
            "roe_4q": 24.520000000000003,
            "gross_profit": 58245,
            "gross_margin": 32.98,
            "gross_margin_4q_avg": 31.93,
            "net_income": 29701,
            "net_income_4q": null,
            "revenue": 176608,
            "revenue_4q": null,
            "common_shares": 266800,
            "book_valuer_per_share": 15.25,
            "book_valuer_per_share_4q_avg": 14.05,
            "equity": 406888,
            "current_ratio": 229.99,
            "debt_ratio": 37.64,
            "inventory_turnover_ratio": 0.53,
            "account_receivable_turnover_ratio": null,
            "reinvestment_rate": null,
            "research_to_sale_ratio": null,
            "price_fair": 142.33,
            "eps_avg_yearly": 4.07,
            "eps_latest_yearly": 4.44,
            "eps_growth_yearly": 261.36
        },
        "20043": {
            "year_quarter": 20043,
            "year": 2004,
            "quarter": 3,
            "eps": 1.24,
            "eps_growth_year": 300,
            "eps_4q": 4.1,
            "eps_4q_growth_year": null,
            "roe": 8.33,
            "roe_4q": 30.230000000000004,
            "gross_profit": 71093,
            "gross_margin": 33.06,
            "gross_margin_4q_avg": 33.5,
            "net_income": 35381,
            "net_income_4q": null,
            "revenue": 215020,
            "revenue_4q": null,
            "common_shares": 266800,
            "book_valuer_per_share": 16.58,
            "book_valuer_per_share_4q_avg": 14.91,
            "equity": 442269,
            "current_ratio": 289.21,
            "debt_ratio": 30.18,
            "inventory_turnover_ratio": 0.6,
            "account_receivable_turnover_ratio": null,
            "reinvestment_rate": null,
            "research_to_sale_ratio": null,
            "price_fair": 150.15,
            "eps_avg_yearly": 4.29,
            "eps_latest_yearly": 4.96,
            "eps_growth_yearly": 207.73
        },
        "20044": {
            "year_quarter": 20044,
            "year": 2004,
            "quarter": 4,
            "eps": 1.02,
            "eps_growth_year": 30.77,
            "eps_4q": 4.41,
            "eps_4q_growth_year": null,
            "roe": 6.31,
            "roe_4q": 30.510000000000005,
            "gross_profit": 87698,
            "gross_margin": 31.21,
            "gross_margin_4q_avg": 33.27,
            "net_income": 28966,
            "net_income_4q": null,
            "revenue": 281024,
            "revenue_4q": null,
            "common_shares": 288370,
            "book_valuer_per_share": 16.5,
            "book_valuer_per_share_4q_avg": 15.7,
            "equity": 475920,
            "current_ratio": 255.63,
            "debt_ratio": 34.25,
            "inventory_turnover_ratio": 0.88,
            "account_receivable_turnover_ratio": null,
            "reinvestment_rate": null,
            "research_to_sale_ratio": null,
            "price_fair": 148.68,
            "eps_avg_yearly": 4.25,
            "eps_latest_yearly": 4.08,
            "eps_growth_yearly": 151.99
        },
        "20051": {
            "year_quarter": 20051,
            "year": 2005,
            "quarter": 1,
            "eps": 2.12,
            "eps_growth_year": 82.76,
            "eps_4q": 5.38,
            "eps_4q_growth_year": null,
            "roe": 12.07,
            "roe_4q": 34.2,
            "gross_profit": 101154,
            "gross_margin": 29.35,
            "gross_margin_4q_avg": 31.65,
            "net_income": 61137,
            "net_income_4q": null,
            "revenue": 344618,
            "revenue_4q": null,
            "common_shares": 288620,
            "book_valuer_per_share": 18.62,
            "book_valuer_per_share_4q_avg": 16.74,
            "equity": 537352,
            "current_ratio": 301.41,
            "debt_ratio": 29.26,
            "inventory_turnover_ratio": 1.26,
            "account_receivable_turnover_ratio": null,
            "reinvestment_rate": null,
            "research_to_sale_ratio": null,
            "price_fair": 173.37,
            "eps_avg_yearly": 4.95,
            "eps_latest_yearly": 8.48,
            "eps_growth_yearly": 198.56
        },
        "20052": {
            "year_quarter": 20052,
            "year": 2005,
            "quarter": 2,
            "eps": 2.32,
            "eps_growth_year": 109.01,
            "eps_4q": 6.09,
            "eps_4q_growth_year": 80.51,
            "roe": 13.93,
            "roe_4q": 40.64,
            "gross_profit": 127152,
            "gross_margin": 36.88,
            "gross_margin_4q_avg": 32.63,
            "net_income": 77136,
            "net_income_4q": null,
            "revenue": 344750,
            "revenue_4q": null,
            "common_shares": 288620,
            "book_valuer_per_share": 19.74,
            "book_valuer_per_share_4q_avg": 17.86,
            "equity": 569815,
            "current_ratio": 243.07,
            "debt_ratio": 38.1,
            "inventory_turnover_ratio": 1.12,
            "account_receivable_turnover_ratio": null,
            "reinvestment_rate": null,
            "research_to_sale_ratio": null,
            "price_fair": 195,
            "eps_avg_yearly": 5.57,
            "eps_latest_yearly": 9.28,
            "eps_growth_yearly": 175.58
        },
        "20053": {
            "year_quarter": 20053,
            "year": 2005,
            "quarter": 3,
            "eps": 4.61,
            "eps_growth_year": 271.77,
            "eps_4q": 9.63,
            "eps_4q_growth_year": 134.91,
            "roe": 23.7,
            "roe_4q": 56.01,
            "gross_profit": 185156,
            "gross_margin": 40.22,
            "gross_margin_4q_avg": 34.42,
            "net_income": 153651,
            "net_income_4q": null,
            "revenue": 460330,
            "revenue_4q": null,
            "common_shares": 336487,
            "book_valuer_per_share": 21.61,
            "book_valuer_per_share_4q_avg": 19.12,
            "equity": 726995,
            "current_ratio": 324.26,
            "debt_ratio": 29.04,
            "inventory_turnover_ratio": 1.19,
            "account_receivable_turnover_ratio": null,
            "reinvestment_rate": null,
            "research_to_sale_ratio": null,
            "price_fair": 251.3,
            "eps_avg_yearly": 7.18,
            "eps_latest_yearly": 18.44,
            "eps_growth_yearly": 202.99
        },
        "20054": {
            "year_quarter": 20054,
            "year": 2005,
            "quarter": 4,
            "eps": 4.13,
            "eps_growth_year": 304.9,
            "eps_4q": 12.86,
            "eps_4q_growth_year": 191.85,
            "roe": 17.32,
            "roe_4q": 67.02,
            "gross_profit": 209407,
            "gross_margin": 44.94,
            "gross_margin_4q_avg": 37.85,
            "net_income": 138131,
            "net_income_4q": null,
            "revenue": 465927,
            "revenue_4q": null,
            "common_shares": 339392,
            "book_valuer_per_share": 25.58,
            "book_valuer_per_share_4q_avg": 21.39,
            "equity": 868089,
            "current_ratio": 360.22,
            "debt_ratio": 26.19,
            "inventory_turnover_ratio": 1,
            "account_receivable_turnover_ratio": null,
            "reinvestment_rate": null,
            "research_to_sale_ratio": null,
            "price_fair": 287.62,
            "eps_avg_yearly": 8.22,
            "eps_latest_yearly": 16.52,
            "eps_growth_yearly": 175.81
        },
        "20061": {
            "year_quarter": 20061,
            "year": 2006,
            "quarter": 1,
            "eps": 3.03,
            "eps_growth_year": 42.92,
            "eps_4q": 13.78,
            "eps_4q_growth_year": 156,
            "roe": 9.94,
            "roe_4q": 64.88999999999999,
            "gross_profit": 166595,
            "gross_margin": 41.43,
            "gross_margin_4q_avg": 40.87,
            "net_income": 104022,
            "net_income_4q": null,
            "revenue": 402115,
            "revenue_4q": null,
            "common_shares": 359452,
            "book_valuer_per_share": 34.06,
            "book_valuer_per_share_4q_avg": 25.25,
            "equity": 1224172,
            "current_ratio": 552.59,
            "debt_ratio": 17.46,
            "inventory_turnover_ratio": 0.85,
            "account_receivable_turnover_ratio": null,
            "reinvestment_rate": null,
            "research_to_sale_ratio": null,
            "price_fair": 301.28,
            "eps_avg_yearly": 8.61,
            "eps_latest_yearly": 12.12,
            "eps_growth_yearly": 147.57
        },
        "20062": {
            "year_quarter": 20062,
            "year": 2006,
            "quarter": 2,
            "eps": 2.17,
            "eps_growth_year": -6.47,
            "eps_4q": 10.63,
            "eps_4q_growth_year": 74.47,
            "roe": 8.67,
            "roe_4q": 59.629999999999995,
            "gross_profit": 155084,
            "gross_margin": 40.61,
            "gross_margin_4q_avg": 41.8,
            "net_income": 101493,
            "net_income_4q": null,
            "revenue": 381849,
            "revenue_4q": null,
            "common_shares": 359452,
            "book_valuer_per_share": 31.11,
            "book_valuer_per_share_4q_avg": 28.09,
            "equity": 1118300,
            "current_ratio": 316.31,
            "debt_ratio": 30.13,
            "inventory_turnover_ratio": 0.78,
            "account_receivable_turnover_ratio": null,
            "reinvestment_rate": null,
            "research_to_sale_ratio": null,
            "price_fair": 301.51,
            "eps_avg_yearly": 8.61,
            "eps_latest_yearly": 8.68,
            "eps_growth_yearly": 123.83
        },
        "20063": {
            "year_quarter": 20063,
            "year": 2006,
            "quarter": 3,
            "eps": 3.45,
            "eps_growth_year": -25.16,
            "eps_4q": 10.73,
            "eps_4q_growth_year": 11.43,
            "roe": 13.55,
            "roe_4q": 49.48,
            "gross_profit": 217299,
            "gross_margin": 40.55,
            "gross_margin_4q_avg": 41.88,
            "net_income": 162897,
            "net_income_4q": null,
            "revenue": 535905,
            "revenue_4q": null,
            "common_shares": 484596,
            "book_valuer_per_share": 26.56,
            "book_valuer_per_share_4q_avg": 29.33,
            "equity": 1286947,
            "current_ratio": 453.47,
            "debt_ratio": 21.2,
            "inventory_turnover_ratio": 1.04,
            "account_receivable_turnover_ratio": null,
            "reinvestment_rate": null,
            "research_to_sale_ratio": null,
            "price_fair": 316.63,
            "eps_avg_yearly": 9.05,
            "eps_latest_yearly": 13.8,
            "eps_growth_yearly": 133.18
        },
        "20064": {
            "year_quarter": 20064,
            "year": 2006,
            "quarter": 4,
            "eps": 3.43,
            "eps_growth_year": -16.95,
            "eps_4q": 11.18,
            "eps_4q_growth_year": -13.08,
            "roe": 11.91,
            "roe_4q": 44.07,
            "gross_profit": 225103,
            "gross_margin": 39.36,
            "gross_margin_4q_avg": 40.49,
            "net_income": 163139,
            "net_income_4q": null,
            "revenue": 571943,
            "revenue_4q": null,
            "common_shares": 486171,
            "book_valuer_per_share": 29.87,
            "book_valuer_per_share_4q_avg": 30.4,
            "equity": 1452047,
            "current_ratio": 442.22,
            "debt_ratio": 21.75,
            "inventory_turnover_ratio": 1.06,
            "account_receivable_turnover_ratio": null,
            "reinvestment_rate": null,
            "research_to_sale_ratio": null,
            "price_fair": 329.22,
            "eps_avg_yearly": 9.41,
            "eps_latest_yearly": 13.72,
            "eps_growth_yearly": 122.75
        },
        "20071": {
            "year_quarter": 20071,
            "year": 2007,
            "quarter": 1,
            "eps": 3.8,
            "eps_growth_year": 25.41,
            "eps_4q": 12.42,
            "eps_4q_growth_year": -9.85,
            "roe": 10.85,
            "roe_4q": 44.980000000000004,
            "gross_profit": 226334,
            "gross_margin": 38.33,
            "gross_margin_4q_avg": 39.71,
            "net_income": 188502,
            "net_income_4q": null,
            "revenue": 590462,
            "revenue_4q": null,
            "common_shares": 512921,
            "book_valuer_per_share": 39.41,
            "book_valuer_per_share_4q_avg": 31.74,
            "equity": 2021356,
            "current_ratio": 548.43,
            "debt_ratio": 17.52,
            "inventory_turnover_ratio": 1.05,
            "account_receivable_turnover_ratio": null,
            "reinvestment_rate": null,
            "research_to_sale_ratio": null,
            "price_fair": 343.7,
            "eps_avg_yearly": 9.82,
            "eps_latest_yearly": 15.2,
            "eps_growth_yearly": 117.07
        },
        "20072": {
            "year_quarter": 20072,
            "year": 2007,
            "quarter": 2,
            "eps": 2.88,
            "eps_growth_year": 32.72,
            "eps_4q": 11.53,
            "eps_4q_growth_year": 8.44,
            "roe": 8.8,
            "roe_4q": 45.11,
            "gross_profit": 234531,
            "gross_margin": 36.33,
            "gross_margin_4q_avg": 38.64,
            "net_income": 171306,
            "net_income_4q": null,
            "revenue": 645518,
            "revenue_4q": null,
            "common_shares": 517671,
            "book_valuer_per_share": 36.12,
            "book_valuer_per_share_4q_avg": 32.99,
            "equity": 1870084,
            "current_ratio": 284.35,
            "debt_ratio": 30.94,
            "inventory_turnover_ratio": 1.02,
            "account_receivable_turnover_ratio": null,
            "reinvestment_rate": 8.47,
            "research_to_sale_ratio": null,
            "price_fair": 347.67,
            "eps_avg_yearly": 9.93,
            "eps_latest_yearly": 11.52,
            "eps_growth_yearly": 102.81
        },
        "20073": {
            "year_quarter": 20073,
            "year": 2007,
            "quarter": 3,
            "eps": 3.52,
            "eps_growth_year": 2.03,
            "eps_4q": 12.24,
            "eps_4q_growth_year": 14.09,
            "roe": 10.7,
            "roe_4q": 42.260000000000005,
            "gross_profit": 296076,
            "gross_margin": 35.64,
            "gross_margin_4q_avg": 37.42,
            "net_income": 211115,
            "net_income_4q": null,
            "revenue": 830701,
            "revenue_4q": null,
            "common_shares": 606954,
            "book_valuer_per_share": 34.17,
            "book_valuer_per_share_4q_avg": 34.89,
            "equity": 2074160,
            "current_ratio": 411.77,
            "debt_ratio": 21.39,
            "inventory_turnover_ratio": 1.17,
            "account_receivable_turnover_ratio": null,
            "reinvestment_rate": 4.64,
            "research_to_sale_ratio": null,
            "price_fair": 356.74,
            "eps_avg_yearly": 10.19,
            "eps_latest_yearly": 14.08,
            "eps_growth_yearly": 101.94
        },
        "20074": {
            "year_quarter": 20074,
            "year": 2007,
            "quarter": 4,
            "eps": 2.8,
            "eps_growth_year": -18.37,
            "eps_4q": 12.28,
            "eps_4q_growth_year": 9.87,
            "roe": 7.87,
            "roe_4q": 38.22,
            "gross_profit": 265310,
            "gross_margin": 36.28,
            "gross_margin_4q_avg": 36.65,
            "net_income": 168642,
            "net_income_4q": null,
            "revenue": 731244,
            "revenue_4q": null,
            "common_shares": 609814,
            "book_valuer_per_share": 36.24,
            "book_valuer_per_share_4q_avg": 36.49,
            "equity": 2209791,
            "current_ratio": 527.42,
            "debt_ratio": 17.33,
            "inventory_turnover_ratio": 1.01,
            "account_receivable_turnover_ratio": null,
            "reinvestment_rate": 3.84,
            "research_to_sale_ratio": null,
            "price_fair": 374.41,
            "eps_avg_yearly": 10.7,
            "eps_latest_yearly": 11.2,
            "eps_growth_yearly": 58.92
        },
        "20081": {
            "year_quarter": 20081,
            "year": 2008,
            "quarter": 1,
            "eps": 1.1,
            "eps_growth_year": -71.05,
            "eps_4q": 10.14,
            "eps_4q_growth_year": -18.37,
            "roe": 2.98,
            "roe_4q": 30.349999999999998,
            "gross_profit": 245326,
            "gross_margin": 34.81,
            "gross_margin_4q_avg": 35.77,
            "net_income": 67073,
            "net_income_4q": null,
            "revenue": 704797,
            "revenue_4q": null,
            "common_shares": 611419,
            "book_valuer_per_share": 37.38,
            "book_valuer_per_share_4q_avg": 35.98,
            "equity": 2285495,
            "current_ratio": 579.88,
            "debt_ratio": 15.7,
            "inventory_turnover_ratio": 1.09,
            "account_receivable_turnover_ratio": null,
            "reinvestment_rate": 3.45,
            "research_to_sale_ratio": null,
            "price_fair": 373.89,
            "eps_avg_yearly": 10.68,
            "eps_latest_yearly": 4.4,
            "eps_growth_yearly": 31.56
        },
        "20082": {
            "year_quarter": 20082,
            "year": 2008,
            "quarter": 2,
            "eps": 1.86,
            "eps_growth_year": -35.42,
            "eps_4q": 8.18,
            "eps_4q_growth_year": -29.05,
            "roe": 6.31,
            "roe_4q": 27.86,
            "gross_profit": 261089,
            "gross_margin": 32.85,
            "gross_margin_4q_avg": 34.9,
            "net_income": 131477,
            "net_income_4q": null,
            "revenue": 794750,
            "revenue_4q": null,
            "common_shares": 613775,
            "book_valuer_per_share": 30.65,
            "book_valuer_per_share_4q_avg": 34.61,
            "equity": 1880920,
            "current_ratio": 242.11,
            "debt_ratio": 37.76,
            "inventory_turnover_ratio": 1.31,
            "account_receivable_turnover_ratio": null,
            "reinvestment_rate": 2.88,
            "research_to_sale_ratio": null,
            "price_fair": 380.45,
            "eps_avg_yearly": 10.87,
            "eps_latest_yearly": 7.44,
            "eps_growth_yearly": 49.91
        },
        "20083": {
            "year_quarter": 20083,
            "year": 2008,
            "quarter": 3,
            "eps": 3.65,
            "eps_growth_year": 3.69,
            "eps_4q": 8.85,
            "eps_4q_growth_year": -27.65,
            "roe": 12.89,
            "roe_4q": 30.05,
            "gross_profit": 362173,
            "gross_margin": 36.03,
            "gross_margin_4q_avg": 34.99,
            "net_income": 257512,
            "net_income_4q": null,
            "revenue": 1005299,
            "revenue_4q": null,
            "common_shares": 707561,
            "book_valuer_per_share": 29.88,
            "book_valuer_per_share_4q_avg": 33.54,
            "equity": 2114541,
            "current_ratio": 321.12,
            "debt_ratio": 28.81,
            "inventory_turnover_ratio": 1.38,
            "account_receivable_turnover_ratio": null,
            "reinvestment_rate": 2.46,
            "research_to_sale_ratio": null,
            "price_fair": 401.54,
            "eps_avg_yearly": 11.47,
            "eps_latest_yearly": 14.6,
            "eps_growth_yearly": 71.04
        },
        "20084": {
            "year_quarter": 20084,
            "year": 2008,
            "quarter": 4,
            "eps": 1.17,
            "eps_growth_year": -58.21,
            "eps_4q": 7.38,
            "eps_4q_growth_year": -39.89,
            "roe": 3.11,
            "roe_4q": 25.29,
            "gross_profit": 256158,
            "gross_margin": 31.29,
            "gross_margin_4q_avg": 33.75,
            "net_income": 85904,
            "net_income_4q": null,
            "revenue": 818678,
            "revenue_4q": null,
            "common_shares": 825940,
            "book_valuer_per_share": 41.3,
            "book_valuer_per_share_4q_avg": 34.8,
            "equity": 3411425,
            "current_ratio": 495.01,
            "debt_ratio": 16.5,
            "inventory_turnover_ratio": 1,
            "account_receivable_turnover_ratio": 1.52,
            "reinvestment_rate": 2.88,
            "research_to_sale_ratio": null,
            "price_fair": 402.85,
            "eps_avg_yearly": 11.51,
            "eps_latest_yearly": 4.68,
            "eps_growth_yearly": 58.49
        },
        "20091": {
            "year_quarter": 20091,
            "year": 2009,
            "quarter": 1,
            "eps": 1.99,
            "eps_growth_year": 80.91,
            "eps_4q": 7.79,
            "eps_4q_growth_year": -23.14,
            "roe": 4.66,
            "roe_4q": 26.97,
            "gross_profit": 270145,
            "gross_margin": 31.85,
            "gross_margin_4q_avg": 33.01,
            "net_income": 162898,
            "net_income_4q": null,
            "revenue": 848276,
            "revenue_4q": null,
            "common_shares": 830437,
            "book_valuer_per_share": 43.17,
            "book_valuer_per_share_4q_avg": 36.25,
            "equity": 3584657,
            "current_ratio": 513.82,
            "debt_ratio": 16.12,
            "inventory_turnover_ratio": 1.09,
            "account_receivable_turnover_ratio": 0.84,
            "reinvestment_rate": 1.83,
            "research_to_sale_ratio": null,
            "price_fair": 401.71,
            "eps_avg_yearly": 11.48,
            "eps_latest_yearly": 7.96,
            "eps_growth_yearly": 49.05
        },
        "20092": {
            "year_quarter": 20092,
            "year": 2009,
            "quarter": 2,
            "eps": 1.3,
            "eps_growth_year": -30.11,
            "eps_4q": 7.37,
            "eps_4q_growth_year": -9.93,
            "roe": 3.17,
            "roe_4q": 23.83,
            "gross_profit": 327153,
            "gross_margin": 34.09,
            "gross_margin_4q_avg": 33.32,
            "net_income": 108451,
            "net_income_4q": null,
            "revenue": 959592,
            "revenue_4q": null,
            "common_shares": 831473,
            "book_valuer_per_share": 39.29,
            "book_valuer_per_share_4q_avg": 38.41,
            "equity": 3266722,
            "current_ratio": 286.99,
            "debt_ratio": 29.51,
            "inventory_turnover_ratio": 1.23,
            "account_receivable_turnover_ratio": 0.92,
            "reinvestment_rate": 1.67,
            "research_to_sale_ratio": null,
            "price_fair": 392.79,
            "eps_avg_yearly": 11.22,
            "eps_latest_yearly": 5.2,
            "eps_growth_yearly": 38.03
        },
        "20093": {
            "year_quarter": 20093,
            "year": 2009,
            "quarter": 3,
            "eps": 2.77,
            "eps_growth_year": -24.11,
            "eps_4q": 7.02,
            "eps_4q_growth_year": -20.72,
            "roe": 6.87,
            "roe_4q": 17.81,
            "gross_profit": 432805,
            "gross_margin": 34.1,
            "gross_margin_4q_avg": 32.83,
            "net_income": 232870,
            "net_income_4q": null,
            "revenue": 1269178,
            "revenue_4q": null,
            "common_shares": 855601,
            "book_valuer_per_share": 41.1,
            "book_valuer_per_share_4q_avg": 41.22,
            "equity": 3516574,
            "current_ratio": 414.9,
            "debt_ratio": 20.25,
            "inventory_turnover_ratio": 1.51,
            "account_receivable_turnover_ratio": 1.03,
            "reinvestment_rate": 1.37,
            "research_to_sale_ratio": null,
            "price_fair": 376.69,
            "eps_avg_yearly": 10.76,
            "eps_latest_yearly": 11.08,
            "eps_growth_yearly": 41.62
        },
        "20094": {
            "year_quarter": 20094,
            "year": 2009,
            "quarter": 4,
            "eps": 2.02,
            "eps_growth_year": 72.65,
            "eps_4q": 7.91,
            "eps_4q_growth_year": 7.14,
            "roe": 4.66,
            "roe_4q": 19.36,
            "gross_profit": 334432,
            "gross_margin": 32.69,
            "gross_margin_4q_avg": 33.18,
            "net_income": 170317,
            "net_income_4q": null,
            "revenue": 1022916,
            "revenue_4q": null,
            "common_shares": 857356,
            "book_valuer_per_share": 44.52,
            "book_valuer_per_share_4q_avg": 42.02,
            "equity": 3797100,
            "current_ratio": 444.87,
            "debt_ratio": 19.16,
            "inventory_turnover_ratio": 1.26,
            "account_receivable_turnover_ratio": 1.74,
            "reinvestment_rate": 2.74,
            "research_to_sale_ratio": null,
            "price_fair": 358.23,
            "eps_avg_yearly": 10.24,
            "eps_latest_yearly": 8.08,
            "eps_growth_yearly": 37.45
        },
        "20101": {
            "year_quarter": 20101,
            "year": 2010,
            "quarter": 1,
            "eps": 2.78,
            "eps_growth_year": 39.7,
            "eps_4q": 8.76,
            "eps_4q_growth_year": 12.41,
            "roe": 6.05,
            "roe_4q": 20.75,
            "gross_profit": 431967,
            "gross_margin": 35.29,
            "gross_margin_4q_avg": 34.04,
            "net_income": 237622,
            "net_income_4q": null,
            "revenue": 1224189,
            "revenue_4q": null,
            "common_shares": 859907,
            "book_valuer_per_share": 47.5,
            "book_valuer_per_share_4q_avg": 43.1,
            "equity": 4063848,
            "current_ratio": 421.48,
            "debt_ratio": 20.56,
            "inventory_turnover_ratio": 1.35,
            "account_receivable_turnover_ratio": 0.95,
            "reinvestment_rate": 2.28,
            "research_to_sale_ratio": 7.62,
            "price_fair": 356.04,
            "eps_avg_yearly": 10.17,
            "eps_latest_yearly": 11.12,
            "eps_growth_yearly": 53.52
        },
        "20102": {
            "year_quarter": 20102,
            "year": 2010,
            "quarter": 2,
            "eps": 3.29,
            "eps_growth_year": 153.44,
            "eps_4q": 10.79,
            "eps_4q_growth_year": 46.36,
            "roe": 7.25,
            "roe_4q": 24.830000000000002,
            "gross_profit": 485198,
            "gross_margin": 35.62,
            "gross_margin_4q_avg": 34.43,
            "net_income": 281855,
            "net_income_4q": null,
            "revenue": 1362108,
            "revenue_4q": null,
            "common_shares": 859907,
            "book_valuer_per_share": 43.4,
            "book_valuer_per_share_4q_avg": 44.13,
            "equity": 3712814,
            "current_ratio": 255.9,
            "debt_ratio": 34.15,
            "inventory_turnover_ratio": 1.21,
            "account_receivable_turnover_ratio": 0.92,
            "reinvestment_rate": 1.92,
            "research_to_sale_ratio": 6.79,
            "price_fair": 365.84,
            "eps_avg_yearly": 10.45,
            "eps_latest_yearly": 13.16,
            "eps_growth_yearly": 65.2
        },
        "20103": {
            "year_quarter": 20103,
            "year": 2010,
            "quarter": 3,
            "eps": 2.74,
            "eps_growth_year": -1.07,
            "eps_4q": 10.8,
            "eps_4q_growth_year": 53.9,
            "roe": 6.11,
            "roe_4q": 24.07,
            "gross_profit": 453638,
            "gross_margin": 35.83,
            "gross_margin_4q_avg": 34.86,
            "net_income": 234467,
            "net_income_4q": null,
            "revenue": 1265936,
            "revenue_4q": null,
            "common_shares": 860001,
            "book_valuer_per_share": 46.32,
            "book_valuer_per_share_4q_avg": 45.44,
            "equity": 3963024,
            "current_ratio": 344.09,
            "debt_ratio": 23.23,
            "inventory_turnover_ratio": 0.93,
            "account_receivable_turnover_ratio": 0.84,
            "reinvestment_rate": 13.84,
            "research_to_sale_ratio": 7.81,
            "price_fair": 359.63,
            "eps_avg_yearly": 10.28,
            "eps_latest_yearly": 10.96,
            "eps_growth_yearly": 46.27
        },
        "20104": {
            "year_quarter": 20104,
            "year": 2010,
            "quarter": 4,
            "eps": 0.68,
            "eps_growth_year": -66.21,
            "eps_4q": 9.49,
            "eps_4q_growth_year": 19.97,
            "roe": 1.46,
            "roe_4q": 20.87,
            "gross_profit": 368802,
            "gross_margin": 31.76,
            "gross_margin_4q_avg": 34.63,
            "net_income": 58449,
            "net_income_4q": null,
            "revenue": 1161136,
            "revenue_4q": null,
            "common_shares": 860709,
            "book_valuer_per_share": 46.98,
            "book_valuer_per_share_4q_avg": 46.05,
            "equity": 4023117,
            "current_ratio": 346.48,
            "debt_ratio": 22.04,
            "inventory_turnover_ratio": 0.88,
            "account_receivable_turnover_ratio": 0.84,
            "reinvestment_rate": 17.25,
            "research_to_sale_ratio": 10.18,
            "price_fair": 335.56,
            "eps_avg_yearly": 9.59,
            "eps_latest_yearly": 2.72,
            "eps_growth_yearly": 27.62
        },
        "20111": {
            "year_quarter": 20111,
            "year": 2011,
            "quarter": 1,
            "eps": 2.32,
            "eps_growth_year": -16.55,
            "eps_4q": 9.03,
            "eps_4q_growth_year": 3.04,
            "roe": 4.82,
            "roe_4q": 19.64,
            "gross_profit": 391137,
            "gross_margin": 31.1,
            "gross_margin_4q_avg": 33.58,
            "net_income": 198765,
            "net_income_4q": null,
            "revenue": 1257672,
            "revenue_4q": null,
            "common_shares": 861527,
            "book_valuer_per_share": 49.26,
            "book_valuer_per_share_4q_avg": 46.49,
            "equity": 4222179,
            "current_ratio": 353.5,
            "debt_ratio": 21.83,
            "inventory_turnover_ratio": 0.98,
            "account_receivable_turnover_ratio": 0.9,
            "reinvestment_rate": 15.83,
            "research_to_sale_ratio": 8.01,
            "price_fair": 322.61,
            "eps_avg_yearly": 9.22,
            "eps_latest_yearly": 9.28,
            "eps_growth_yearly": 85.22
        },
        "20112": {
            "year_quarter": 20112,
            "year": 2011,
            "quarter": 2,
            "eps": 1.58,
            "eps_growth_year": -52.07,
            "eps_4q": 7.32,
            "eps_4q_growth_year": -32.17,
            "roe": 3.47,
            "roe_4q": 15.86,
            "gross_profit": 364829,
            "gross_margin": 28.91,
            "gross_margin_4q_avg": 31.9,
            "net_income": 135335,
            "net_income_4q": null,
            "revenue": 1261823,
            "revenue_4q": null,
            "common_shares": 861527,
            "book_valuer_per_share": 41.77,
            "book_valuer_per_share_4q_avg": 46.08,
            "equity": 3580449,
            "current_ratio": 219.54,
            "debt_ratio": 35.34,
            "inventory_turnover_ratio": 1,
            "account_receivable_turnover_ratio": 0.84,
            "reinvestment_rate": 16.64,
            "research_to_sale_ratio": 7.47,
            "price_fair": 311.24,
            "eps_avg_yearly": 8.89,
            "eps_latest_yearly": 6.32,
            "eps_growth_yearly": 83.3
        },
        "20113": {
            "year_quarter": 20113,
            "year": 2011,
            "quarter": 3,
            "eps": 2.4,
            "eps_growth_year": -12.45,
            "eps_4q": 6.98,
            "eps_4q_growth_year": -35.4,
            "roe": 5.58,
            "roe_4q": 15.330000000000002,
            "gross_profit": 375841,
            "gross_margin": 30.79,
            "gross_margin_4q_avg": 30.64,
            "net_income": 205691,
            "net_income_4q": null,
            "revenue": 1220617,
            "revenue_4q": null,
            "common_shares": 861721,
            "book_valuer_per_share": 44.16,
            "book_valuer_per_share_4q_avg": 45.54,
            "equity": 3786163,
            "current_ratio": 346.88,
            "debt_ratio": 21.74,
            "inventory_turnover_ratio": 1.03,
            "account_receivable_turnover_ratio": 0.81,
            "reinvestment_rate": 16.3,
            "research_to_sale_ratio": 8.68,
            "price_fair": 301.44,
            "eps_avg_yearly": 8.61,
            "eps_latest_yearly": 9.6,
            "eps_growth_yearly": 90.72
        },
        "20114": {
            "year_quarter": 20114,
            "year": 2011,
            "quarter": 4,
            "eps": 1.82,
            "eps_growth_year": 166.92,
            "eps_4q": 8.12,
            "eps_4q_growth_year": -14.43,
            "roe": 4.04,
            "roe_4q": 17.910000000000004,
            "gross_profit": 364882,
            "gross_margin": 35.81,
            "gross_margin_4q_avg": 31.65,
            "net_income": 156194,
            "net_income_4q": null,
            "revenue": 1018975,
            "revenue_4q": null,
            "common_shares": 861721,
            "book_valuer_per_share": 45.97,
            "book_valuer_per_share_4q_avg": 45.29,
            "equity": 3940610,
            "current_ratio": 408.19,
            "debt_ratio": 18.56,
            "inventory_turnover_ratio": 0.94,
            "account_receivable_turnover_ratio": 0.73,
            "reinvestment_rate": 17.81,
            "research_to_sale_ratio": 9.34,
            "price_fair": 292.86,
            "eps_avg_yearly": 8.37,
            "eps_latest_yearly": 7.28,
            "eps_growth_yearly": 89.79
        },
        "20121": {
            "year_quarter": 20121,
            "year": 2012,
            "quarter": 1,
            "eps": 1.63,
            "eps_growth_year": -29.74,
            "eps_4q": 7.43,
            "eps_4q_growth_year": -17.69,
            "roe": 3.41,
            "roe_4q": 16.5,
            "gross_profit": 378180,
            "gross_margin": 34.37,
            "gross_margin_4q_avg": 32.47,
            "net_income": 137209,
            "net_income_4q": null,
            "revenue": 1100327,
            "revenue_4q": null,
            "common_shares": 861721,
            "book_valuer_per_share": 47.6,
            "book_valuer_per_share_4q_avg": 44.88,
            "equity": 4104494,
            "current_ratio": 360.21,
            "debt_ratio": 21.4,
            "inventory_turnover_ratio": 1.05,
            "account_receivable_turnover_ratio": 0.88,
            "reinvestment_rate": 24.99,
            "research_to_sale_ratio": 9.18,
            "price_fair": 297.5,
            "eps_avg_yearly": 8.5,
            "eps_latest_yearly": 6.52,
            "eps_growth_yearly": 102.36
        },
        "20122": {
            "year_quarter": 20122,
            "year": 2012,
            "quarter": 2,
            "eps": 2.46,
            "eps_growth_year": 56.08,
            "eps_4q": 8.31,
            "eps_4q_growth_year": 13.66,
            "roe": 5.36,
            "roe_4q": 18.39,
            "gross_profit": 414255,
            "gross_margin": 34.15,
            "gross_margin_4q_avg": 33.78,
            "net_income": 209328,
            "net_income_4q": null,
            "revenue": 1212900,
            "revenue_4q": null,
            "common_shares": 861721,
            "book_valuer_per_share": 43.01,
            "book_valuer_per_share_4q_avg": 45.19,
            "equity": 3709362,
            "current_ratio": 225.4,
            "debt_ratio": 35,
            "inventory_turnover_ratio": 1.06,
            "account_receivable_turnover_ratio": 0.92,
            "reinvestment_rate": 17.84,
            "research_to_sale_ratio": 9.19,
            "price_fair": 302.75,
            "eps_avg_yearly": 8.65,
            "eps_latest_yearly": 9.84,
            "eps_growth_yearly": 97.82
        },
        "20123": {
            "year_quarter": 20123,
            "year": 2012,
            "quarter": 3,
            "eps": 2.46,
            "eps_growth_year": 2.63,
            "eps_4q": 8.38,
            "eps_4q_growth_year": 20.06,
            "roe": 5.46,
            "roe_4q": 18.27,
            "gross_profit": 475704,
            "gross_margin": 36.99,
            "gross_margin_4q_avg": 35.33,
            "net_income": 208326,
            "net_income_4q": null,
            "revenue": 1286051,
            "revenue_4q": null,
            "common_shares": 861721,
            "book_valuer_per_share": 45.54,
            "book_valuer_per_share_4q_avg": 45.53,
            "equity": 3923592,
            "current_ratio": 301.45,
            "debt_ratio": 25.67,
            "inventory_turnover_ratio": 1.14,
            "account_receivable_turnover_ratio": 0.98,
            "reinvestment_rate": 19.22,
            "research_to_sale_ratio": 8.98,
            "price_fair": 292.34,
            "eps_avg_yearly": 8.35,
            "eps_latest_yearly": 9.84,
            "eps_growth_yearly": 73.76
        },
        "20124": {
            "year_quarter": 20124,
            "year": 2012,
            "quarter": 4,
            "eps": 1.73,
            "eps_growth_year": -5.1,
            "eps_4q": 8.29,
            "eps_4q_growth_year": 2.05,
            "roe": 3.63,
            "roe_4q": 17.86,
            "gross_profit": 359153,
            "gross_margin": 33.68,
            "gross_margin_4q_avg": 34.8,
            "net_income": 145143,
            "net_income_4q": null,
            "revenue": 1066315,
            "revenue_4q": null,
            "common_shares": 861721,
            "book_valuer_per_share": 47.27,
            "book_valuer_per_share_4q_avg": 45.86,
            "equity": 4069466,
            "current_ratio": 296.49,
            "debt_ratio": 26.78,
            "inventory_turnover_ratio": 1.16,
            "account_receivable_turnover_ratio": 0.93,
            "reinvestment_rate": 17.2,
            "research_to_sale_ratio": 9.4,
            "price_fair": 297.24,
            "eps_avg_yearly": 8.49,
            "eps_latest_yearly": 6.92,
            "eps_growth_yearly": 83.33
        },
        "20131": {
            "year_quarter": 20131,
            "year": 2013,
            "quarter": 1,
            "eps": 1.47,
            "eps_growth_year": -9.82,
            "eps_4q": 8.13,
            "eps_4q_growth_year": 9.45,
            "roe": 3.01,
            "roe_4q": 17.46,
            "gross_profit": 305942,
            "gross_margin": 33.77,
            "gross_margin_4q_avg": 34.65,
            "net_income": 124170,
            "net_income_4q": null,
            "revenue": 906060,
            "revenue_4q": null,
            "common_shares": 861721,
            "book_valuer_per_share": 48.54,
            "book_valuer_per_share_4q_avg": 46.09,
            "equity": 4175698,
            "current_ratio": 305.54,
            "debt_ratio": 25.93,
            "inventory_turnover_ratio": 1.12,
            "account_receivable_turnover_ratio": 0.92,
            "reinvestment_rate": 22.34,
            "research_to_sale_ratio": 10.72,
            "price_fair": 292.69,
            "eps_avg_yearly": 8.36,
            "eps_latest_yearly": 5.88,
            "eps_growth_yearly": 62.05
        },
        "20132": {
            "year_quarter": 20132,
            "year": 2013,
            "quarter": 2,
            "eps": 1.66,
            "eps_growth_year": -32.65,
            "eps_4q": 7.32,
            "eps_4q_growth_year": -11.91,
            "roe": 3.52,
            "roe_4q": 15.620000000000001,
            "gross_profit": 356614,
            "gross_margin": 35.1,
            "gross_margin_4q_avg": 34.89,
            "net_income": 138580,
            "net_income_4q": null,
            "revenue": 1016100,
            "revenue_4q": null,
            "common_shares": 861721,
            "book_valuer_per_share": 43.01,
            "book_valuer_per_share_4q_avg": 46.09,
            "equity": 3698184,
            "current_ratio": 216.01,
            "debt_ratio": 37.14,
            "inventory_turnover_ratio": 1.45,
            "account_receivable_turnover_ratio": 1.07,
            "reinvestment_rate": 21.95,
            "research_to_sale_ratio": 10.58,
            "price_fair": 295.84,
            "eps_avg_yearly": 8.45,
            "eps_latest_yearly": 6.64,
            "eps_growth_yearly": 73.95
        },
        "20133": {
            "year_quarter": 20133,
            "year": 2013,
            "quarter": 3,
            "eps": 1.81,
            "eps_growth_year": -26.5,
            "eps_4q": 6.67,
            "eps_4q_growth_year": -20.38,
            "roe": 4.02,
            "roe_4q": 14.18,
            "gross_profit": 379054,
            "gross_margin": 36.36,
            "gross_margin_4q_avg": 34.73,
            "net_income": 151815,
            "net_income_4q": null,
            "revenue": 1042582,
            "revenue_4q": null,
            "common_shares": 861721,
            "book_valuer_per_share": 44.84,
            "book_valuer_per_share_4q_avg": 45.92,
            "equity": 3851840,
            "current_ratio": 255.17,
            "debt_ratio": 30.4,
            "inventory_turnover_ratio": 1.46,
            "account_receivable_turnover_ratio": 1.06,
            "reinvestment_rate": 26.74,
            "research_to_sale_ratio": 10.89,
            "price_fair": 287.44,
            "eps_avg_yearly": 8.21,
            "eps_latest_yearly": 7.24,
            "eps_growth_yearly": 47.94
        },
        "20134": {
            "year_quarter": 20134,
            "year": 2013,
            "quarter": 4,
            "eps": 1.39,
            "eps_growth_year": -19.77,
            "eps_4q": 6.33,
            "eps_4q_growth_year": -23.61,
            "roe": 2.96,
            "roe_4q": 13.51,
            "gross_profit": 333904,
            "gross_margin": 35.84,
            "gross_margin_4q_avg": 35.27,
            "net_income": 115773,
            "net_income_4q": null,
            "revenue": 931767,
            "revenue_4q": null,
            "common_shares": 861721,
            "book_valuer_per_share": 46.37,
            "book_valuer_per_share_4q_avg": 45.69,
            "equity": 3980085,
            "current_ratio": 305.2,
            "debt_ratio": 25.29,
            "inventory_turnover_ratio": 1.26,
            "account_receivable_turnover_ratio": 1.03,
            "reinvestment_rate": 25.92,
            "research_to_sale_ratio": 12.07,
            "price_fair": 281.93,
            "eps_avg_yearly": 8.06,
            "eps_latest_yearly": 5.56,
            "eps_growth_yearly": 48.9
        },
        "20141": {
            "year_quarter": 20141,
            "year": 2014,
            "quarter": 1,
            "eps": 1.87,
            "eps_growth_year": 27.21,
            "eps_4q": 6.73,
            "eps_4q_growth_year": -17.27,
            "roe": 3.89,
            "roe_4q": 14.389999999999999,
            "gross_profit": 360126,
            "gross_margin": 37.53,
            "gross_margin_4q_avg": 36.21,
            "net_income": 157762,
            "net_income_4q": null,
            "revenue": 959618,
            "revenue_4q": null,
            "common_shares": 861721,
            "book_valuer_per_share": 48.16,
            "book_valuer_per_share_4q_avg": 45.6,
            "equity": 4138803,
            "current_ratio": 327.36,
            "debt_ratio": 24.76,
            "inventory_turnover_ratio": 1.25,
            "account_receivable_turnover_ratio": 1.15,
            "reinvestment_rate": 21.2,
            "research_to_sale_ratio": 11.29,
            "price_fair": 273.96,
            "eps_avg_yearly": 7.83,
            "eps_latest_yearly": 7.48,
            "eps_growth_yearly": 48.13
        },
        "20142": {
            "year_quarter": 20142,
            "year": 2014,
            "quarter": 2,
            "eps": 1.39,
            "eps_growth_year": -16.27,
            "eps_4q": 6.45,
            "eps_4q_growth_year": -11.87,
            "roe": 2.93,
            "roe_4q": 13.8,
            "gross_profit": 355395,
            "gross_margin": 36.48,
            "gross_margin_4q_avg": 36.55,
            "net_income": 115961,
            "net_income_4q": null,
            "revenue": 974146,
            "revenue_4q": null,
            "common_shares": 861721,
            "book_valuer_per_share": 43.86,
            "book_valuer_per_share_4q_avg": 45.81,
            "equity": 3767255,
            "current_ratio": 239.05,
            "debt_ratio": 33.9,
            "inventory_turnover_ratio": 1.17,
            "account_receivable_turnover_ratio": 1.18,
            "reinvestment_rate": 22.84,
            "research_to_sale_ratio": 11.08,
            "price_fair": 257.34,
            "eps_avg_yearly": 7.35,
            "eps_latest_yearly": 5.56,
            "eps_growth_yearly": 37.13
        },
        "20143": {
            "year_quarter": 20143,
            "year": 2014,
            "quarter": 3,
            "eps": 2.16,
            "eps_growth_year": 19.34,
            "eps_4q": 6.81,
            "eps_4q_growth_year": 2.04,
            "roe": 4.72,
            "roe_4q": 14.5,
            "gross_profit": 373274,
            "gross_margin": 35.56,
            "gross_margin_4q_avg": 36.35,
            "net_income": 182324,
            "net_income_4q": null,
            "revenue": 1049585,
            "revenue_4q": null,
            "common_shares": 861721,
            "book_valuer_per_share": 46.07,
            "book_valuer_per_share_4q_avg": 46.12,
            "equity": 3953252,
            "current_ratio": 279.38,
            "debt_ratio": 29.01,
            "inventory_turnover_ratio": 1.15,
            "account_receivable_turnover_ratio": 1.19,
            "reinvestment_rate": 9.14,
            "research_to_sale_ratio": 10.75,
            "price_fair": 252.26,
            "eps_avg_yearly": 7.21,
            "eps_latest_yearly": 8.64,
            "eps_growth_yearly": 55.16
        },
        "20144": {
            "year_quarter": 20144,
            "year": 2014,
            "quarter": 4,
            "eps": 1.67,
            "eps_growth_year": 20.29,
            "eps_4q": 7.09,
            "eps_4q_growth_year": 12,
            "roe": 3.46,
            "roe_4q": 15,
            "gross_profit": 321519,
            "gross_margin": 33.55,
            "gross_margin_4q_avg": 35.78,
            "net_income": 139239,
            "net_income_4q": null,
            "revenue": 958208,
            "revenue_4q": null,
            "common_shares": 861721,
            "book_valuer_per_share": 47.82,
            "book_valuer_per_share_4q_avg": 46.48,
            "equity": 4100184,
            "current_ratio": 335.92,
            "debt_ratio": 24.45,
            "inventory_turnover_ratio": 1.08,
            "account_receivable_turnover_ratio": 1.02,
            "reinvestment_rate": 4.65,
            "research_to_sale_ratio": 10.82,
            "price_fair": 260.93,
            "eps_avg_yearly": 7.46,
            "eps_latest_yearly": 6.68,
            "eps_growth_yearly": 68.28
        },
        "20151": {
            "year_quarter": 20151,
            "year": 2015,
            "quarter": 1,
            "eps": 1.31,
            "eps_growth_year": -29.95,
            "eps_4q": 6.52,
            "eps_4q_growth_year": -3.03,
            "roe": 2.67,
            "roe_4q": 13.78,
            "gross_profit": 315140,
            "gross_margin": 35.42,
            "gross_margin_4q_avg": 35.25,
            "net_income": 111171,
            "net_income_4q": null,
            "revenue": 889674,
            "revenue_4q": null,
            "common_shares": 861721,
            "book_valuer_per_share": 49.43,
            "book_valuer_per_share_4q_avg": 46.8,
            "equity": 4240639,
            "current_ratio": 335.73,
            "debt_ratio": 24.47,
            "inventory_turnover_ratio": 1,
            "account_receivable_turnover_ratio": 1.01,
            "reinvestment_rate": 5.77,
            "research_to_sale_ratio": 10.87,
            "price_fair": 90.73,
            "eps_avg_yearly": 7.2,
            "eps_latest_yearly": 5.24,
            "eps_growth_yearly": 2.6
        },
        "20152": {
            "year_quarter": 20152,
            "year": 2015,
            "quarter": 2,
            "eps": 0.76,
            "eps_growth_year": -45.32,
            "eps_4q": 5.9,
            "eps_4q_growth_year": -8.65,
            "roe": 1.61,
            "roe_4q": 12.46,
            "gross_profit": 279417,
            "gross_margin": 33.78,
            "gross_margin_4q_avg": 34.58,
            "net_income": 63987,
            "net_income_4q": null,
            "revenue": 827251,
            "revenue_4q": null,
            "common_shares": 861721,
            "book_valuer_per_share": 42.98,
            "book_valuer_per_share_4q_avg": 46.58,
            "equity": 3686213,
            "current_ratio": 245.99,
            "debt_ratio": 33.15,
            "inventory_turnover_ratio": 0.94,
            "account_receivable_turnover_ratio": 0.99,
            "reinvestment_rate": 4.2,
            "research_to_sale_ratio": 10.88,
            "price_fair": 69.98,
            "eps_avg_yearly": 7,
            "eps_latest_yearly": 3.04,
            "eps_growth_yearly": 0.07
        },
        "20153": {
            "year_quarter": 20153,
            "year": 2015,
            "quarter": 3,
            "eps": 1.77,
            "eps_growth_year": -18.06,
            "eps_4q": 5.5,
            "eps_4q_growth_year": -19.16,
            "roe": 4.03,
            "roe_4q": 11.77,
            "gross_profit": 313662,
            "gross_margin": 35.77,
            "gross_margin_4q_avg": 34.63,
            "net_income": 150515,
            "net_income_4q": null,
            "revenue": 876967,
            "revenue_4q": null,
            "common_shares": 861721,
            "book_valuer_per_share": 44.22,
            "book_valuer_per_share_4q_avg": 46.11,
            "equity": 3791865,
            "current_ratio": 292.35,
            "debt_ratio": 27.8,
            "inventory_turnover_ratio": 1.01,
            "account_receivable_turnover_ratio": 1.01,
            "reinvestment_rate": 4.11,
            "research_to_sale_ratio": 12.08,
            "price_fair": 207.41,
            "eps_avg_yearly": 6.84,
            "eps_latest_yearly": 7.08,
            "eps_growth_yearly": 20.32
        },
        "20154": {
            "year_quarter": 20154,
            "year": 2015,
            "quarter": 4,
            "eps": 1.23,
            "eps_growth_year": -26.42,
            "eps_4q": 5.06,
            "eps_4q_growth_year": -28.59,
            "roe": 2.72,
            "roe_4q": 11.03,
            "gross_profit": 297333,
            "gross_margin": 33.81,
            "gross_margin_4q_avg": 34.7,
            "net_income": 105059,
            "net_income_4q": null,
            "revenue": 879432,
            "revenue_4q": null,
            "common_shares": 861721,
            "book_valuer_per_share": 45.95,
            "book_valuer_per_share_4q_avg": 45.65,
            "equity": 3940226,
            "current_ratio": 311.14,
            "debt_ratio": 26.33,
            "inventory_turnover_ratio": 1.09,
            "account_receivable_turnover_ratio": 0.96,
            "reinvestment_rate": 2.07,
            "research_to_sale_ratio": 11.25,
            "price_fair": 192.33,
            "eps_avg_yearly": 6.69,
            "eps_latest_yearly": 4.92,
            "eps_growth_yearly": 18.74
        },
        "20161": {
            "year_quarter": 20161,
            "year": 2016,
            "quarter": 1,
            "eps": 1.01,
            "eps_growth_year": -22.9,
            "eps_4q": 4.76,
            "eps_4q_growth_year": -26.97,
            "roe": 2.17,
            "roe_4q": 10.530000000000001,
            "gross_profit": 303906,
            "gross_margin": 35.91,
            "gross_margin_4q_avg": 34.82,
            "net_income": 86538,
            "net_income_4q": null,
            "revenue": 846382,
            "revenue_4q": null,
            "common_shares": 861721,
            "book_valuer_per_share": 46.94,
            "book_valuer_per_share_4q_avg": 45.02,
            "equity": 4024806,
            "current_ratio": 308.11,
            "debt_ratio": 26.71,
            "inventory_turnover_ratio": 0.9,
            "account_receivable_turnover_ratio": 0.85,
            "reinvestment_rate": -7.3,
            "research_to_sale_ratio": 11.71,
            "price_fair": 175.71,
            "eps_avg_yearly": 6.54,
            "eps_latest_yearly": 4.04,
            "eps_growth_yearly": 16.88
        },
        "20162": {
            "year_quarter": 20162,
            "year": 2016,
            "quarter": 2,
            "eps": 0.96,
            "eps_growth_year": 26.32,
            "eps_4q": 4.97,
            "eps_4q_growth_year": -15.75,
            "roe": 2.15,
            "roe_4q": 11.07,
            "gross_profit": 287291,
            "gross_margin": 33.39,
            "gross_margin_4q_avg": 34.72,
            "net_income": 82649,
            "net_income_4q": null,
            "revenue": 860362,
            "revenue_4q": null,
            "common_shares": 861721,
            "book_valuer_per_share": 42.93,
            "book_valuer_per_share_4q_avg": 45.01,
            "equity": 3680927,
            "current_ratio": 243.85,
            "debt_ratio": 33.76,
            "inventory_turnover_ratio": 0.87,
            "account_receivable_turnover_ratio": 0.77,
            "reinvestment_rate": 0.52,
            "research_to_sale_ratio": 10.87,
            "price_fair": 79.55,
            "eps_avg_yearly": 6.16,
            "eps_latest_yearly": 3.84,
            "eps_growth_yearly": 2.91
        },
        "20163": {
            "year_quarter": 20163,
            "year": 2016,
            "quarter": 3,
            "eps": 1.17,
            "eps_growth_year": -33.9,
            "eps_4q": 4.37,
            "eps_4q_growth_year": -20.62,
            "roe": 2.66,
            "roe_4q": 9.700000000000001,
            "gross_profit": 315189,
            "gross_margin": 32.93,
            "gross_margin_4q_avg": 34.01,
            "net_income": 99986,
            "net_income_4q": null,
            "revenue": 957241,
            "revenue_4q": null,
            "common_shares": 861721,
            "book_valuer_per_share": 44.67,
            "book_valuer_per_share_4q_avg": 45.12,
            "equity": 3829233,
            "current_ratio": 287.88,
            "debt_ratio": 28.46,
            "inventory_turnover_ratio": 1.03,
            "account_receivable_turnover_ratio": 0.77,
            "reinvestment_rate": -1.15,
            "research_to_sale_ratio": 10.68,
            "price_fair": 107.33,
            "eps_avg_yearly": 5.84,
            "eps_latest_yearly": 4.68,
            "eps_growth_yearly": 8.38
        },
        "20164": {
            "year_quarter": 20164,
            "year": 2016,
            "quarter": 4,
            "eps": 1.53,
            "eps_growth_year": 24.59,
            "eps_4q": 4.67,
            "eps_4q_growth_year": -7.75,
            "roe": 3.36,
            "roe_4q": 10.34,
            "gross_profit": 321442,
            "gross_margin": 31.76,
            "gross_margin_4q_avg": 33.5,
            "net_income": 131142,
            "net_income_4q": null,
            "revenue": 1011959,
            "revenue_4q": null,
            "common_shares": 861721,
            "book_valuer_per_share": 46.49,
            "book_valuer_per_share_4q_avg": 45.26,
            "equity": 3985513,
            "current_ratio": 277.67,
            "debt_ratio": 30.85,
            "inventory_turnover_ratio": 1.06,
            "account_receivable_turnover_ratio": 0.75,
            "reinvestment_rate": 0.21,
            "research_to_sale_ratio": 12.36,
            "price_fair": 193.9,
            "eps_avg_yearly": 5.79,
            "eps_latest_yearly": 6.12,
            "eps_growth_yearly": 23.49
        },
        "20171": {
            "year_quarter": 20171,
            "year": 2017,
            "quarter": 1,
            "eps": 1.01,
            "eps_growth_year": 0,
            "eps_4q": 4.67,
            "eps_4q_growth_year": -2.02,
            "roe": 2.15,
            "roe_4q": 10.32,
            "gross_profit": 287657,
            "gross_margin": 31.96,
            "gross_margin_4q_avg": 32.51,
            "net_income": 86367,
            "net_income_4q": null,
            "revenue": 900132,
            "revenue_4q": null,
            "common_shares": 861721,
            "book_valuer_per_share": 47.25,
            "book_valuer_per_share_4q_avg": 45.34,
            "equity": 4050545,
            "current_ratio": 313.42,
            "debt_ratio": 27.29,
            "inventory_turnover_ratio": 0.85,
            "account_receivable_turnover_ratio": 0.7,
            "reinvestment_rate": -6.94,
            "research_to_sale_ratio": 12.13,
            "price_fair": 163.15,
            "eps_avg_yearly": 5.68,
            "eps_latest_yearly": 4.04,
            "eps_growth_yearly": 18.75
        },
        "20172": {
            "year_quarter": 20172,
            "year": 2017,
            "quarter": 2,
            "eps": 0.92,
            "eps_growth_year": -4.17,
            "eps_4q": 4.63,
            "eps_4q_growth_year": -6.87,
            "roe": 2.04,
            "roe_4q": 10.209999999999999,
            "gross_profit": 267546,
            "gross_margin": 29.71,
            "gross_margin_4q_avg": 31.59,
            "net_income": 79132,
            "net_income_4q": null,
            "revenue": 900511,
            "revenue_4q": null,
            "common_shares": 861721,
            "book_valuer_per_share": 43.14,
            "book_valuer_per_share_4q_avg": 45.39,
            "equity": 3698631,
            "current_ratio": 248.6,
            "debt_ratio": 34.11,
            "inventory_turnover_ratio": 0.84,
            "account_receivable_turnover_ratio": 0.75,
            "reinvestment_rate": -6.82,
            "research_to_sale_ratio": 10.84,
            "price_fair": 127.86,
            "eps_avg_yearly": 5.49,
            "eps_latest_yearly": 3.68,
            "eps_growth_yearly": 13.29
        },
        "20173": {
            "year_quarter": 20173,
            "year": 2017,
            "quarter": 3,
            "eps": 1.13,
            "eps_growth_year": -3.42,
            "eps_4q": 4.59,
            "eps_4q_growth_year": 5.2,
            "roe": 2.59,
            "roe_4q": 10.139999999999999,
            "gross_profit": 323090,
            "gross_margin": 29.53,
            "gross_margin_4q_avg": 30.74,
            "net_income": 97257,
            "net_income_4q": null,
            "revenue": 1093953,
            "revenue_4q": null,
            "common_shares": 861721,
            "book_valuer_per_share": 44.36,
            "book_valuer_per_share_4q_avg": 45.31,
            "equity": 3802886,
            "current_ratio": 282.77,
            "debt_ratio": 30,
            "inventory_turnover_ratio": 0.99,
            "account_receivable_turnover_ratio": 0.88,
            "reinvestment_rate": -13.37,
            "research_to_sale_ratio": 10.3,
            "price_fair": 142.24,
            "eps_avg_yearly": 5.32,
            "eps_latest_yearly": 4.52,
            "eps_growth_yearly": 16.74
        },
        "20174": {
            "year_quarter": 20174,
            "year": 2017,
            "quarter": 4,
            "eps": 0.64,
            "eps_growth_year": -58.48,
            "eps_4q": 3.7,
            "eps_4q_growth_year": -20.76,
            "roe": 1.42,
            "roe_4q": 8.2,
            "gross_profit": 314584,
            "gross_margin": 30.16,
            "gross_margin_4q_avg": 30.34,
            "net_income": 54446,
            "net_income_4q": null,
            "revenue": 1043099,
            "revenue_4q": null,
            "common_shares": 861721,
            "book_valuer_per_share": 44.97,
            "book_valuer_per_share_4q_avg": 44.93,
            "equity": 3855295,
            "current_ratio": 326.54,
            "debt_ratio": 26.34,
            "inventory_turnover_ratio": 0.99,
            "account_receivable_turnover_ratio": 0.83,
            "reinvestment_rate": -16.18,
            "research_to_sale_ratio": 11.47,
            "price_fair": 111.37,
            "eps_avg_yearly": 5.13,
            "eps_latest_yearly": 2.56,
            "eps_growth_yearly": 11.7
        },
        "20181": {
            "year_quarter": 20181,
            "year": 2018,
            "quarter": 1,
            "eps": 0.52,
            "eps_growth_year": -48.51,
            "eps_4q": 3.21,
            "eps_4q_growth_year": -31.27,
            "roe": 1.14,
            "roe_4q": 7.1899999999999995,
            "gross_profit": 295330,
            "gross_margin": 29.85,
            "gross_margin_4q_avg": 29.81,
            "net_income": 44167,
            "net_income_4q": null,
            "revenue": 989375,
            "revenue_4q": null,
            "common_shares": 861721,
            "book_valuer_per_share": 45.49,
            "book_valuer_per_share_4q_avg": 44.49,
            "equity": 3899951,
            "current_ratio": 322.03,
            "debt_ratio": 26.52,
            "inventory_turnover_ratio": 1.04,
            "account_receivable_turnover_ratio": 0.87,
            "reinvestment_rate": -11.82,
            "research_to_sale_ratio": 11.87,
            "price_fair": 14.39,
            "eps_avg_yearly": 4.8,
            "eps_latest_yearly": 2.08,
            "eps_growth_yearly": -1.62
        },
        "20182": {
            "year_quarter": 20182,
            "year": 2018,
            "quarter": 2,
            "eps": 1.48,
            "eps_growth_year": 60.87,
            "eps_4q": 3.77,
            "eps_4q_growth_year": -18.53,
            "roe": 3.37,
            "roe_4q": 8.52,
            "gross_profit": 324601,
            "gross_margin": 30.76,
            "gross_margin_4q_avg": 30.08,
            "net_income": 127278,
            "net_income_4q": null,
            "revenue": 1055266,
            "revenue_4q": null,
            "common_shares": 861721,
            "book_valuer_per_share": 42.59,
            "book_valuer_per_share_4q_avg": 44.35,
            "equity": 3650906,
            "current_ratio": 237.63,
            "debt_ratio": 35.43,
            "inventory_turnover_ratio": 1.06,
            "account_receivable_turnover_ratio": 0.96,
            "reinvestment_rate": -12.27,
            "research_to_sale_ratio": 11.65,
            "price_fair": 168.61,
            "eps_avg_yearly": 4.82,
            "eps_latest_yearly": 5.92,
            "eps_growth_yearly": 50.95
        },
        "20183": {
            "year_quarter": 20183,
            "year": 2018,
            "quarter": 3,
            "eps": 2.12,
            "eps_growth_year": 87.61,
            "eps_4q": 4.76,
            "eps_4q_growth_year": 3.51,
            "roe": 4.9,
            "roe_4q": 10.83,
            "gross_profit": 419532,
            "gross_margin": 32.96,
            "gross_margin_4q_avg": 30.93,
            "net_income": 181825,
            "net_income_4q": null,
            "revenue": 1272987,
            "revenue_4q": null,
            "common_shares": 861721,
            "book_valuer_per_share": 43.98,
            "book_valuer_per_share_4q_avg": 44.26,
            "equity": 3770619,
            "current_ratio": 272.75,
            "debt_ratio": 31.05,
            "inventory_turnover_ratio": 1.17,
            "account_receivable_turnover_ratio": 1.07,
            "reinvestment_rate": -12.03,
            "research_to_sale_ratio": 8.66,
            "price_fair": 168.26,
            "eps_avg_yearly": 4.81,
            "eps_latest_yearly": 8.48,
            "eps_growth_yearly": 47.91
        },
        "20184": {
            "year_quarter": 20184,
            "year": 2018,
            "quarter": 4,
            "eps": 1.41,
            "eps_growth_year": 121.49,
            "eps_4q": 5.53,
            "eps_4q_growth_year": 49.39,
            "roe": 3.13,
            "roe_4q": 12.540000000000003,
            "gross_profit": 374659,
            "gross_margin": 32.64,
            "gross_margin_4q_avg": 31.55,
            "net_income": 120594,
            "net_income_4q": null,
            "revenue": 1147923,
            "revenue_4q": null,
            "common_shares": 861721,
            "book_valuer_per_share": 45.91,
            "book_valuer_per_share_4q_avg": 44.49,
            "equity": 3935867,
            "current_ratio": 202.08,
            "debt_ratio": 29.12,
            "inventory_turnover_ratio": 1.03,
            "account_receivable_turnover_ratio": 0.93,
            "reinvestment_rate": -11.09,
            "research_to_sale_ratio": 9.54,
            "price_fair": 165.99,
            "eps_avg_yearly": 4.74,
            "eps_latest_yearly": 5.64,
            "eps_growth_yearly": 45.21
        },
        "20191": {
            "year_quarter": 20191,
            "year": 2019,
            "quarter": 1,
            "eps": 1.67,
            "eps_growth_year": 221.15,
            "eps_4q": 6.69,
            "eps_4q_growth_year": 108.45,
            "roe": 3.62,
            "roe_4q": 15.02,
            "gross_profit": 396862,
            "gross_margin": 35.41,
            "gross_margin_4q_avg": 32.94,
            "net_income": 143539,
            "net_income_4q": null,
            "revenue": 1120677,
            "revenue_4q": null,
            "common_shares": 861721,
            "book_valuer_per_share": 46.65,
            "book_valuer_per_share_4q_avg": 44.78,
            "equity": 3999105,
            "current_ratio": 254.22,
            "debt_ratio": 29.45,
            "inventory_turnover_ratio": 0.96,
            "account_receivable_turnover_ratio": 0.94,
            "reinvestment_rate": -11.79,
            "research_to_sale_ratio": 10.13,
            "price_fair": 169.14,
            "eps_avg_yearly": 4.83,
            "eps_latest_yearly": 6.68,
            "eps_growth_yearly": 55.21
        },
        "20192": {
            "year_quarter": 20192,
            "year": 2019,
            "quarter": 2,
            "eps": 2.39,
            "eps_growth_year": 61.49,
            "eps_4q": 7.59,
            "eps_4q_growth_year": 101.24,
            "roe": 4.8,
            "roe_4q": 16.450000000000003,
            "gross_profit": 488180,
            "gross_margin": 37.23,
            "gross_margin_4q_avg": 34.56,
            "net_income": 202749,
            "net_income_4q": null,
            "revenue": 1311099,
            "revenue_4q": null,
            "common_shares": 861721,
            "book_valuer_per_share": 44.29,
            "book_valuer_per_share_4q_avg": 45.21,
            "equity": 4456754,
            "current_ratio": 226.46,
            "debt_ratio": 34.34,
            "inventory_turnover_ratio": 1.02,
            "account_receivable_turnover_ratio": 0.99,
            "reinvestment_rate": 22.79,
            "research_to_sale_ratio": 10.52,
            "price_fair": 183.4,
            "eps_avg_yearly": 5.24,
            "eps_latest_yearly": 9.56,
            "eps_growth_yearly": 76.48
        },
        "20193": {
            "year_quarter": 20193,
            "year": 2019,
            "quarter": 3,
            "eps": 2.5,
            "eps_growth_year": 17.92,
            "eps_4q": 7.96,
            "eps_4q_growth_year": 67.4,
            "roe": 4.73,
            "roe_4q": 16.28,
            "gross_profit": 597048,
            "gross_margin": 36.54,
            "gross_margin_4q_avg": 35.46,
            "net_income": 215880,
            "net_income_4q": null,
            "revenue": 1634082,
            "revenue_4q": null,
            "common_shares": 861721,
            "book_valuer_per_share": 46.79,
            "book_valuer_per_share_4q_avg": 45.91,
            "equity": 4672816,
            "current_ratio": 252.3,
            "debt_ratio": 31.35,
            "inventory_turnover_ratio": 1.15,
            "account_receivable_turnover_ratio": 1.08,
            "reinvestment_rate": 21.38,
            "research_to_sale_ratio": 12.62,
            "price_fair": 189.79,
            "eps_avg_yearly": 5.42,
            "eps_latest_yearly": 10,
            "eps_growth_yearly": 44.41
        },
        "20194": {
            "year_quarter": 20194,
            "year": 2019,
            "quarter": 4,
            "eps": 2.19,
            "eps_growth_year": 55.68,
            "eps_4q": 8.74,
            "eps_4q_growth_year": 58.2,
            "roe": 3.84,
            "roe_4q": 16.990000000000002,
            "gross_profit": 563732,
            "gross_margin": 35.08,
            "gross_margin_4q_avg": 36.07,
            "net_income": 184533,
            "net_income_4q": null,
            "revenue": 1606820,
            "revenue_4q": null,
            "common_shares": 861721,
            "book_valuer_per_share": 48.94,
            "book_valuer_per_share_4q_avg": 46.67,
            "equity": 4927788,
            "current_ratio": 255.08,
            "debt_ratio": 30.86,
            "inventory_turnover_ratio": 1.14,
            "account_receivable_turnover_ratio": 1.09,
            "reinvestment_rate": 28.68,
            "research_to_sale_ratio": 12.74,
            "price_fair": 198.19,
            "eps_avg_yearly": 5.66,
            "eps_latest_yearly": 8.76,
            "eps_growth_yearly": 48.94
        },
        "20201": {
            "year_quarter": 20201,
            "year": 2020,
            "quarter": 1,
            "eps": 2.73,
            "eps_growth_year": 63.47,
            "eps_4q": 9.8,
            "eps_4q_growth_year": 46.56,
            "roe": 4.83,
            "roe_4q": 18.2,
            "gross_profit": 603402,
            "gross_margin": 37.2,
            "gross_margin_4q_avg": 36.51,
            "net_income": 242475,
            "net_income_4q": null,
            "revenue": 1621896,
            "revenue_4q": null,
            "common_shares": 861721,
            "book_valuer_per_share": 51.47,
            "book_valuer_per_share_4q_avg": 47.87,
            "equity": 5115104,
            "current_ratio": 275.51,
            "debt_ratio": 28.98,
            "inventory_turnover_ratio": 1.13,
            "account_receivable_turnover_ratio": 1.14,
            "reinvestment_rate": 26.51,
            "research_to_sale_ratio": 12.44,
            "price_fair": 213.24,
            "eps_avg_yearly": 6.09,
            "eps_latest_yearly": 10.92,
            "eps_growth_yearly": 59.57
        },
        "20202": {
            "year_quarter": 20202,
            "year": 2020,
            "quarter": 2,
            "eps": 2.73,
            "eps_growth_year": 14.23,
            "eps_4q": 10.15,
            "eps_4q_growth_year": 33.81,
            "roe": 4.86,
            "roe_4q": 18.26,
            "gross_profit": 646267,
            "gross_margin": 37.6,
            "gross_margin_4q_avg": 36.61,
            "net_income": 238872,
            "net_income_4q": null,
            "revenue": 1718930,
            "revenue_4q": null,
            "common_shares": 861721,
            "book_valuer_per_share": 46.75,
            "book_valuer_per_share_4q_avg": 48.49,
            "equity": 4717191,
            "current_ratio": 204.03,
            "debt_ratio": 38.61,
            "inventory_turnover_ratio": 1.12,
            "account_receivable_turnover_ratio": 1.18,
            "reinvestment_rate": 25.31,
            "research_to_sale_ratio": 12.45,
            "price_fair": 228.73,
            "eps_avg_yearly": 6.54,
            "eps_latest_yearly": 10.92,
            "eps_growth_yearly": 60.81
        },
        "20203": {
            "year_quarter": 20203,
            "year": 2020,
            "quarter": 3,
            "eps": 3.55,
            "eps_growth_year": 42,
            "eps_4q": 11.2,
            "eps_4q_growth_year": 40.7,
            "roe": 6.64,
            "roe_4q": 20.169999999999998,
            "gross_profit": 784970,
            "gross_margin": 38.01,
            "gross_margin_4q_avg": 36.97,
            "net_income": 320805,
            "net_income_4q": null,
            "revenue": 2065359,
            "revenue_4q": null,
            "common_shares": 861721,
            "book_valuer_per_share": 50.34,
            "book_valuer_per_share_4q_avg": 49.38,
            "equity": 4949884,
            "current_ratio": 239.59,
            "debt_ratio": 33.06,
            "inventory_turnover_ratio": 1.28,
            "account_receivable_turnover_ratio": 1.34,
            "reinvestment_rate": 24.96,
            "research_to_sale_ratio": 11.71,
            "price_fair": 249.55,
            "eps_avg_yearly": 7.13,
            "eps_latest_yearly": 14.2,
            "eps_growth_yearly": 62.85
        },
        "20204": {
            "year_quarter": 20204,
            "year": 2020,
            "quarter": 4,
            "eps": 3.23,
            "eps_growth_year": 47.54,
            "eps_4q": 12.24,
            "eps_4q_growth_year": 40.01,
            "roe": 5.82,
            "roe_4q": 22.15,
            "gross_profit": 763493,
            "gross_margin": 38.14,
            "gross_margin_4q_avg": 37.74,
            "net_income": 295296,
            "net_income_4q": null,
            "revenue": 2001614,
            "revenue_4q": null,
            "common_shares": 861721,
            "book_valuer_per_share": 53.13,
            "book_valuer_per_share_4q_avg": 50.42,
            "equity": 5205165,
            "current_ratio": 240.98,
            "debt_ratio": 33.29,
            "inventory_turnover_ratio": 1.2,
            "account_receivable_turnover_ratio": 1.21,
            "reinvestment_rate": 23.88,
            "research_to_sale_ratio": 12.28,
            "price_fair": 264.43,
            "eps_avg_yearly": 7.56,
            "eps_latest_yearly": 12.92,
            "eps_growth_yearly": 52.9
        },
        "20211": {
            "year_quarter": 20211,
            "year": 2021,
            "quarter": 1,
            "eps": 4.66,
            "eps_growth_year": 70.7,
            "eps_4q": 14.17,
            "eps_4q_growth_year": 44.59,
            "roe": 7.79,
            "roe_4q": 25.11,
            "gross_profit": 912262,
            "gross_margin": 41.76,
            "gross_margin_4q_avg": 38.88,
            "net_income": 424204,
            "net_income_4q": null,
            "revenue": 2184369,
            "revenue_4q": null,
            "common_shares": 861721,
            "book_valuer_per_share": 58.27,
            "book_valuer_per_share_4q_avg": 52.12,
            "equity": 5681186,
            "current_ratio": 251.61,
            "debt_ratio": 32.57,
            "inventory_turnover_ratio": 1.15,
            "account_receivable_turnover_ratio": 1.24,
            "reinvestment_rate": 21.15,
            "research_to_sale_ratio": 10.67,
            "price_fair": 296.36,
            "eps_avg_yearly": 8.47,
            "eps_latest_yearly": 18.64,
            "eps_growth_yearly": 72.47
        },
        "20212": {
            "year_quarter": 20212,
            "year": 2021,
            "quarter": 2,
            "eps": 6.11,
            "eps_growth_year": 123.81,
            "eps_4q": 17.55,
            "eps_4q_growth_year": 72.86,
            "roe": 9.17,
            "roe_4q": 29.42,
            "gross_profit": 1134609,
            "gross_margin": 47.67,
            "gross_margin_4q_avg": 41.4,
            "net_income": 548976,
            "net_income_4q": null,
            "revenue": 2380188,
            "revenue_4q": null,
            "common_shares": 861721,
            "book_valuer_per_share": 65.25,
            "book_valuer_per_share_4q_avg": 56.75,
            "equity": 6295189,
            "current_ratio": 250.43,
            "debt_ratio": 33.3,
            "inventory_turnover_ratio": 1.03,
            "account_receivable_turnover_ratio": 1.24,
            "reinvestment_rate": 17.98,
            "research_to_sale_ratio": 11.3,
            "price_fair": 341.78,
            "eps_avg_yearly": 9.77,
            "eps_latest_yearly": 24.44,
            "eps_growth_yearly": 82.48
        },
        "20213": {
            "year_quarter": 20213,
            "year": 2021,
            "quarter": 3,
            "eps": 7.89,
            "eps_growth_year": 122.25,
            "eps_4q": 21.89,
            "eps_4q_growth_year": 95.41,
            "roe": 11.42,
            "roe_4q": 34.2,
            "gross_profit": 1308244,
            "gross_margin": 51.98,
            "gross_margin_4q_avg": 44.89,
            "net_income": 713704,
            "net_income_4q": null,
            "revenue": 2516665,
            "revenue_4q": null,
            "common_shares": 861721,
            "book_valuer_per_share": 63.76,
            "book_valuer_per_share_4q_avg": 60.1,
            "equity": 6206489,
            "current_ratio": 229.42,
            "debt_ratio": 35.02,
            "inventory_turnover_ratio": 0.83,
            "account_receivable_turnover_ratio": 1.22,
            "reinvestment_rate": 15.14,
            "research_to_sale_ratio": 11.23,
            "price_fair": 400.93,
            "eps_avg_yearly": 11.46,
            "eps_latest_yearly": 31.56,
            "eps_growth_yearly": 84.05
        },
        "20214": {
            "year_quarter": 20214,
            "year": 2021,
            "quarter": 4,
            "eps": 6.79,
            "eps_growth_year": 110.11,
            "eps_4q": 25.45,
            "eps_4q_growth_year": 107.85,
            "roe": 9.25,
            "roe_4q": 37.63,
            "gross_profit": 1194811,
            "gross_margin": 51.19,
            "gross_margin_4q_avg": 48.15,
            "net_income": 603631,
            "net_income_4q": null,
            "revenue": 2333947,
            "revenue_4q": null,
            "common_shares": 861721,
            "book_valuer_per_share": 70.8,
            "book_valuer_per_share_4q_avg": 64.52,
            "equity": 6838957,
            "current_ratio": 246.04,
            "debt_ratio": 32.9,
            "inventory_turnover_ratio": 0.61,
            "account_receivable_turnover_ratio": 1.09,
            "reinvestment_rate": 14.75,
            "research_to_sale_ratio": 11.79,
            "price_fair": 454.74,
            "eps_avg_yearly": 12.99,
            "eps_latest_yearly": 27.16,
            "eps_growth_yearly": 91.41
        },
        "20221": {
            "year_quarter": 20221,
            "year": 2022,
            "quarter": 1,
            "eps": 8.02,
            "eps_growth_year": 72.1,
            "eps_4q": 28.81,
            "eps_4q_growth_year": 103.36,
            "roe": 9.94,
            "roe_4q": 39.78,
            "gross_profit": 1240588,
            "gross_margin": 48.84,
            "gross_margin_4q_avg": 49.92,
            "net_income": 713834,
            "net_income_4q": null,
            "revenue": 2540243,
            "revenue_4q": null,
            "common_shares": 861721,
            "book_valuer_per_share": 78.71,
            "book_valuer_per_share_4q_avg": 69.63,
            "equity": 7530926,
            "current_ratio": 264.49,
            "debt_ratio": 31.13,
            "inventory_turnover_ratio": 0.59,
            "account_receivable_turnover_ratio": 1.12,
            "reinvestment_rate": 14.25,
            "research_to_sale_ratio": 11.57,
            "price_fair": 520.36,
            "eps_avg_yearly": 14.87,
            "eps_latest_yearly": 32.08,
            "eps_growth_yearly": 100.62
        },
        "20222": {
            "year_quarter": 20222,
            "year": 2022,
            "quarter": 2,
            "eps": 7.47,
            "eps_growth_year": 22.26,
            "eps_4q": 30.17,
            "eps_4q_growth_year": 71.96,
            "roe": 9.4,
            "roe_4q": 40.01,
            "gross_profit": 1157592,
            "gross_margin": 48.64,
            "gross_margin_4q_avg": 50.16,
            "net_income": 666814,
            "net_income_4q": null,
            "revenue": 2380007,
            "revenue_4q": null,
            "common_shares": 861721,
            "book_valuer_per_share": 69.21,
            "book_valuer_per_share_4q_avg": 70.62,
            "equity": 6657611,
            "current_ratio": 198.19,
            "debt_ratio": 41.62,
            "inventory_turnover_ratio": 0.49,
            "account_receivable_turnover_ratio": 1.06,
            "reinvestment_rate": 12.93,
            "research_to_sale_ratio": 11.94,
            "price_fair": 572.78,
            "eps_avg_yearly": 16.37,
            "eps_latest_yearly": 29.88,
            "eps_growth_yearly": 52.76
        },
        "20223": {
            "year_quarter": 20223,
            "year": 2022,
            "quarter": 3,
            "eps": 5.2,
            "eps_growth_year": -34.09,
            "eps_4q": 27.47,
            "eps_4q_growth_year": 25.52,
            "roe": 6.61,
            "roe_4q": 35.2,
            "gross_profit": 789797,
            "gross_margin": 44.2,
            "gross_margin_4q_avg": 48.22,
            "net_income": 453629,
            "net_income_4q": null,
            "revenue": 1787064,
            "revenue_4q": null,
            "common_shares": 861721,
            "book_valuer_per_share": 73.96,
            "book_valuer_per_share_4q_avg": 73.17,
            "equity": 7064455,
            "current_ratio": 369.51,
            "debt_ratio": 22.33,
            "inventory_turnover_ratio": 0.35,
            "account_receivable_turnover_ratio": 0.94,
            "reinvestment_rate": 12.39,
            "research_to_sale_ratio": 14.7,
            "price_fair": 599.73,
            "eps_avg_yearly": 17.14,
            "eps_latest_yearly": 20.8,
            "eps_growth_yearly": 34.35
        },
        "20224": {
            "year_quarter": 20224,
            "year": 2022,
            "quarter": 4,
            "eps": 1.77,
            "eps_growth_year": -73.85,
            "eps_4q": 22.46,
            "eps_4q_growth_year": -11.73,
            "roe": 1.94,
            "roe_4q": 27.89,
            "gross_profit": 602405,
            "gross_margin": 35.17,
            "gross_margin_4q_avg": 44.21,
            "net_income": 138482,
            "net_income_4q": null,
            "revenue": 1712766,
            "revenue_4q": null,
            "common_shares": 861721,
            "book_valuer_per_share": 76.14,
            "book_valuer_per_share_4q_avg": 74.51,
            "equity": 7238935,
            "current_ratio": 396.79,
            "debt_ratio": 20.73,
            "inventory_turnover_ratio": 0.41,
            "account_receivable_turnover_ratio": 1.12,
            "reinvestment_rate": 12.31,
            "research_to_sale_ratio": 11.68,
            "price_fair": 602.88,
            "eps_avg_yearly": 17.23,
            "eps_latest_yearly": 7.08,
            "eps_growth_yearly": 26.23
        },
        "20231": {
            "year_quarter": 20231,
            "year": 2023,
            "quarter": 1,
            "eps": 2.97,
            "eps_growth_year": -62.97,
            "eps_4q": 17.41,
            "eps_4q_growth_year": -39.58,
            "roe": 3.56,
            "roe_4q": 21.509999999999998,
            "gross_profit": 683473,
            "gross_margin": 38.45,
            "gross_margin_4q_avg": 41.62,
            "net_income": 241527,
            "net_income_4q": null,
            "revenue": 1777670,
            "revenue_4q": null,
            "common_shares": 861721,
            "book_valuer_per_share": 65.39,
            "book_valuer_per_share_4q_avg": 71.18,
            "equity": 6319232,
            "current_ratio": 239.65,
            "debt_ratio": 33.28,
            "inventory_turnover_ratio": 0.48,
            "account_receivable_turnover_ratio": 1.22,
            "reinvestment_rate": 11.84,
            "research_to_sale_ratio": 13.53,
            "price_fair": 614.25,
            "eps_avg_yearly": 17.55,
            "eps_latest_yearly": 11.88,
            "eps_growth_yearly": 38.57
        },
        "20232": {
            "year_quarter": 20232,
            "year": 2023,
            "quarter": 2,
            "eps": 4.9,
            "eps_growth_year": -34.4,
            "eps_4q": 14.84,
            "eps_4q_growth_year": -50.81,
            "roe": 6.29,
            "roe_4q": 18.4,
            "gross_profit": 831996,
            "gross_margin": 39.95,
            "gross_margin_4q_avg": 39.44,
            "net_income": 428398,
            "net_income_4q": null,
            "revenue": 2082823,
            "revenue_4q": null,
            "common_shares": 861721,
            "book_valuer_per_share": 74.14,
            "book_valuer_per_share_4q_avg": 72.41,
            "equity": 7308868,
            "current_ratio": 239.63,
            "debt_ratio": 32.97,
            "inventory_turnover_ratio": 0.64,
            "account_receivable_turnover_ratio": 1.25,
            "reinvestment_rate": 1.81,
            "research_to_sale_ratio": 11.96,
            "price_fair": 636.21,
            "eps_avg_yearly": 18.18,
            "eps_latest_yearly": 19.6,
            "eps_growth_yearly": 44.04
        },
        "20233": {
            "year_quarter": 20233,
            "year": 2023,
            "quarter": 3,
            "eps": 6.09,
            "eps_growth_year": 17.12,
            "eps_4q": 15.73,
            "eps_4q_growth_year": -42.74,
            "roe": 6.96,
            "roe_4q": 18.75,
            "gross_profit": 920057,
            "gross_margin": 41.03,
            "gross_margin_4q_avg": 38.65,
            "net_income": 525047,
            "net_income_4q": null,
            "revenue": 2242299,
            "revenue_4q": null,
            "common_shares": 861721,
            "book_valuer_per_share": 79.84,
            "book_valuer_per_share_4q_avg": 73.88,
            "equity": 7771284,
            "current_ratio": 369.99,
            "debt_ratio": 21.92,
            "inventory_turnover_ratio": 0.77,
            "account_receivable_turnover_ratio": 1.22,
            "reinvestment_rate": 1.81,
            "research_to_sale_ratio": 12.83,
            "price_fair": 667.63,
            "eps_avg_yearly": 19.08,
            "eps_latest_yearly": 24.36,
            "eps_growth_yearly": 48.96
        }
    },
    "months": {
        "2003-09": {
            "month": "2003-09",
            "price": "23.50",
            "revenue": 53516
        },
        "2003-10": {
            "month": "2003-10",
            "price": "23.25",
            "revenue": 58957
        },
        "2003-11": {
            "month": "2003-11",
            "price": "30.50",
            "revenue": 52205
        },
        "2003-12": {
            "month": "2003-12",
            "price": "31.06",
            "revenue": 53602
        },
        "2004-01": {
            "month": "2004-01",
            "price": "32.83",
            "revenue": 52122
        },
        "2004-02": {
            "month": "2004-02",
            "price": "35.60",
            "revenue": 47264
        },
        "2004-03": {
            "month": "2004-03",
            "price": "45.94",
            "revenue": 59646
        },
        "2004-04": {
            "month": "2004-04",
            "price": "50.32",
            "revenue": 62852
        },
        "2004-05": {
            "month": "2004-05",
            "price": "50.33",
            "revenue": 60866
        },
        "2004-07": {
            "month": "2004-07",
            "price": "40.28",
            "revenue": 50977
        },
        "2004-08": {
            "month": "2004-08",
            "price": "34.20",
            "revenue": 66216
        },
        "2004-09": {
            "month": "2004-09",
            "price": "33.86",
            "revenue": 98815
        },
        "2004-10": {
            "month": "2004-10",
            "price": "35.58",
            "revenue": 92994
        },
        "2004-11": {
            "month": "2004-11",
            "price": "33.06",
            "revenue": 98828
        },
        "2004-12": {
            "month": "2004-12",
            "price": "35.78",
            "revenue": 89712
        },
        "2005-01": {
            "month": "2005-01",
            "price": "37.73",
            "revenue": 117249
        },
        "2005-02": {
            "month": "2005-02",
            "price": "50.89",
            "revenue": 88971
        },
        "2005-03": {
            "month": "2005-03",
            "price": "81.66",
            "revenue": 139271
        },
        "2005-04": {
            "month": "2005-04",
            "price": "78.44",
            "revenue": 117966
        },
        "2005-05": {
            "month": "2005-05",
            "price": "68.45",
            "revenue": 104403
        },
        "2005-06": {
            "month": "2005-06",
            "price": "79.90",
            "revenue": 122923
        },
        "2005-07": {
            "month": "2005-07",
            "price": "87.85",
            "revenue": 141378
        },
        "2005-08": {
            "month": "2005-08",
            "price": "101.15",
            "revenue": 150911
        },
        "2005-09": {
            "month": "2005-09",
            "price": "100.70",
            "revenue": 167899
        },
        "2005-10": {
            "month": "2005-10",
            "price": "115.88",
            "revenue": 170649
        },
        "2005-11": {
            "month": "2005-11",
            "price": "148.91",
            "revenue": 155771
        },
        "2005-12": {
            "month": "2005-12",
            "price": "174.02",
            "revenue": 140458
        },
        "2006-01": {
            "month": "2006-01",
            "price": "192.61",
            "revenue": 136108
        },
        "2006-02": {
            "month": "2006-02",
            "price": "179.53",
            "revenue": 128604
        },
        "2006-03": {
            "month": "2006-03",
            "price": "231.28",
            "revenue": 134597
        },
        "2006-04": {
            "month": "2006-04",
            "price": "241.16",
            "revenue": 131288
        },
        "2006-05": {
            "month": "2006-05",
            "price": "233.02",
            "revenue": 117170
        },
        "2006-06": {
            "month": "2006-06",
            "price": "220.07",
            "revenue": 134501
        },
        "2006-07": {
            "month": "2006-07",
            "price": "194.76",
            "revenue": 143604
        },
        "2006-08": {
            "month": "2006-08",
            "price": "202.20",
            "revenue": 183214
        },
        "2006-09": {
            "month": "2006-09",
            "price": "237.19",
            "revenue": 209107
        },
        "2006-10": {
            "month": "2006-10",
            "price": "221.42",
            "revenue": 216147
        },
        "2006-11": {
            "month": "2006-11",
            "price": "222.57",
            "revenue": 186919
        },
        "2006-12": {
            "month": "2006-12",
            "price": "213.79",
            "revenue": 169008
        },
        "2007-01": {
            "month": "2007-01",
            "price": "245.50",
            "revenue": 217677
        },
        "2007-02": {
            "month": "2007-02",
            "price": "260.08",
            "revenue": 153403
        },
        "2007-03": {
            "month": "2007-03",
            "price": "268.02",
            "revenue": 219410
        },
        "2007-04": {
            "month": "2007-04",
            "price": "309.52",
            "revenue": 225353
        },
        "2007-05": {
            "month": "2007-05",
            "price": "341.05",
            "revenue": 200127
        },
        "2007-06": {
            "month": "2007-06",
            "price": "381.18",
            "revenue": 220160
        },
        "2007-07": {
            "month": "2007-07",
            "price": "395.70",
            "revenue": 243016
        },
        "2007-08": {
            "month": "2007-08",
            "price": "311.04",
            "revenue": 276026
        },
        "2007-09": {
            "month": "2007-09",
            "price": "248.28",
            "revenue": 311679
        },
        "2007-10": {
            "month": "2007-10",
            "price": "246.66",
            "revenue": 254331
        },
        "2007-11": {
            "month": "2007-11",
            "price": "221.55",
            "revenue": 246205
        },
        "2007-12": {
            "month": "2007-12",
            "price": "193.14",
            "revenue": 232342
        },
        "2008-01": {
            "month": "2008-01",
            "price": "167.00",
            "revenue": 294373
        },
        "2008-02": {
            "month": "2008-02",
            "price": "151.89",
            "revenue": 176098
        },
        "2008-03": {
            "month": "2008-03",
            "price": "180.76",
            "revenue": 234437
        },
        "2008-04": {
            "month": "2008-04",
            "price": "190.71",
            "revenue": 284394
        },
        "2008-05": {
            "month": "2008-05",
            "price": "208.05",
            "revenue": 235629
        },
        "2008-06": {
            "month": "2008-06",
            "price": "172.38",
            "revenue": 274912
        },
        "2008-07": {
            "month": "2008-07",
            "price": "165.82",
            "revenue": 299354
        },
        "2008-08": {
            "month": "2008-08",
            "price": "161.26",
            "revenue": 330871
        },
        "2008-09": {
            "month": "2008-09",
            "price": "130.40",
            "revenue": 375228
        },
        "2008-10": {
            "month": "2008-10",
            "price": "113.65",
            "revenue": 374481
        },
        "2008-11": {
            "month": "2008-11",
            "price": "90.99",
            "revenue": 244138
        },
        "2008-12": {
            "month": "2008-12",
            "price": "87.90",
            "revenue": 201906
        },
        "2009-01": {
            "month": "2009-01",
            "price": "86.69",
            "revenue": 203930
        },
        "2009-02": {
            "month": "2009-02",
            "price": "101.69",
            "revenue": 267588
        },
        "2009-03": {
            "month": "2009-03",
            "price": "114.91",
            "revenue": 378932
        },
        "2009-04": {
            "month": "2009-04",
            "price": "134.66",
            "revenue": 329474
        },
        "2009-05": {
            "month": "2009-05",
            "price": "156.78",
            "revenue": 302854
        },
        "2009-06": {
            "month": "2009-06",
            "price": "135.11",
            "revenue": 328188
        },
        "2009-07": {
            "month": "2009-07",
            "price": "156.78",
            "revenue": 395750
        },
        "2009-08": {
            "month": "2009-08",
            "price": "156.12",
            "revenue": 424467
        },
        "2009-09": {
            "month": "2009-09",
            "price": "155.30",
            "revenue": 448414
        },
        "2009-10": {
            "month": "2009-10",
            "price": "144.70",
            "revenue": 341802
        },
        "2009-11": {
            "month": "2009-11",
            "price": "147.83",
            "revenue": 339398
        },
        "2009-12": {
            "month": "2009-12",
            "price": "160.00",
            "revenue": 342280
        },
        "2010-01": {
            "month": "2010-01",
            "price": "170.30",
            "revenue": 428296
        },
        "2010-02": {
            "month": "2010-02",
            "price": "152.93",
            "revenue": 344774
        },
        "2010-03": {
            "month": "2010-03",
            "price": "165.09",
            "revenue": 451239
        },
        "2010-04": {
            "month": "2010-04",
            "price": "168.67",
            "revenue": 461325
        },
        "2010-05": {
            "month": "2010-05",
            "price": "161.33",
            "revenue": 432053
        },
        "2010-06": {
            "month": "2010-06",
            "price": "150.86",
            "revenue": 470677
        },
        "2010-07": {
            "month": "2010-07",
            "price": "143.20",
            "revenue": 402498
        },
        "2010-08": {
            "month": "2010-08",
            "price": "138.07",
            "revenue": 408894
        },
        "2010-09": {
            "month": "2010-09",
            "price": "137.17",
            "revenue": 455510
        },
        "2010-10": {
            "month": "2010-10",
            "price": "135.02",
            "revenue": 421446
        },
        "2010-11": {
            "month": "2010-11",
            "price": "147.73",
            "revenue": 374816
        },
        "2010-12": {
            "month": "2010-12",
            "price": "150.24",
            "revenue": 368025
        },
        "2011-01": {
            "month": "2011-01",
            "price": "140.15",
            "revenue": 469613
        },
        "2011-02": {
            "month": "2011-02",
            "price": "135.89",
            "revenue": 307670
        },
        "2011-03": {
            "month": "2011-03",
            "price": "121.63",
            "revenue": 484965
        },
        "2011-04": {
            "month": "2011-04",
            "price": "114.89",
            "revenue": 476129
        },
        "2011-05": {
            "month": "2011-05",
            "price": "124.90",
            "revenue": 409781
        },
        "2011-06": {
            "month": "2011-06",
            "price": "123.21",
            "revenue": 380407
        },
        "2011-07": {
            "month": "2011-07",
            "price": "105.07",
            "revenue": 378162
        },
        "2011-08": {
            "month": "2011-08",
            "price": "83.81",
            "revenue": 411680
        },
        "2011-09": {
            "month": "2011-09",
            "price": "82.98",
            "revenue": 435082
        },
        "2011-10": {
            "month": "2011-10",
            "price": "87.72",
            "revenue": 341894
        },
        "2011-11": {
            "month": "2011-11",
            "price": "78.96",
            "revenue": 335437
        },
        "2011-12": {
            "month": "2011-12",
            "price": "67.78",
            "revenue": 345274
        },
        "2012-01": {
            "month": "2012-01",
            "price": "73.71",
            "revenue": 320351
        },
        "2012-02": {
            "month": "2012-02",
            "price": "110.04",
            "revenue": 348364
        },
        "2012-03": {
            "month": "2012-03",
            "price": "120.80",
            "revenue": 434948
        },
        "2012-04": {
            "month": "2012-04",
            "price": "108.04",
            "revenue": 428053
        },
        "2012-05": {
            "month": "2012-05",
            "price": "100.25",
            "revenue": 375867
        },
        "2012-06": {
            "month": "2012-06",
            "price": "91.56",
            "revenue": 412379
        },
        "2012-07": {
            "month": "2012-07",
            "price": "88.47",
            "revenue": 409830
        },
        "2012-08": {
            "month": "2012-08",
            "price": "93.14",
            "revenue": 434516
        },
        "2012-09": {
            "month": "2012-09",
            "price": "100.22",
            "revenue": 447734
        },
        "2012-10": {
            "month": "2012-10",
            "price": "98.16",
            "revenue": 377179
        },
        "2012-11": {
            "month": "2012-11",
            "price": "96.45",
            "revenue": 385326
        },
        "2012-12": {
            "month": "2012-12",
            "price": "106.40",
            "revenue": 307799
        },
        "2013-01": {
            "month": "2013-01",
            "price": "102.46",
            "revenue": 338269
        },
        "2013-02": {
            "month": "2013-02",
            "price": "96.26",
            "revenue": 247604
        },
        "2013-03": {
            "month": "2013-03",
            "price": "95.76",
            "revenue": 323827
        },
        "2013-04": {
            "month": "2013-04",
            "price": "91.47",
            "revenue": 349386
        },
        "2013-05": {
            "month": "2013-05",
            "price": "91.54",
            "revenue": 342133
        },
        "2013-06": {
            "month": "2013-06",
            "price": "88.69",
            "revenue": 329907
        },
        "2013-07": {
            "month": "2013-07",
            "price": "84.22",
            "revenue": 359937
        },
        "2013-08": {
            "month": "2013-08",
            "price": "83.71",
            "revenue": 349080
        },
        "2013-09": {
            "month": "2013-09",
            "price": "83.39",
            "revenue": 337682
        },
        "2013-10": {
            "month": "2013-10",
            "price": "80.07",
            "revenue": 314190
        },
        "2013-11": {
            "month": "2013-11",
            "price": "77.64",
            "revenue": 314429
        },
        "2013-12": {
            "month": "2013-12",
            "price": "81.32",
            "revenue": 303148
        },
        "2014-01": {
            "month": "2014-01",
            "price": "86.68",
            "revenue": 349963
        },
        "2014-02": {
            "month": "2014-02",
            "price": "88.69",
            "revenue": 274504
        },
        "2014-03": {
            "month": "2014-03",
            "price": "99.29",
            "revenue": 335151
        },
        "2014-04": {
            "month": "2014-04",
            "price": "97.85",
            "revenue": 327809
        },
        "2014-05": {
            "month": "2014-05",
            "price": "96.12",
            "revenue": 333039
        },
        "2014-06": {
            "month": "2014-06",
            "price": "102.46",
            "revenue": 313298
        },
        "2014-07": {
            "month": "2014-07",
            "price": "101.60",
            "revenue": 337265
        },
        "2014-08": {
            "month": "2014-08",
            "price": "92.81",
            "revenue": 350354
        },
        "2014-09": {
            "month": "2014-09",
            "price": "85.23",
            "revenue": 361965
        },
        "2014-10": {
            "month": "2014-10",
            "price": "81.17",
            "revenue": 347544
        },
        "2014-11": {
            "month": "2014-11",
            "price": "84.16",
            "revenue": 325920
        },
        "2014-12": {
            "month": "2014-12",
            "price": "87.25",
            "revenue": 284743
        },
        "2015-01": {
            "month": "2015-01",
            "price": "87.00",
            "revenue": 334961
        },
        "2015-02": {
            "month": "2015-02",
            "price": "90.38",
            "revenue": 260842
        },
        "2015-03": {
            "month": "2015-03",
            "price": "91.60",
            "revenue": 293872
        },
        "2015-04": {
            "month": "2015-04",
            "price": "89.48",
            "revenue": 294231
        },
        "2015-05": {
            "month": "2015-05",
            "price": "83.47",
            "revenue": 272828
        },
        "2015-06": {
            "month": "2015-06",
            "price": "78.16",
            "revenue": 260192
        },
        "2015-07": {
            "month": "2015-07",
            "price": "67.44",
            "revenue": 263861
        },
        "2015-08": {
            "month": "2015-08",
            "price": "54.72",
            "revenue": 298906
        },
        "2015-09": {
            "month": "2015-09",
            "price": "55.45",
            "revenue": 314201
        },
        "2015-10": {
            "month": "2015-10",
            "price": "58.99",
            "revenue": 276950
        },
        "2015-11": {
            "month": "2015-11",
            "price": "57.55",
            "revenue": 298560
        },
        "2015-12": {
            "month": "2015-12",
            "price": "60.38",
            "revenue": 303921
        },
        "2016-01": {
            "month": "2016-01",
            "price": "56.21",
            "revenue": 322526
        },
        "2016-02": {
            "month": "2016-02",
            "price": "67.03",
            "revenue": 223253
        },
        "2016-03": {
            "month": "2016-03",
            "price": "76.10",
            "revenue": 300602
        },
        "2016-04": {
            "month": "2016-04",
            "price": "69.17",
            "revenue": 279518
        },
        "2016-05": {
            "month": "2016-05",
            "price": "63.56",
            "revenue": 297875
        },
        "2016-06": {
            "month": "2016-06",
            "price": "63.64",
            "revenue": 282969
        },
        "2016-07": {
            "month": "2016-07",
            "price": "66.20",
            "revenue": 285280
        },
        "2016-08": {
            "month": "2016-08",
            "price": "65.59",
            "revenue": 325408
        },
        "2016-09": {
            "month": "2016-09",
            "price": "65.59",
            "revenue": 346552
        },
        "2016-10": {
            "month": "2016-10",
            "price": "69.64",
            "revenue": 330982
        },
        "2016-11": {
            "month": "2016-11",
            "price": "71.21",
            "revenue": 340955
        },
        "2016-12": {
            "month": "2016-12",
            "price": "71.29",
            "revenue": 340022
        },
        "2017-01": {
            "month": "2017-01",
            "price": "68.48",
            "revenue": 315816
        },
        "2017-02": {
            "month": "2017-02",
            "price": "69.88",
            "revenue": 265197
        },
        "2017-03": {
            "month": "2017-03",
            "price": "69.35",
            "revenue": 319119
        },
        "2017-04": {
            "month": "2017-04",
            "price": "70.54",
            "revenue": 299114
        },
        "2017-05": {
            "month": "2017-05",
            "price": "71.36",
            "revenue": 304032
        },
        "2017-06": {
            "month": "2017-06",
            "price": "73.55",
            "revenue": 297365
        },
        "2017-07": {
            "month": "2017-07",
            "price": "67.77",
            "revenue": 327702
        },
        "2017-08": {
            "month": "2017-08",
            "price": "66.25",
            "revenue": 362942
        },
        "2017-09": {
            "month": "2017-09",
            "price": "67.11",
            "revenue": 403309
        },
        "2017-10": {
            "month": "2017-10",
            "price": "68.48",
            "revenue": 361139
        },
        "2017-11": {
            "month": "2017-11",
            "price": "70.15",
            "revenue": 363728
        },
        "2017-12": {
            "month": "2017-12",
            "price": "66.78",
            "revenue": 318232
        },
        "2018-01": {
            "month": "2018-01",
            "price": "68.92",
            "revenue": 378471
        },
        "2018-02": {
            "month": "2018-02",
            "price": "66.22",
            "revenue": 262384
        },
        "2018-03": {
            "month": "2018-03",
            "price": "67.63",
            "revenue": 348520
        },
        "2018-04": {
            "month": "2018-04",
            "price": "67.29",
            "revenue": 321267
        },
        "2018-05": {
            "month": "2018-05",
            "price": "66.15",
            "revenue": 370954
        },
        "2018-06": {
            "month": "2018-06",
            "price": "67.18",
            "revenue": 363045
        },
        "2018-07": {
            "month": "2018-07",
            "price": "62.35",
            "revenue": 381500
        },
        "2018-08": {
            "month": "2018-08",
            "price": "63.44",
            "revenue": 429438
        },
        "2018-09": {
            "month": "2018-09",
            "price": "66.57",
            "revenue": 462049
        },
        "2018-10": {
            "month": "2018-10",
            "price": "63.72",
            "revenue": 400621
        },
        "2018-11": {
            "month": "2018-11",
            "price": "61.79",
            "revenue": 395806
        },
        "2018-12": {
            "month": "2018-12",
            "price": "65.35",
            "revenue": 351496
        },
        "2019-01": {
            "month": "2019-01",
            "price": "63.67",
            "revenue": 418383
        },
        "2019-02": {
            "month": "2019-02",
            "price": "67.95",
            "revenue": 299924
        },
        "2019-03": {
            "month": "2019-03",
            "price": "72.80",
            "revenue": 402370
        },
        "2019-04": {
            "month": "2019-04",
            "price": "79.62",
            "revenue": 427319
        },
        "2019-05": {
            "month": "2019-05",
            "price": "89.46",
            "revenue": 430709
        },
        "2019-06": {
            "month": "2019-06",
            "price": "89.61",
            "revenue": 453071
        },
        "2019-07": {
            "month": "2019-07",
            "price": "99.15",
            "revenue": 529229
        },
        "2019-08": {
            "month": "2019-08",
            "price": "109.26",
            "revenue": 537824
        },
        "2019-09": {
            "month": "2019-09",
            "price": "117.71",
            "revenue": 567029
        },
        "2019-10": {
            "month": "2019-10",
            "price": "124.62",
            "revenue": 530802
        },
        "2019-11": {
            "month": "2019-11",
            "price": "121.95",
            "revenue": 550376
        },
        "2019-12": {
            "month": "2019-12",
            "price": "124.23",
            "revenue": 525641
        },
        "2020-01": {
            "month": "2020-01",
            "price": "125.27",
            "revenue": 481333
        },
        "2020-02": {
            "month": "2020-02",
            "price": "115.55",
            "revenue": 497247
        },
        "2020-03": {
            "month": "2020-03",
            "price": "103.07",
            "revenue": 643317
        },
        "2020-04": {
            "month": "2020-04",
            "price": "120.40",
            "revenue": 617603
        },
        "2020-05": {
            "month": "2020-05",
            "price": "141.78",
            "revenue": 534779
        },
        "2020-06": {
            "month": "2020-06",
            "price": "153.22",
            "revenue": 566548
        },
        "2020-07": {
            "month": "2020-07",
            "price": "161.87",
            "revenue": 680723
        },
        "2020-08": {
            "month": "2020-08",
            "price": "158.45",
            "revenue": 683840
        },
        "2020-09": {
            "month": "2020-09",
            "price": "155.59",
            "revenue": 700796
        },
        "2020-10": {
            "month": "2020-10",
            "price": "155.00",
            "revenue": 650862
        },
        "2020-11": {
            "month": "2020-11",
            "price": "157.71",
            "revenue": 672061
        },
        "2020-12": {
            "month": "2020-12",
            "price": "162.85",
            "revenue": 678692
        },
        "2021-01": {
            "month": "2021-01",
            "price": "174.32",
            "revenue": 808781
        },
        "2021-02": {
            "month": "2021-02",
            "price": "190.42",
            "revenue": 621886
        },
        "2021-03": {
            "month": "2021-03",
            "price": "193.30",
            "revenue": 753702
        },
        "2021-04": {
            "month": "2021-04",
            "price": "220.03",
            "revenue": 769287
        },
        "2021-05": {
            "month": "2021-05",
            "price": "201.12",
            "revenue": 802002
        },
        "2021-06": {
            "month": "2021-06",
            "price": "226.43",
            "revenue": 808899
        },
        "2021-07": {
            "month": "2021-07",
            "price": "256.27",
            "revenue": 859360
        },
        "2021-08": {
            "month": "2021-08",
            "price": "265.45",
            "revenue": 841672
        },
        "2021-09": {
            "month": "2021-09",
            "price": "245.82",
            "revenue": 815633
        },
        "2021-10": {
            "month": "2021-10",
            "price": "217.78",
            "revenue": 817837
        },
        "2021-11": {
            "month": "2021-11",
            "price": "239.73",
            "revenue": 767871
        },
        "2021-12": {
            "month": "2021-12",
            "price": "255.82",
            "revenue": 748238
        },
        "2022-01": {
            "month": "2022-01",
            "price": "243.67",
            "revenue": 814958
        },
        "2022-02": {
            "month": "2022-02",
            "price": "243.73",
            "revenue": 787731
        },
        "2022-03": {
            "month": "2022-03",
            "price": "238.89",
            "revenue": 937553
        },
        "2022-04": {
            "month": "2022-04",
            "price": "212.82",
            "revenue": 895384
        },
        "2022-05": {
            "month": "2022-05",
            "price": "214.07",
            "revenue": 804948
        },
        "2022-06": {
            "month": "2022-06",
            "price": "195.21",
            "revenue": 679675
        },
        "2022-07": {
            "month": "2022-07",
            "price": "143.71",
            "revenue": 624636
        },
        "2022-08": {
            "month": "2022-08",
            "price": "146.65",
            "revenue": 567196
        },
        "2022-09": {
            "month": "2022-09",
            "price": "132.48",
            "revenue": 595232
        },
        "2022-10": {
            "month": "2022-10",
            "price": "125.40",
            "revenue": 562878
        },
        "2022-11": {
            "month": "2022-11",
            "price": "140.32",
            "revenue": 595244
        },
        "2022-12": {
            "month": "2022-12",
            "price": "145.00",
            "revenue": 554644
        },
        "2023-01": {
            "month": "2023-01",
            "price": "152.42",
            "revenue": 559902
        },
        "2023-02": {
            "month": "2023-02",
            "price": "169.64",
            "revenue": 530884
        },
        "2023-03": {
            "month": "2023-03",
            "price": "177.39",
            "revenue": 686884
        },
        "2023-04": {
            "month": "2023-04",
            "price": "184.62",
            "revenue": 673504
        },
        "2023-05": {
            "month": "2023-05",
            "price": "185.43",
            "revenue": 706889
        },
        "2023-06": {
            "month": "2023-06",
            "price": "197.68",
            "revenue": 702430
        },
        "2023-07": {
            "month": "2023-07",
            "price": "195.55",
            "revenue": 712720
        },
        "2023-08": {
            "month": "2023-08",
            "price": "225.57",
            "revenue": 814304
        },
        "2023-09": {
            "month": "2023-09",
            "price": "262.15",
            "revenue": 715275
        },
        "2023-10": {
            "month": "2023-10",
            "price": "262.28",
            "revenue": 671817
        },
        "2023-11": {
            "month": "2023-11",
            "price": "263.82",
            "revenue": 597438
        },
        "2023-12": {
            "month": "2023-12",
            "price": "255.40",
            "revenue": 538823
        }
    }
}
