{
    "summary": {
        "stock_name": "漢承泰",
        "stock_id": "8082",
        "category": "電子工業",
        "main_business": "Modem, ADSL, HUB/Switch, Router,Wireless series,Multi-media.<br>Cultural Creative Industry",
        "website_url": "",
        "ceo": "鄭翔仁",
        "pe_ratio": 0,
        "report_year_from": 2001,
        "report_year_to": 2018,
        "age": 22,
        "eps_negative_percentage": 67,
        "eps_growth_avg": {
            "last_all": -49.77,
            "last_2y": null,
            "last_4y": null,
            "last_8y": -100,
            "last_12y": -44.11,
            "last_16y": null,
            "last_20y": null,
            "at_2006_last_3y": -37.22,
            "at_2007_last_3y": -25.48,
            "at_2008_last_3y": 0,
            "at_2009_last_3y": -100,
            "at_2010_last_3y": null,
            "at_2011_last_3y": -100,
            "at_2012_last_3y": -100,
            "at_2013_last_3y": -100,
            "at_2014_last_3y": -100,
            "at_2015_last_3y": null,
            "at_2016_last_3y": null,
            "at_2017_last_3y": null,
            "at_2018_last_3y": null,
            "at_2019_last_3y": null,
            "at_2020_last_3y": null,
            "at_2021_last_3y": null,
            "at_2022_last_3y": null,
            "at_2023_last_3y": null,
            "at_2006_last_all": -37.22,
            "at_2007_last_all": -37.22,
            "at_2008_last_all": -37.22,
            "at_2009_last_all": -37.22,
            "at_2010_last_all": -37.22,
            "at_2011_last_all": -49.77,
            "at_2012_last_all": -49.77,
            "at_2013_last_all": -49.77,
            "at_2014_last_all": -49.77,
            "at_2015_last_all": -49.77,
            "at_2016_last_all": -49.77,
            "at_2017_last_all": -49.77,
            "at_2018_last_all": -49.77,
            "at_2019_last_all": -49.77,
            "at_2020_last_all": -49.77,
            "at_2021_last_all": -49.77,
            "at_2022_last_all": -49.77,
            "at_2023_last_all": -49.77
        },
        "latest_eps": 0,
        "latest_price": 0.88,
        "latest_roe": 0,
        "latest_gross_margin": null,
        "latest_equity": null,
        "latest_revenue": null,
        "latest_gross_profit": null,
        "latest_net_income": null,
        "latest_debt_ratio": null,
        "latest_current_ratio": null,
        "latest_account_receivable_turnover_ratio": null,
        "latest_inventory_turnover_ratio": null,
        "latest_reinvestment_rate": null,
        "latest_research_to_sale_ratio": null
    },
    "eps_dividends": {
        "2001": {
            "cash": 0,
            "stock": 0,
            "eps": 0
        },
        "2002": {
            "cash": 0,
            "stock": 0,
            "eps": 9.39
        },
        "2003": {
            "cash": 0,
            "stock": 0,
            "eps": 2.59
        },
        "2004": {
            "cash": 0,
            "stock": 0,
            "eps": 0.61
        },
        "2005": {
            "cash": 0,
            "stock": 0,
            "eps": 1.46
        },
        "2006": {
            "cash": 0,
            "stock": 0,
            "eps": -0.9
        },
        "2007": {
            "cash": 0,
            "stock": 0,
            "eps": -0.14
        },
        "2008": {
            "cash": 0,
            "stock": 0,
            "eps": -2.84
        },
        "2009": {
            "cash": 0,
            "stock": 0,
            "eps": -2.25
        },
        "2010": {
            "cash": 0,
            "stock": 0,
            "eps": 0.05
        },
        "2011": {
            "cash": 0,
            "stock": 0,
            "eps": -4.73
        },
        "2012": {
            "cash": 0,
            "stock": 0,
            "eps": -5.15
        },
        "2013": {
            "cash": 0,
            "stock": 0,
            "eps": -0.39
        },
        "2014": {
            "cash": 0,
            "stock": 0,
            "eps": -0.18
        },
        "2015": {
            "cash": 0,
            "stock": 0,
            "eps": -0.53
        },
        "2016": {
            "cash": 0,
            "stock": 0,
            "eps": -0.12
        }
    },
    "dividends": [],
    "prices": {
        "200101": "無",
        "200102": "無",
        "200103": "無",
        "200104": "無",
        "200105": "無",
        "200106": "無",
        "200107": "無",
        "200108": "無",
        "200109": "無",
        "200110": "無",
        "200111": "無",
        "200112": "無",
        "200201": "無",
        "200202": "無",
        "200203": "無",
        "200204": "無",
        "200205": "無",
        "200206": "無",
        "200207": "無",
        "200208": "無",
        "200209": "無",
        "200210": "無",
        "200211": "無",
        "200212": "無",
        "200301": "無",
        "200302": "無",
        "200303": "無",
        "200304": "無",
        "200305": "無",
        "200306": "無",
        "200307": "無",
        "200308": "無",
        "200309": "無",
        "200310": "無",
        "200311": "34.00",
        "200312": "27.75",
        "200401": "26.36",
        "200402": "25.25",
        "200403": "24.19",
        "200404": "21.99",
        "200405": "16.60",
        "200406": "14.98",
        "200407": "13.06",
        "200408": "12.92",
        "200409": "11.61",
        "200410": "11.13",
        "200411": "10.57",
        "200412": "10.40",
        "200501": "10.17",
        "200502": "10.57",
        "200503": "10.68",
        "200504": "10.06",
        "200505": "9.87",
        "200506": "10.91",
        "200507": "12.48",
        "200508": "10.26",
        "200509": "10.29",
        "200510": "9.78",
        "200511": "9.58",
        "200512": "11.03",
        "200601": "12.72",
        "200602": "12.74",
        "200603": "11.92",
        "200604": "12.58",
        "200605": "11.28",
        "200606": "9.06",
        "200607": "8.76",
        "200608": "7.79",
        "200609": "7.11",
        "200610": "7.37",
        "200611": "7.84",
        "200612": "9.11",
        "200701": "11.03",
        "200702": "13.12",
        "200703": "19.68",
        "200704": "19.42",
        "200705": "17.57",
        "200706": "19.61",
        "200707": "21.24",
        "200708": "17.51",
        "200709": "16.27",
        "200710": "14.98",
        "200711": "10.97",
        "200712": "9.73",
        "200801": "8.66",
        "200802": "8.35",
        "200803": "8.43",
        "200804": "9.67",
        "200805": "12.17",
        "200806": "11.09",
        "200807": "9.16",
        "200808": "7.90",
        "200809": "6.82",
        "200810": "6.28",
        "200811": "10.48",
        "200812": "9.13",
        "200901": "7.84",
        "200902": "6.06",
        "200903": "6.15",
        "200904": "6.75",
        "200905": "5.28",
        "200906": "5.00",
        "200907": "5.01",
        "200908": "6.15",
        "200909": "9.06",
        "200910": "11.45",
        "200911": "11.16",
        "200912": "12.05",
        "201001": "12.21",
        "201002": "11.83",
        "201003": "19.12",
        "201004": "19.27",
        "201005": "20.80",
        "201006": "20.60",
        "201007": "18.47",
        "201008": "20.30",
        "201009": "20.49",
        "201010": "20.88",
        "201011": "20.06",
        "201012": "19.82",
        "201101": "20.57",
        "201102": "20.27",
        "201103": "23.90",
        "201104": "25.52",
        "201105": "18.02",
        "201106": "19.15",
        "201107": "18.14",
        "201108": "12.70",
        "201109": "13.37",
        "201110": "13.75",
        "201111": "13.12",
        "201112": "9.97",
        "201201": "5.53",
        "201202": "8.29",
        "201203": "9.30",
        "201204": "7.71",
        "201205": "6.87",
        "201206": "6.76",
        "201207": "5.30",
        "201208": "5.18",
        "201209": "4.52",
        "201210": "4.63",
        "201211": "4.15",
        "201212": "4.56",
        "201301": "4.24",
        "201302": "3.19",
        "201303": "3.01",
        "201304": "2.11",
        "201305": "2.12",
        "201306": "2.60",
        "201307": "2.05",
        "201308": "1.92",
        "201309": "2.14",
        "201310": "2.25",
        "201311": "2.21",
        "201312": "3.00",
        "201401": "6.17",
        "201402": "7.45",
        "201403": "6.04",
        "201404": "5.69",
        "201405": "4.42",
        "201406": "4.68",
        "201407": "3.84",
        "201408": "3.21",
        "201409": "3.18",
        "201410": "2.95",
        "201411": "3.91",
        "201412": "3.62",
        "201501": "3.16",
        "201502": "3.04",
        "201503": "4.10",
        "201504": "4.09",
        "201505": "3.69",
        "201506": "3.80",
        "201507": "2.46",
        "201508": "1.84",
        "201509": "2.42",
        "201510": "2.09",
        "201511": "2.43",
        "201512": "2.19",
        "201601": "2.30",
        "201602": "1.96",
        "201603": "2.05",
        "201604": "1.91",
        "201605": "1.90",
        "201606": "2.28",
        "201607": "2.05",
        "201608": "1.55",
        "201609": "0.98",
        "201610": "無",
        "201611": "無",
        "201612": "無",
        "201701": "無",
        "201702": "無",
        "201703": "無",
        "201704": "無",
        "201705": "無",
        "201706": "無",
        "201707": "無",
        "201708": "無",
        "201709": "無",
        "201710": "無",
        "201711": "無",
        "201712": "無",
        "201801": "無",
        "201802": "無",
        "201803": "無",
        "201804": "無",
        "201805": "無",
        "201806": "無",
        "201807": "無",
        "201808": "無",
        "201809": "無",
        "201810": "無",
        "201811": "無",
        "201812": "無",
        "201901": "無",
        "201902": "無",
        "201903": "無",
        "201904": "無",
        "201905": "無",
        "201906": "無",
        "201907": "無",
        "201908": "無",
        "201909": "無",
        "201910": "無",
        "201911": "無",
        "201912": "無",
        "202001": "無",
        "202002": "無",
        "202003": "無",
        "202004": "無",
        "202005": "無",
        "202006": "無",
        "202007": "無",
        "202008": "無",
        "202009": "無",
        "202010": "無",
        "202011": "無",
        "202012": "無",
        "202101": "無",
        "202102": "無",
        "202103": "無",
        "202104": "無",
        "202105": "無",
        "202106": "無",
        "202107": "無",
        "202108": "無",
        "202109": "無",
        "202110": "無",
        "202111": "無",
        "202112": "無",
        "202201": "無",
        "202202": "無",
        "202203": "無",
        "202204": "無",
        "202205": "無",
        "202206": "無",
        "202207": "無",
        "202208": "無",
        "202209": "無",
        "202210": "無",
        "202211": "無",
        "202212": "無",
        "202301": "無",
        "202302": "無",
        "202303": "無",
        "202304": "無",
        "202305": "無",
        "202306": "無",
        "202307": "無",
        "202308": "無",
        "202309": "無"
    },
    "quarters": {
        "20011": {
            "year_quarter": 20011,
            "year": 2001,
            "quarter": 1,
            "eps": null,
            "eps_growth_year": null,
            "eps_4q": null,
            "eps_4q_growth_year": null,
            "roe": null,
            "roe_4q": 0,
            "gross_profit": null,
            "gross_margin": null,
            "gross_margin_4q_avg": 0,
            "net_income": null,
            "revenue": null,
            "common_shares": null,
            "book_valuer_per_share": null,
            "book_valuer_per_share_4q_avg": 0,
            "equity": null,
            "current_ratio": null,
            "debt_ratio": null,
            "inventory_turnover_ratio": null,
            "account_receivable_turnover_ratio": null,
            "reinvestment_rate": null,
            "research_to_sale_ratio": null,
            "price_fair": 0,
            "eps_avg_yearly": 0,
            "eps_latest_yearly": 0,
            "eps_growth_yearly": 0
        },
        "20012": {
            "year_quarter": 20012,
            "year": 2001,
            "quarter": 2,
            "eps": null,
            "eps_growth_year": null,
            "eps_4q": null,
            "eps_4q_growth_year": null,
            "roe": null,
            "roe_4q": 0,
            "gross_profit": null,
            "gross_margin": null,
            "gross_margin_4q_avg": 0,
            "net_income": null,
            "revenue": null,
            "common_shares": null,
            "book_valuer_per_share": null,
            "book_valuer_per_share_4q_avg": 0,
            "equity": null,
            "current_ratio": null,
            "debt_ratio": null,
            "inventory_turnover_ratio": null,
            "account_receivable_turnover_ratio": null,
            "reinvestment_rate": null,
            "research_to_sale_ratio": null,
            "price_fair": 0,
            "eps_avg_yearly": 0,
            "eps_latest_yearly": 0,
            "eps_growth_yearly": 0
        },
        "20013": {
            "year_quarter": 20013,
            "year": 2001,
            "quarter": 3,
            "eps": null,
            "eps_growth_year": null,
            "eps_4q": null,
            "eps_4q_growth_year": null,
            "roe": null,
            "roe_4q": 0,
            "gross_profit": null,
            "gross_margin": null,
            "gross_margin_4q_avg": 0,
            "net_income": null,
            "revenue": null,
            "common_shares": null,
            "book_valuer_per_share": null,
            "book_valuer_per_share_4q_avg": 0,
            "equity": null,
            "current_ratio": null,
            "debt_ratio": null,
            "inventory_turnover_ratio": null,
            "account_receivable_turnover_ratio": null,
            "reinvestment_rate": null,
            "research_to_sale_ratio": null,
            "price_fair": 0,
            "eps_avg_yearly": 0,
            "eps_latest_yearly": 0,
            "eps_growth_yearly": 0
        },
        "20014": {
            "year_quarter": 20014,
            "year": 2001,
            "quarter": 4,
            "eps": null,
            "eps_growth_year": null,
            "eps_4q": null,
            "eps_4q_growth_year": null,
            "roe": null,
            "roe_4q": 0,
            "gross_profit": null,
            "gross_margin": null,
            "gross_margin_4q_avg": 0,
            "net_income": null,
            "revenue": null,
            "common_shares": 63000,
            "book_valuer_per_share": 29.95,
            "book_valuer_per_share_4q_avg": 7.49,
            "equity": 188700,
            "current_ratio": 134.47,
            "debt_ratio": 73.66,
            "inventory_turnover_ratio": null,
            "account_receivable_turnover_ratio": null,
            "reinvestment_rate": null,
            "research_to_sale_ratio": null,
            "price_fair": 0,
            "eps_avg_yearly": 0,
            "eps_latest_yearly": 0,
            "eps_growth_yearly": 0
        },
        "20021": {
            "year_quarter": 20021,
            "year": 2002,
            "quarter": 1,
            "eps": 8.63,
            "eps_growth_year": null,
            "eps_4q": null,
            "eps_4q_growth_year": null,
            "roe": 25.17,
            "roe_4q": 25.17,
            "gross_profit": 92345,
            "gross_margin": 16.13,
            "gross_margin_4q_avg": 4.03,
            "net_income": 54338,
            "revenue": 572508,
            "common_shares": 63000,
            "book_valuer_per_share": 38.58,
            "book_valuer_per_share_4q_avg": 17.13,
            "equity": 243038,
            "current_ratio": 131.33,
            "debt_ratio": 75.7,
            "inventory_turnover_ratio": 2.47,
            "account_receivable_turnover_ratio": null,
            "reinvestment_rate": null,
            "research_to_sale_ratio": null,
            "price_fair": 0,
            "eps_avg_yearly": 0,
            "eps_latest_yearly": 0,
            "eps_growth_yearly": 0
        },
        "20022": {
            "year_quarter": 20022,
            "year": 2002,
            "quarter": 2,
            "eps": 0.76,
            "eps_growth_year": null,
            "eps_4q": null,
            "eps_4q_growth_year": null,
            "roe": 5.1,
            "roe_4q": 30.270000000000003,
            "gross_profit": 46467,
            "gross_margin": 13.6,
            "gross_margin_4q_avg": 7.43,
            "net_income": 12587,
            "revenue": 341616,
            "common_shares": 63000,
            "book_valuer_per_share": 39.77,
            "book_valuer_per_share_4q_avg": 27.08,
            "equity": 250575,
            "current_ratio": 153.82,
            "debt_ratio": 64.36,
            "inventory_turnover_ratio": 1.46,
            "account_receivable_turnover_ratio": null,
            "reinvestment_rate": null,
            "research_to_sale_ratio": null,
            "price_fair": 9.12,
            "eps_avg_yearly": 3.04,
            "eps_latest_yearly": 3.04,
            "eps_growth_yearly": -364.77
        },
        "20023": {
            "year_quarter": 20023,
            "year": 2002,
            "quarter": 3,
            "eps": null,
            "eps_growth_year": null,
            "eps_4q": null,
            "eps_4q_growth_year": null,
            "roe": null,
            "roe_4q": 30.270000000000003,
            "gross_profit": null,
            "gross_margin": null,
            "gross_margin_4q_avg": 7.43,
            "net_income": null,
            "revenue": null,
            "common_shares": null,
            "book_valuer_per_share": null,
            "book_valuer_per_share_4q_avg": 27.08,
            "equity": null,
            "current_ratio": null,
            "debt_ratio": null,
            "inventory_turnover_ratio": null,
            "account_receivable_turnover_ratio": null,
            "reinvestment_rate": null,
            "research_to_sale_ratio": null,
            "price_fair": 9.12,
            "eps_avg_yearly": 3.04,
            "eps_latest_yearly": 3.04,
            "eps_growth_yearly": -364.77
        },
        "20024": {
            "year_quarter": 20024,
            "year": 2002,
            "quarter": 4,
            "eps": null,
            "eps_growth_year": null,
            "eps_4q": null,
            "eps_4q_growth_year": null,
            "roe": null,
            "roe_4q": 30.270000000000003,
            "gross_profit": null,
            "gross_margin": null,
            "gross_margin_4q_avg": 7.43,
            "net_income": null,
            "revenue": null,
            "common_shares": 214600,
            "book_valuer_per_share": 18.59,
            "book_valuer_per_share_4q_avg": 24.24,
            "equity": 398924,
            "current_ratio": 179.07,
            "debt_ratio": 55.12,
            "inventory_turnover_ratio": null,
            "account_receivable_turnover_ratio": null,
            "reinvestment_rate": null,
            "research_to_sale_ratio": null,
            "price_fair": 9.12,
            "eps_avg_yearly": 3.04,
            "eps_latest_yearly": 3.04,
            "eps_growth_yearly": -364.77
        },
        "20031": {
            "year_quarter": 20031,
            "year": 2003,
            "quarter": 1,
            "eps": 0.94,
            "eps_growth_year": -89.11,
            "eps_4q": null,
            "eps_4q_growth_year": null,
            "roe": 5.19,
            "roe_4q": 10.29,
            "gross_profit": 50534,
            "gross_margin": 14.86,
            "gross_margin_4q_avg": 7.12,
            "net_income": 21602,
            "revenue": 340123,
            "common_shares": 230000,
            "book_valuer_per_share": 18.83,
            "book_valuer_per_share_4q_avg": 19.3,
            "equity": 433178,
            "current_ratio": 262.46,
            "debt_ratio": 37.56,
            "inventory_turnover_ratio": 1.63,
            "account_receivable_turnover_ratio": null,
            "reinvestment_rate": null,
            "research_to_sale_ratio": null,
            "price_fair": 9.12,
            "eps_avg_yearly": 3.04,
            "eps_latest_yearly": 3.04,
            "eps_growth_yearly": -364.77
        },
        "20032": {
            "year_quarter": 20032,
            "year": 2003,
            "quarter": 2,
            "eps": 0.67,
            "eps_growth_year": -11.84,
            "eps_4q": null,
            "eps_4q_growth_year": null,
            "roe": 4.58,
            "roe_4q": 9.77,
            "gross_profit": 47585,
            "gross_margin": 11.91,
            "gross_margin_4q_avg": 6.69,
            "net_income": 20194,
            "revenue": 399394,
            "common_shares": 307000,
            "book_valuer_per_share": 14.64,
            "book_valuer_per_share_4q_avg": 13.02,
            "equity": 449320,
            "current_ratio": 244.66,
            "debt_ratio": 40.26,
            "inventory_turnover_ratio": 2.23,
            "account_receivable_turnover_ratio": null,
            "reinvestment_rate": null,
            "research_to_sale_ratio": null,
            "price_fair": 8.58,
            "eps_avg_yearly": 2.86,
            "eps_latest_yearly": 2.68,
            "eps_growth_yearly": -239.83
        },
        "20033": {
            "year_quarter": 20033,
            "year": 2003,
            "quarter": 3,
            "eps": 0.53,
            "eps_growth_year": null,
            "eps_4q": null,
            "eps_4q_growth_year": null,
            "roe": 3.58,
            "roe_4q": 13.350000000000001,
            "gross_profit": 50556,
            "gross_margin": 12.34,
            "gross_margin_4q_avg": 9.78,
            "net_income": 16370,
            "revenue": 409803,
            "common_shares": 307000,
            "book_valuer_per_share": 15.17,
            "book_valuer_per_share_4q_avg": 16.81,
            "equity": 465690,
            "current_ratio": 225.63,
            "debt_ratio": 43.46,
            "inventory_turnover_ratio": 2.12,
            "account_receivable_turnover_ratio": null,
            "reinvestment_rate": null,
            "research_to_sale_ratio": null,
            "price_fair": 7.84,
            "eps_avg_yearly": 2.61,
            "eps_latest_yearly": 2.12,
            "eps_growth_yearly": -187.75
        },
        "20034": {
            "year_quarter": 20034,
            "year": 2003,
            "quarter": 4,
            "eps": 0.45,
            "eps_growth_year": null,
            "eps_4q": 2.34,
            "eps_4q_growth_year": null,
            "roe": 2.92,
            "roe_4q": 16.27,
            "gross_profit": 52066,
            "gross_margin": 12.11,
            "gross_margin_4q_avg": 12.81,
            "net_income": 13817,
            "revenue": 429858,
            "common_shares": 307000,
            "book_valuer_per_share": 15.62,
            "book_valuer_per_share_4q_avg": 16.07,
            "equity": 479508,
            "current_ratio": 218.7,
            "debt_ratio": 44.7,
            "inventory_turnover_ratio": 1.82,
            "account_receivable_turnover_ratio": null,
            "reinvestment_rate": null,
            "research_to_sale_ratio": null,
            "price_fair": 7.23,
            "eps_avg_yearly": 2.41,
            "eps_latest_yearly": 1.8,
            "eps_growth_yearly": -155.91
        },
        "20041": {
            "year_quarter": 20041,
            "year": 2004,
            "quarter": 1,
            "eps": 0.25,
            "eps_growth_year": -73.4,
            "eps_4q": 1.88,
            "eps_4q_growth_year": null,
            "roe": 1.6,
            "roe_4q": 12.68,
            "gross_profit": 34889,
            "gross_margin": 10.78,
            "gross_margin_4q_avg": 11.79,
            "net_income": 7714,
            "revenue": 323642,
            "common_shares": 307000,
            "book_valuer_per_share": 15.87,
            "book_valuer_per_share_4q_avg": 15.33,
            "equity": 487222,
            "current_ratio": 251.69,
            "debt_ratio": 38.89,
            "inventory_turnover_ratio": 1.25,
            "account_receivable_turnover_ratio": null,
            "reinvestment_rate": null,
            "research_to_sale_ratio": null,
            "price_fair": 6.38,
            "eps_avg_yearly": 2.13,
            "eps_latest_yearly": 1,
            "eps_growth_yearly": -160.28
        },
        "20042": {
            "year_quarter": 20042,
            "year": 2004,
            "quarter": 2,
            "eps": -0.13,
            "eps_growth_year": -119.4,
            "eps_4q": 1.09,
            "eps_4q_growth_year": null,
            "roe": -0.96,
            "roe_4q": 7.140000000000001,
            "gross_profit": 26361,
            "gross_margin": 8.96,
            "gross_margin_4q_avg": 11.05,
            "net_income": -4538,
            "revenue": 294122,
            "common_shares": 307000,
            "book_valuer_per_share": 14.93,
            "book_valuer_per_share_4q_avg": 15.4,
            "equity": 458297,
            "current_ratio": 290.01,
            "debt_ratio": 53.98,
            "inventory_turnover_ratio": 1.02,
            "account_receivable_turnover_ratio": null,
            "reinvestment_rate": null,
            "research_to_sale_ratio": null,
            "price_fair": 6.38,
            "eps_avg_yearly": 2.13,
            "eps_latest_yearly": 1,
            "eps_growth_yearly": -160.28
        },
        "20043": {
            "year_quarter": 20043,
            "year": 2004,
            "quarter": 3,
            "eps": 0.11,
            "eps_growth_year": -79.25,
            "eps_4q": 0.61,
            "eps_4q_growth_year": null,
            "roe": 0.83,
            "roe_4q": 4.390000000000001,
            "gross_profit": 37788,
            "gross_margin": 10.33,
            "gross_margin_4q_avg": 10.55,
            "net_income": 3722,
            "revenue": 365866,
            "common_shares": 321000,
            "book_valuer_per_share": 13.6,
            "book_valuer_per_share_4q_avg": 15.01,
            "equity": 436455,
            "current_ratio": 299.31,
            "debt_ratio": 53.9,
            "inventory_turnover_ratio": 1.26,
            "account_receivable_turnover_ratio": null,
            "reinvestment_rate": null,
            "research_to_sale_ratio": null,
            "price_fair": 6.38,
            "eps_avg_yearly": 2.13,
            "eps_latest_yearly": 1,
            "eps_growth_yearly": -160.28
        },
        "20044": {
            "year_quarter": 20044,
            "year": 2004,
            "quarter": 4,
            "eps": 0.38,
            "eps_growth_year": -15.56,
            "eps_4q": 0.59,
            "eps_4q_growth_year": -75.04,
            "roe": 2.88,
            "roe_4q": 4.35,
            "gross_profit": 56316,
            "gross_margin": 11.8,
            "gross_margin_4q_avg": 10.47,
            "net_income": 12773,
            "revenue": 477447,
            "common_shares": 321000,
            "book_valuer_per_share": 13.99,
            "book_valuer_per_share_4q_avg": 14.6,
            "equity": 449228,
            "current_ratio": 231.2,
            "debt_ratio": 55.11,
            "inventory_turnover_ratio": 2.11,
            "account_receivable_turnover_ratio": null,
            "reinvestment_rate": null,
            "research_to_sale_ratio": null,
            "price_fair": 70.93,
            "eps_avg_yearly": 2.03,
            "eps_latest_yearly": 1.52,
            "eps_growth_yearly": 30.07
        },
        "20051": {
            "year_quarter": 20051,
            "year": 2005,
            "quarter": 1,
            "eps": 0.22,
            "eps_growth_year": -12,
            "eps_4q": 0.6,
            "eps_4q_growth_year": -68.27,
            "roe": 1.52,
            "roe_4q": 4.2700000000000005,
            "gross_profit": 43741,
            "gross_margin": 13.19,
            "gross_margin_4q_avg": 11.07,
            "net_income": 6970,
            "revenue": 331589,
            "common_shares": 329446,
            "book_valuer_per_share": 14.11,
            "book_valuer_per_share_4q_avg": 14.16,
            "equity": 464981,
            "current_ratio": 281.05,
            "debt_ratio": 54.14,
            "inventory_turnover_ratio": 1.76,
            "account_receivable_turnover_ratio": null,
            "reinvestment_rate": null,
            "research_to_sale_ratio": null,
            "price_fair": 21.82,
            "eps_avg_yearly": 1.86,
            "eps_latest_yearly": 0.88,
            "eps_growth_yearly": 1.71
        },
        "20052": {
            "year_quarter": 20052,
            "year": 2005,
            "quarter": 2,
            "eps": 0.31,
            "eps_growth_year": null,
            "eps_4q": 0.97,
            "eps_4q_growth_year": -10.9,
            "roe": 2.38,
            "roe_4q": 7.609999999999999,
            "gross_profit": 52713,
            "gross_margin": 15.05,
            "gross_margin_4q_avg": 12.59,
            "net_income": 11051,
            "revenue": 350147,
            "common_shares": 331291,
            "book_valuer_per_share": 13.98,
            "book_valuer_per_share_4q_avg": 13.92,
            "equity": 463191,
            "current_ratio": 265.42,
            "debt_ratio": 54.99,
            "inventory_turnover_ratio": 1.68,
            "account_receivable_turnover_ratio": null,
            "reinvestment_rate": null,
            "research_to_sale_ratio": null,
            "price_fair": 57.04,
            "eps_avg_yearly": 1.79,
            "eps_latest_yearly": 1.24,
            "eps_growth_yearly": 21.95
        },
        "20053": {
            "year_quarter": 20053,
            "year": 2005,
            "quarter": 3,
            "eps": 0.3,
            "eps_growth_year": 172.73,
            "eps_4q": 1.16,
            "eps_4q_growth_year": 88.78,
            "roe": 2.23,
            "roe_4q": 9.009999999999998,
            "gross_profit": 38351,
            "gross_margin": 13.4,
            "gross_margin_4q_avg": 13.36,
            "net_income": 10796,
            "revenue": 286270,
            "common_shares": 385102,
            "book_valuer_per_share": 13.12,
            "book_valuer_per_share_4q_avg": 13.8,
            "equity": 505295,
            "current_ratio": 261.47,
            "debt_ratio": 51.95,
            "inventory_turnover_ratio": 1.24,
            "account_receivable_turnover_ratio": null,
            "reinvestment_rate": null,
            "research_to_sale_ratio": null,
            "price_fair": 48.3,
            "eps_avg_yearly": 1.72,
            "eps_latest_yearly": 1.2,
            "eps_growth_yearly": 18.08
        },
        "20054": {
            "year_quarter": 20054,
            "year": 2005,
            "quarter": 4,
            "eps": 0.63,
            "eps_growth_year": 65.79,
            "eps_4q": 1.41,
            "eps_4q_growth_year": 141.6,
            "roe": 4.4,
            "roe_4q": 10.530000000000001,
            "gross_profit": 75290,
            "gross_margin": 17.45,
            "gross_margin_4q_avg": 14.77,
            "net_income": 23160,
            "revenue": 431456,
            "common_shares": 404471,
            "book_valuer_per_share": 13.53,
            "book_valuer_per_share_4q_avg": 13.69,
            "equity": 547219,
            "current_ratio": 252.44,
            "debt_ratio": 50.71,
            "inventory_turnover_ratio": 1.75,
            "account_receivable_turnover_ratio": null,
            "reinvestment_rate": null,
            "research_to_sale_ratio": null,
            "price_fair": 63,
            "eps_avg_yearly": 1.8,
            "eps_latest_yearly": 2.52,
            "eps_growth_yearly": 60.27
        },
        "20061": {
            "year_quarter": 20061,
            "year": 2006,
            "quarter": 1,
            "eps": 0.07,
            "eps_growth_year": -68.18,
            "eps_4q": 1.1,
            "eps_4q_growth_year": 84.06,
            "roe": 0.53,
            "roe_4q": 9.54,
            "gross_profit": 36551,
            "gross_margin": 13.16,
            "gross_margin_4q_avg": 14.77,
            "net_income": 3060,
            "revenue": 277774,
            "common_shares": 458259,
            "book_valuer_per_share": 13.15,
            "book_valuer_per_share_4q_avg": 13.45,
            "equity": 602760,
            "current_ratio": 245.45,
            "debt_ratio": 44.49,
            "inventory_turnover_ratio": 1.13,
            "account_receivable_turnover_ratio": null,
            "reinvestment_rate": null,
            "research_to_sale_ratio": null,
            "price_fair": 53.96,
            "eps_avg_yearly": 1.66,
            "eps_latest_yearly": 0.28,
            "eps_growth_yearly": 22.47
        },
        "20062": {
            "year_quarter": 20062,
            "year": 2006,
            "quarter": 2,
            "eps": -0.16,
            "eps_growth_year": -151.61,
            "eps_4q": 0.64,
            "eps_4q_growth_year": -34.22,
            "roe": -1.3,
            "roe_4q": 5.86,
            "gross_profit": 41014,
            "gross_margin": 14.22,
            "gross_margin_4q_avg": 14.56,
            "net_income": -7716,
            "revenue": 288384,
            "common_shares": 460049,
            "book_valuer_per_share": 12.71,
            "book_valuer_per_share_4q_avg": 13.13,
            "equity": 584946,
            "current_ratio": 199.9,
            "debt_ratio": 42.03,
            "inventory_turnover_ratio": 1.08,
            "account_receivable_turnover_ratio": null,
            "reinvestment_rate": null,
            "research_to_sale_ratio": null,
            "price_fair": 53.34,
            "eps_avg_yearly": 1.52,
            "eps_latest_yearly": 0.28,
            "eps_growth_yearly": 61.19
        },
        "20063": {
            "year_quarter": 20063,
            "year": 2006,
            "quarter": 3,
            "eps": -0.19,
            "eps_growth_year": -163.33,
            "eps_4q": 0.18,
            "eps_4q_growth_year": -84.36,
            "roe": -1.6,
            "roe_4q": 2.0300000000000002,
            "gross_profit": 34873,
            "gross_margin": 12.84,
            "gross_margin_4q_avg": 14.42,
            "net_income": -9328,
            "revenue": 271589,
            "common_shares": 507578,
            "book_valuer_per_share": 11.41,
            "book_valuer_per_share_4q_avg": 12.7,
            "equity": 578926,
            "current_ratio": 197.33,
            "debt_ratio": 40.38,
            "inventory_turnover_ratio": 1.09,
            "account_receivable_turnover_ratio": null,
            "reinvestment_rate": null,
            "research_to_sale_ratio": null,
            "price_fair": 53.34,
            "eps_avg_yearly": 1.52,
            "eps_latest_yearly": 0.28,
            "eps_growth_yearly": 61.19
        },
        "20064": {
            "year_quarter": 20064,
            "year": 2006,
            "quarter": 4,
            "eps": -0.62,
            "eps_growth_year": -198.41,
            "eps_4q": -0.9,
            "eps_4q_growth_year": -163.65,
            "roe": -5.53,
            "roe_4q": -7.900000000000001,
            "gross_profit": 45966,
            "gross_margin": 12.55,
            "gross_margin_4q_avg": 13.19,
            "net_income": -31266,
            "revenue": 366340,
            "common_shares": 511997,
            "book_valuer_per_share": 10.76,
            "book_valuer_per_share_4q_avg": 12.01,
            "equity": 550877,
            "current_ratio": 180.95,
            "debt_ratio": 44.88,
            "inventory_turnover_ratio": 1.75,
            "account_receivable_turnover_ratio": null,
            "reinvestment_rate": 217.62,
            "research_to_sale_ratio": null,
            "price_fair": 53.34,
            "eps_avg_yearly": 1.52,
            "eps_latest_yearly": 0.28,
            "eps_growth_yearly": 61.19
        },
        "20071": {
            "year_quarter": 20071,
            "year": 2007,
            "quarter": 1,
            "eps": -0.06,
            "eps_growth_year": -185.71,
            "eps_4q": -0.99,
            "eps_4q_growth_year": -189.84,
            "roe": -0.53,
            "roe_4q": -8.96,
            "gross_profit": 42136,
            "gross_margin": 12.95,
            "gross_margin_4q_avg": 13.14,
            "net_income": -3124,
            "revenue": 325329,
            "common_shares": 511997,
            "book_valuer_per_share": 12.14,
            "book_valuer_per_share_4q_avg": 11.76,
            "equity": 621723,
            "current_ratio": 200.21,
            "debt_ratio": 39.05,
            "inventory_turnover_ratio": 2.3,
            "account_receivable_turnover_ratio": null,
            "reinvestment_rate": 149.3,
            "research_to_sale_ratio": null,
            "price_fair": 53.34,
            "eps_avg_yearly": 1.52,
            "eps_latest_yearly": 0.28,
            "eps_growth_yearly": 61.19
        },
        "20072": {
            "year_quarter": 20072,
            "year": 2007,
            "quarter": 2,
            "eps": 0.11,
            "eps_growth_year": null,
            "eps_4q": -0.62,
            "eps_4q_growth_year": -197.85,
            "roe": 1.04,
            "roe_4q": -6.620000000000001,
            "gross_profit": 41471,
            "gross_margin": 11.28,
            "gross_margin_4q_avg": 12.41,
            "net_income": 6559,
            "revenue": 367538,
            "common_shares": 603593,
            "book_valuer_per_share": 10.6,
            "book_valuer_per_share_4q_avg": 11.23,
            "equity": 640031,
            "current_ratio": 205.08,
            "debt_ratio": 35.45,
            "inventory_turnover_ratio": 4.94,
            "account_receivable_turnover_ratio": null,
            "reinvestment_rate": 178.03,
            "research_to_sale_ratio": null,
            "price_fair": 48.84,
            "eps_avg_yearly": 1.4,
            "eps_latest_yearly": 0.28,
            "eps_growth_yearly": 80.76
        },
        "20073": {
            "year_quarter": 20073,
            "year": 2007,
            "quarter": 3,
            "eps": 0.08,
            "eps_growth_year": null,
            "eps_4q": -0.37,
            "eps_4q_growth_year": -306.33,
            "roe": 0.76,
            "roe_4q": -4.26,
            "gross_profit": 46173,
            "gross_margin": 12.22,
            "gross_margin_4q_avg": 12.25,
            "net_income": 4915,
            "revenue": 377986,
            "common_shares": 607006,
            "book_valuer_per_share": 10.69,
            "book_valuer_per_share_4q_avg": 11.05,
            "equity": 648980,
            "current_ratio": 195.62,
            "debt_ratio": 36.03,
            "inventory_turnover_ratio": 11.84,
            "account_receivable_turnover_ratio": null,
            "reinvestment_rate": 210.28,
            "research_to_sale_ratio": null,
            "price_fair": 41.84,
            "eps_avg_yearly": 1.2,
            "eps_latest_yearly": 0.32,
            "eps_growth_yearly": 77.93
        },
        "20074": {
            "year_quarter": 20074,
            "year": 2007,
            "quarter": 4,
            "eps": -0.27,
            "eps_growth_year": null,
            "eps_4q": -0.14,
            "eps_4q_growth_year": null,
            "roe": -2.59,
            "roe_4q": -1.3199999999999998,
            "gross_profit": 21994,
            "gross_margin": 7.13,
            "gross_margin_4q_avg": 10.9,
            "net_income": -16642,
            "revenue": 308305,
            "common_shares": 607006,
            "book_valuer_per_share": 10.47,
            "book_valuer_per_share_4q_avg": 10.98,
            "equity": 635540,
            "current_ratio": 194.16,
            "debt_ratio": 41.07,
            "inventory_turnover_ratio": 2.75,
            "account_receivable_turnover_ratio": null,
            "reinvestment_rate": 1271.98,
            "research_to_sale_ratio": null,
            "price_fair": 39.2,
            "eps_avg_yearly": 1.12,
            "eps_latest_yearly": 0.32,
            "eps_growth_yearly": 95.21
        },
        "20081": {
            "year_quarter": 20081,
            "year": 2008,
            "quarter": 1,
            "eps": -0.52,
            "eps_growth_year": null,
            "eps_4q": -0.61,
            "eps_4q_growth_year": null,
            "roe": -5.11,
            "roe_4q": -5.9,
            "gross_profit": 9168,
            "gross_margin": 3.81,
            "gross_margin_4q_avg": 8.61,
            "net_income": -31494,
            "revenue": 240627,
            "common_shares": 607006,
            "book_valuer_per_share": 9.83,
            "book_valuer_per_share_4q_avg": 10.4,
            "equity": 596738,
            "current_ratio": 195.61,
            "debt_ratio": 40.1,
            "inventory_turnover_ratio": 1.35,
            "account_receivable_turnover_ratio": null,
            "reinvestment_rate": null,
            "research_to_sale_ratio": null,
            "price_fair": 39.8,
            "eps_avg_yearly": 1.14,
            "eps_latest_yearly": 0.32,
            "eps_growth_yearly": 134.21
        },
        "20082": {
            "year_quarter": 20082,
            "year": 2008,
            "quarter": 2,
            "eps": -0.59,
            "eps_growth_year": -636.36,
            "eps_4q": -1.3,
            "eps_4q_growth_year": null,
            "roe": -6.03,
            "roe_4q": -12.97,
            "gross_profit": 10085,
            "gross_margin": 3.32,
            "gross_margin_4q_avg": 6.62,
            "net_income": -35666,
            "revenue": 303897,
            "common_shares": 607006,
            "book_valuer_per_share": 9.65,
            "book_valuer_per_share_4q_avg": 10.16,
            "equity": 585963,
            "current_ratio": 237.01,
            "debt_ratio": 52.61,
            "inventory_turnover_ratio": 1.78,
            "account_receivable_turnover_ratio": null,
            "reinvestment_rate": null,
            "research_to_sale_ratio": null,
            "price_fair": 39.8,
            "eps_avg_yearly": 1.14,
            "eps_latest_yearly": 0.32,
            "eps_growth_yearly": 134.21
        },
        "20083": {
            "year_quarter": 20083,
            "year": 2008,
            "quarter": 3,
            "eps": -0.7,
            "eps_growth_year": -975,
            "eps_4q": -2.06,
            "eps_4q_growth_year": null,
            "roe": -7.44,
            "roe_4q": -21.17,
            "gross_profit": 1821,
            "gross_margin": 0.77,
            "gross_margin_4q_avg": 3.76,
            "net_income": -42441,
            "revenue": 237361,
            "common_shares": 613093,
            "book_valuer_per_share": 9.05,
            "book_valuer_per_share_4q_avg": 9.75,
            "equity": 555111,
            "current_ratio": 259.4,
            "debt_ratio": 50.01,
            "inventory_turnover_ratio": 1.3,
            "account_receivable_turnover_ratio": null,
            "reinvestment_rate": null,
            "research_to_sale_ratio": null,
            "price_fair": 39.8,
            "eps_avg_yearly": 1.14,
            "eps_latest_yearly": 0.32,
            "eps_growth_yearly": 134.21
        },
        "20084": {
            "year_quarter": 20084,
            "year": 2008,
            "quarter": 4,
            "eps": -1.03,
            "eps_growth_year": null,
            "eps_4q": -2.82,
            "eps_4q_growth_year": null,
            "roe": -11.77,
            "roe_4q": -30.35,
            "gross_profit": -17617,
            "gross_margin": -13.39,
            "gross_margin_4q_avg": -1.37,
            "net_income": -62631,
            "revenue": 131541,
            "common_shares": 622682,
            "book_valuer_per_share": 8.18,
            "book_valuer_per_share_4q_avg": 9.18,
            "equity": 509433,
            "current_ratio": 272.02,
            "debt_ratio": 46.29,
            "inventory_turnover_ratio": 0.89,
            "account_receivable_turnover_ratio": 2.23,
            "reinvestment_rate": null,
            "research_to_sale_ratio": null,
            "price_fair": 3.22,
            "eps_avg_yearly": 1.07,
            "eps_latest_yearly": 0.32,
            "eps_growth_yearly": -7.06
        },
        "20091": {
            "year_quarter": 20091,
            "year": 2009,
            "quarter": 1,
            "eps": -0.54,
            "eps_growth_year": null,
            "eps_4q": -2.8,
            "eps_4q_growth_year": null,
            "roe": -6.75,
            "roe_4q": -31.990000000000002,
            "gross_profit": -2138,
            "gross_margin": -1.95,
            "gross_margin_4q_avg": -2.81,
            "net_income": -33409,
            "revenue": 109848,
            "common_shares": 622682,
            "book_valuer_per_share": 7.73,
            "book_valuer_per_share_4q_avg": 8.65,
            "equity": 481053,
            "current_ratio": 225.04,
            "debt_ratio": 49.02,
            "inventory_turnover_ratio": 0.79,
            "account_receivable_turnover_ratio": 1.04,
            "reinvestment_rate": null,
            "research_to_sale_ratio": null,
            "price_fair": 38.92,
            "eps_avg_yearly": 1.11,
            "eps_latest_yearly": 0.32,
            "eps_growth_yearly": 25.22
        },
        "20092": {
            "year_quarter": 20092,
            "year": 2009,
            "quarter": 2,
            "eps": -1.16,
            "eps_growth_year": null,
            "eps_4q": -3.4,
            "eps_4q_growth_year": null,
            "roe": -16.29,
            "roe_4q": -42.25,
            "gross_profit": -16296,
            "gross_margin": -12.02,
            "gross_margin_4q_avg": -6.65,
            "net_income": -72959,
            "revenue": 135518,
            "common_shares": 622682,
            "book_valuer_per_share": 6.66,
            "book_valuer_per_share_4q_avg": 7.91,
            "equity": 414807,
            "current_ratio": 133.03,
            "debt_ratio": 56.87,
            "inventory_turnover_ratio": 1.08,
            "account_receivable_turnover_ratio": 1.41,
            "reinvestment_rate": null,
            "research_to_sale_ratio": null,
            "price_fair": 3.24,
            "eps_avg_yearly": 1.08,
            "eps_latest_yearly": 0.32,
            "eps_growth_yearly": -9.39
        },
        "20093": {
            "year_quarter": 20093,
            "year": 2009,
            "quarter": 3,
            "eps": -0.16,
            "eps_growth_year": null,
            "eps_4q": -2.82,
            "eps_4q_growth_year": null,
            "roe": -2.39,
            "roe_4q": -37.2,
            "gross_profit": 18619,
            "gross_margin": 7.08,
            "gross_margin_4q_avg": -5.07,
            "net_income": -10031,
            "revenue": 263148,
            "common_shares": 635263,
            "book_valuer_per_share": 6.68,
            "book_valuer_per_share_4q_avg": 7.31,
            "equity": 424513,
            "current_ratio": 134.36,
            "debt_ratio": 57.05,
            "inventory_turnover_ratio": 1.76,
            "account_receivable_turnover_ratio": 2.06,
            "reinvestment_rate": null,
            "research_to_sale_ratio": null,
            "price_fair": 3.12,
            "eps_avg_yearly": 1.04,
            "eps_latest_yearly": 0.32,
            "eps_growth_yearly": -8.22
        },
        "20094": {
            "year_quarter": 20094,
            "year": 2009,
            "quarter": 4,
            "eps": -0.39,
            "eps_growth_year": null,
            "eps_4q": -2.72,
            "eps_4q_growth_year": null,
            "roe": -3.41,
            "roe_4q": -28.84,
            "gross_profit": 13553,
            "gross_margin": 6.51,
            "gross_margin_4q_avg": -0.09,
            "net_income": -15811,
            "revenue": 208140,
            "common_shares": 485952,
            "book_valuer_per_share": 10.37,
            "book_valuer_per_share_4q_avg": 7.86,
            "equity": 504158,
            "current_ratio": 160.91,
            "debt_ratio": 48.6,
            "inventory_turnover_ratio": 1.49,
            "account_receivable_turnover_ratio": 2.48,
            "reinvestment_rate": null,
            "research_to_sale_ratio": null,
            "price_fair": 0.9,
            "eps_avg_yearly": 0.3,
            "eps_latest_yearly": 0.32,
            "eps_growth_yearly": -232.32
        },
        "20101": {
            "year_quarter": 20101,
            "year": 2010,
            "quarter": 1,
            "eps": -0.29,
            "eps_growth_year": null,
            "eps_4q": -2.27,
            "eps_4q_growth_year": null,
            "roe": -2.78,
            "roe_4q": -24.869999999999997,
            "gross_profit": 11975,
            "gross_margin": 7.34,
            "gross_margin_4q_avg": 2.23,
            "net_income": -14030,
            "revenue": 163074,
            "common_shares": 485952,
            "book_valuer_per_share": 10.15,
            "book_valuer_per_share_4q_avg": 8.47,
            "equity": 504326,
            "current_ratio": 168.88,
            "debt_ratio": 44.71,
            "inventory_turnover_ratio": 0.95,
            "account_receivable_turnover_ratio": 1.06,
            "reinvestment_rate": null,
            "research_to_sale_ratio": 4.87,
            "price_fair": 0.96,
            "eps_avg_yearly": 0.32,
            "eps_latest_yearly": 0.32,
            "eps_growth_yearly": -109.09
        },
        "20102": {
            "year_quarter": 20102,
            "year": 2010,
            "quarter": 2,
            "eps": -0.17,
            "eps_growth_year": null,
            "eps_4q": -0.91,
            "eps_4q_growth_year": null,
            "roe": -1.7,
            "roe_4q": -10.28,
            "gross_profit": 18414,
            "gross_margin": 7.74,
            "gross_margin_4q_avg": 7.17,
            "net_income": -8965,
            "revenue": 237802,
            "common_shares": 496911,
            "book_valuer_per_share": 10.26,
            "book_valuer_per_share_4q_avg": 9.37,
            "equity": 547694,
            "current_ratio": 159.01,
            "debt_ratio": 48.21,
            "inventory_turnover_ratio": 0.95,
            "account_receivable_turnover_ratio": 1.58,
            "reinvestment_rate": null,
            "research_to_sale_ratio": 2.99,
            "price_fair": 0.96,
            "eps_avg_yearly": 0.32,
            "eps_latest_yearly": 0.32,
            "eps_growth_yearly": -109.09
        },
        "20103": {
            "year_quarter": 20103,
            "year": 2010,
            "quarter": 3,
            "eps": -0.22,
            "eps_growth_year": null,
            "eps_4q": -0.92,
            "eps_4q_growth_year": null,
            "roe": -2.23,
            "roe_4q": -10.12,
            "gross_profit": 17212,
            "gross_margin": 8.01,
            "gross_margin_4q_avg": 7.4,
            "net_income": -12387,
            "revenue": 214934,
            "common_shares": 533760,
            "book_valuer_per_share": 10.12,
            "book_valuer_per_share_4q_avg": 10.23,
            "equity": 560857,
            "current_ratio": 182.47,
            "debt_ratio": 41.32,
            "inventory_turnover_ratio": 0.84,
            "account_receivable_turnover_ratio": 1.35,
            "reinvestment_rate": null,
            "research_to_sale_ratio": 3.96,
            "price_fair": 0.96,
            "eps_avg_yearly": 0.32,
            "eps_latest_yearly": 0.32,
            "eps_growth_yearly": -109.09
        },
        "20104": {
            "year_quarter": 20104,
            "year": 2010,
            "quarter": 4,
            "eps": 0.73,
            "eps_growth_year": null,
            "eps_4q": 0.1,
            "eps_4q_growth_year": null,
            "roe": 7.06,
            "roe_4q": 0.3500000000000001,
            "gross_profit": -9291,
            "gross_margin": -4.94,
            "gross_margin_4q_avg": 4.54,
            "net_income": 41060,
            "revenue": 188254,
            "common_shares": 554376,
            "book_valuer_per_share": 10.75,
            "book_valuer_per_share_4q_avg": 10.32,
            "equity": 601846,
            "current_ratio": 367.05,
            "debt_ratio": 22.79,
            "inventory_turnover_ratio": 1.24,
            "account_receivable_turnover_ratio": 1.35,
            "reinvestment_rate": null,
            "research_to_sale_ratio": 4.78,
            "price_fair": 0.96,
            "eps_avg_yearly": 0.32,
            "eps_latest_yearly": 0.32,
            "eps_growth_yearly": -109.09
        },
        "20111": {
            "year_quarter": 20111,
            "year": 2011,
            "quarter": 1,
            "eps": -0.72,
            "eps_growth_year": null,
            "eps_4q": -0.37,
            "eps_4q_growth_year": null,
            "roe": -6.92,
            "roe_4q": -3.79,
            "gross_profit": -10450,
            "gross_margin": -12.69,
            "gross_margin_4q_avg": -0.47,
            "net_income": -40634,
            "revenue": 82349,
            "common_shares": 559924,
            "book_valuer_per_share": 10.11,
            "book_valuer_per_share_4q_avg": 10.31,
            "equity": 572232,
            "current_ratio": 405.93,
            "debt_ratio": 20.39,
            "inventory_turnover_ratio": 0.73,
            "account_receivable_turnover_ratio": 0.83,
            "reinvestment_rate": null,
            "research_to_sale_ratio": 9.85,
            "price_fair": 0.96,
            "eps_avg_yearly": 0.32,
            "eps_latest_yearly": 0.32,
            "eps_growth_yearly": -109.09
        },
        "20112": {
            "year_quarter": 20112,
            "year": 2011,
            "quarter": 2,
            "eps": -0.93,
            "eps_growth_year": null,
            "eps_4q": -1.14,
            "eps_4q_growth_year": null,
            "roe": -9.62,
            "roe_4q": -11.71,
            "gross_profit": -17947,
            "gross_margin": -21.01,
            "gross_margin_4q_avg": -7.66,
            "net_income": -52451,
            "revenue": 85436,
            "common_shares": 566088,
            "book_valuer_per_share": 9.16,
            "book_valuer_per_share_4q_avg": 10.04,
            "equity": 518585,
            "current_ratio": 440.23,
            "debt_ratio": 18.11,
            "inventory_turnover_ratio": 0.89,
            "account_receivable_turnover_ratio": 1.03,
            "reinvestment_rate": null,
            "research_to_sale_ratio": 9.55,
            "price_fair": 0.96,
            "eps_avg_yearly": 0.32,
            "eps_latest_yearly": 0.32,
            "eps_growth_yearly": -109.09
        },
        "20113": {
            "year_quarter": 20113,
            "year": 2011,
            "quarter": 3,
            "eps": -0.8,
            "eps_growth_year": null,
            "eps_4q": -1.72,
            "eps_4q_growth_year": null,
            "roe": -9.14,
            "roe_4q": -18.62,
            "gross_profit": -23803,
            "gross_margin": -61.3,
            "gross_margin_4q_avg": -24.99,
            "net_income": -45429,
            "revenue": 38828,
            "common_shares": 566088,
            "book_valuer_per_share": 8.41,
            "book_valuer_per_share_4q_avg": 9.61,
            "equity": 475968,
            "current_ratio": 554.12,
            "debt_ratio": 13.77,
            "inventory_turnover_ratio": 0.68,
            "account_receivable_turnover_ratio": 0.53,
            "reinvestment_rate": null,
            "research_to_sale_ratio": 12.55,
            "price_fair": 0,
            "eps_avg_yearly": 0,
            "eps_latest_yearly": 0,
            "eps_growth_yearly": 0
        },
        "20114": {
            "year_quarter": 20114,
            "year": 2011,
            "quarter": 4,
            "eps": -2.28,
            "eps_growth_year": -411.57,
            "eps_4q": -4.73,
            "eps_4q_growth_year": -4766.02,
            "roe": -31.57,
            "roe_4q": -57.25,
            "gross_profit": -42694,
            "gross_margin": -813.22,
            "gross_margin_4q_avg": -227.06,
            "net_income": -129340,
            "revenue": 5250,
            "common_shares": 566088,
            "book_valuer_per_share": 6.07,
            "book_valuer_per_share_4q_avg": 8.44,
            "equity": 343404,
            "current_ratio": 601.58,
            "debt_ratio": 11.17,
            "inventory_turnover_ratio": 0.86,
            "account_receivable_turnover_ratio": 0.15,
            "reinvestment_rate": null,
            "research_to_sale_ratio": 18.17,
            "price_fair": 0,
            "eps_avg_yearly": 0,
            "eps_latest_yearly": 0,
            "eps_growth_yearly": 0
        },
        "20121": {
            "year_quarter": 20121,
            "year": 2012,
            "quarter": 1,
            "eps": -0.81,
            "eps_growth_year": null,
            "eps_4q": -4.82,
            "eps_4q_growth_year": null,
            "roe": -14.27,
            "roe_4q": -64.60000000000001,
            "gross_profit": -18557,
            "gross_margin": -2337.15,
            "gross_margin_4q_avg": -808.17,
            "net_income": -45739,
            "revenue": 794,
            "common_shares": 566088,
            "book_valuer_per_share": 5.26,
            "book_valuer_per_share_4q_avg": 7.23,
            "equity": 297545,
            "current_ratio": 505.74,
            "debt_ratio": 12.83,
            "inventory_turnover_ratio": 0.96,
            "account_receivable_turnover_ratio": 0.08,
            "reinvestment_rate": null,
            "research_to_sale_ratio": 104.16,
            "price_fair": 0,
            "eps_avg_yearly": 0,
            "eps_latest_yearly": 0,
            "eps_growth_yearly": 0
        },
        "20122": {
            "year_quarter": 20122,
            "year": 2012,
            "quarter": 2,
            "eps": -3.24,
            "eps_growth_year": null,
            "eps_4q": -7.13,
            "eps_4q_growth_year": null,
            "roe": -89.05,
            "roe_4q": -144.02999999999997,
            "gross_profit": -9758,
            "gross_margin": -110.43,
            "gross_margin_4q_avg": -830.53,
            "net_income": -183374,
            "revenue": 8836,
            "common_shares": 566088,
            "book_valuer_per_share": 2.02,
            "book_valuer_per_share_4q_avg": 5.44,
            "equity": 114313,
            "current_ratio": 622.8,
            "debt_ratio": 41.31,
            "inventory_turnover_ratio": 2.83,
            "account_receivable_turnover_ratio": 1.46,
            "reinvestment_rate": null,
            "research_to_sale_ratio": -4.97,
            "price_fair": 0,
            "eps_avg_yearly": 0,
            "eps_latest_yearly": 0,
            "eps_growth_yearly": 0
        },
        "20123": {
            "year_quarter": 20123,
            "year": 2012,
            "quarter": 3,
            "eps": -0.33,
            "eps_growth_year": null,
            "eps_4q": -6.66,
            "eps_4q_growth_year": null,
            "roe": -17.7,
            "roe_4q": -152.59,
            "gross_profit": -1800,
            "gross_margin": -55.44,
            "gross_margin_4q_avg": -829.06,
            "net_income": -18695,
            "revenue": 3247,
            "common_shares": 566088,
            "book_valuer_per_share": 1.71,
            "book_valuer_per_share_4q_avg": 3.77,
            "equity": 96924,
            "current_ratio": 475.56,
            "debt_ratio": 46.21,
            "inventory_turnover_ratio": null,
            "account_receivable_turnover_ratio": 0.9,
            "reinvestment_rate": null,
            "research_to_sale_ratio": -3.91,
            "price_fair": 0,
            "eps_avg_yearly": 0,
            "eps_latest_yearly": 0,
            "eps_growth_yearly": 0
        },
        "20124": {
            "year_quarter": 20124,
            "year": 2012,
            "quarter": 4,
            "eps": -0.77,
            "eps_growth_year": null,
            "eps_4q": -5.14,
            "eps_4q_growth_year": null,
            "roe": -57.69,
            "roe_4q": -178.71,
            "gross_profit": -1544,
            "gross_margin": 6176,
            "gross_margin_4q_avg": 918.25,
            "net_income": -43333,
            "revenue": -25,
            "common_shares": 566088,
            "book_valuer_per_share": 0.94,
            "book_valuer_per_share_4q_avg": 2.48,
            "equity": 53294,
            "current_ratio": 434.33,
            "debt_ratio": 61.56,
            "inventory_turnover_ratio": null,
            "account_receivable_turnover_ratio": -0.03,
            "reinvestment_rate": null,
            "research_to_sale_ratio": -20,
            "price_fair": 0,
            "eps_avg_yearly": 0,
            "eps_latest_yearly": 0,
            "eps_growth_yearly": 0
        },
        "20131": {
            "year_quarter": 20131,
            "year": 2013,
            "quarter": 1,
            "eps": -0.47,
            "eps_growth_year": null,
            "eps_4q": -4.81,
            "eps_4q_growth_year": null,
            "roe": -71.19,
            "roe_4q": -235.63,
            "gross_profit": 72,
            "gross_margin": 2.04,
            "gross_margin_4q_avg": 1503.04,
            "net_income": -26826,
            "revenue": 3535,
            "common_shares": 566088,
            "book_valuer_per_share": 0.39,
            "book_valuer_per_share_4q_avg": 1.27,
            "equity": 22066,
            "current_ratio": 343.95,
            "debt_ratio": 81.79,
            "inventory_turnover_ratio": null,
            "account_receivable_turnover_ratio": 1.5,
            "reinvestment_rate": null,
            "research_to_sale_ratio": 7.02,
            "price_fair": 0,
            "eps_avg_yearly": 0,
            "eps_latest_yearly": 0,
            "eps_growth_yearly": 0
        },
        "20132": {
            "year_quarter": 20132,
            "year": 2013,
            "quarter": 2,
            "eps": -0.25,
            "eps_growth_year": null,
            "eps_4q": -1.82,
            "eps_4q_growth_year": null,
            "roe": -103.73,
            "roe_4q": -250.31,
            "gross_profit": 3198,
            "gross_margin": 17.72,
            "gross_margin_4q_avg": 1535.08,
            "net_income": -14158,
            "revenue": 18047,
            "common_shares": 566088,
            "book_valuer_per_share": 0.09,
            "book_valuer_per_share_4q_avg": 0.78,
            "equity": 5233,
            "current_ratio": 313.21,
            "debt_ratio": 94.76,
            "inventory_turnover_ratio": null,
            "account_receivable_turnover_ratio": 1.95,
            "reinvestment_rate": null,
            "research_to_sale_ratio": -1.37,
            "price_fair": 0,
            "eps_avg_yearly": 0,
            "eps_latest_yearly": 0,
            "eps_growth_yearly": 0
        },
        "20133": {
            "year_quarter": 20133,
            "year": 2013,
            "quarter": 3,
            "eps": 0.04,
            "eps_growth_year": null,
            "eps_4q": -1.45,
            "eps_4q_growth_year": null,
            "roe": 29.85,
            "roe_4q": -202.76,
            "gross_profit": 1939,
            "gross_margin": 22.46,
            "gross_margin_4q_avg": 1554.56,
            "net_income": 2230,
            "revenue": 8635,
            "common_shares": 566088,
            "book_valuer_per_share": 0.17,
            "book_valuer_per_share_4q_avg": 0.4,
            "equity": 9709,
            "current_ratio": 354.68,
            "debt_ratio": 88.01,
            "inventory_turnover_ratio": null,
            "account_receivable_turnover_ratio": 0.9,
            "reinvestment_rate": null,
            "research_to_sale_ratio": 0,
            "price_fair": 0,
            "eps_avg_yearly": 0,
            "eps_latest_yearly": 0,
            "eps_growth_yearly": 0
        },
        "20134": {
            "year_quarter": 20134,
            "year": 2013,
            "quarter": 4,
            "eps": 0.29,
            "eps_growth_year": null,
            "eps_4q": -0.22,
            "eps_4q_growth_year": null,
            "roe": 55.83,
            "roe_4q": -89.24,
            "gross_profit": 1868,
            "gross_margin": 32.9,
            "gross_margin_4q_avg": 18.78,
            "net_income": 22006,
            "revenue": 5677,
            "common_shares": 766088,
            "book_valuer_per_share": 0.51,
            "book_valuer_per_share_4q_avg": 0.29,
            "equity": 69120,
            "current_ratio": 307.32,
            "debt_ratio": 57.88,
            "inventory_turnover_ratio": null,
            "account_receivable_turnover_ratio": 1.11,
            "reinvestment_rate": null,
            "research_to_sale_ratio": 0,
            "price_fair": 40.6,
            "eps_avg_yearly": 1.16,
            "eps_latest_yearly": 1.16,
            "eps_growth_yearly": 2500
        },
        "20141": {
            "year_quarter": 20141,
            "year": 2014,
            "quarter": 1,
            "eps": -0.07,
            "eps_growth_year": null,
            "eps_4q": 0.06,
            "eps_4q_growth_year": null,
            "roe": -8.03,
            "roe_4q": -26.08,
            "gross_profit": 4728,
            "gross_margin": 34.62,
            "gross_margin_4q_avg": 26.93,
            "net_income": -5342,
            "revenue": 13657,
            "common_shares": 766088,
            "book_valuer_per_share": 0.84,
            "book_valuer_per_share_4q_avg": 0.4,
            "equity": 63980,
            "current_ratio": 284.4,
            "debt_ratio": 61.32,
            "inventory_turnover_ratio": 3.33,
            "account_receivable_turnover_ratio": 3.41,
            "reinvestment_rate": null,
            "research_to_sale_ratio": 0,
            "price_fair": 40.6,
            "eps_avg_yearly": 1.16,
            "eps_latest_yearly": 1.16,
            "eps_growth_yearly": 2500
        },
        "20142": {
            "year_quarter": 20142,
            "year": 2014,
            "quarter": 2,
            "eps": -0.04,
            "eps_growth_year": null,
            "eps_4q": 0.21,
            "eps_4q_growth_year": null,
            "roe": -4.32,
            "roe_4q": 73.33,
            "gross_profit": 2307,
            "gross_margin": 100,
            "gross_margin_4q_avg": 47.5,
            "net_income": -2761,
            "revenue": 2307,
            "common_shares": 766088,
            "book_valuer_per_share": 0.83,
            "book_valuer_per_share_4q_avg": 0.59,
            "equity": 63863,
            "current_ratio": 290.01,
            "debt_ratio": 60.98,
            "inventory_turnover_ratio": 0,
            "account_receivable_turnover_ratio": 1.17,
            "reinvestment_rate": null,
            "research_to_sale_ratio": 2.6,
            "price_fair": 40.6,
            "eps_avg_yearly": 1.16,
            "eps_latest_yearly": 1.16,
            "eps_growth_yearly": 2500
        },
        "20143": {
            "year_quarter": 20143,
            "year": 2014,
            "quarter": 3,
            "eps": -0.05,
            "eps_growth_year": -225,
            "eps_4q": 0.13,
            "eps_4q_growth_year": null,
            "roe": -6.44,
            "roe_4q": 37.04,
            "gross_profit": 952,
            "gross_margin": 100,
            "gross_margin_4q_avg": 66.88,
            "net_income": -3884,
            "revenue": 952,
            "common_shares": 766088,
            "book_valuer_per_share": 0.74,
            "book_valuer_per_share_4q_avg": 0.73,
            "equity": 56705,
            "current_ratio": 275.69,
            "debt_ratio": 63.89,
            "inventory_turnover_ratio": 0,
            "account_receivable_turnover_ratio": 2.09,
            "reinvestment_rate": null,
            "research_to_sale_ratio": 4.73,
            "price_fair": 40.6,
            "eps_avg_yearly": 1.16,
            "eps_latest_yearly": 1.16,
            "eps_growth_yearly": 2500
        },
        "20144": {
            "year_quarter": 20144,
            "year": 2014,
            "quarter": 4,
            "eps": -0.02,
            "eps_growth_year": -106.92,
            "eps_4q": -0.14,
            "eps_4q_growth_year": null,
            "roe": -2.61,
            "roe_4q": -21.4,
            "gross_profit": 1353,
            "gross_margin": 100,
            "gross_margin_4q_avg": 83.66,
            "net_income": -1920,
            "revenue": 1353,
            "common_shares": 966088,
            "book_valuer_per_share": 0.93,
            "book_valuer_per_share_4q_avg": 0.84,
            "equity": 90202,
            "current_ratio": 1647.39,
            "debt_ratio": 38.97,
            "inventory_turnover_ratio": 0,
            "account_receivable_turnover_ratio": null,
            "reinvestment_rate": null,
            "research_to_sale_ratio": 3.03,
            "price_fair": 40.6,
            "eps_avg_yearly": 1.16,
            "eps_latest_yearly": 1.16,
            "eps_growth_yearly": 2500
        },
        "20151": {
            "year_quarter": 20151,
            "year": 2015,
            "quarter": 1,
            "eps": -0.05,
            "eps_growth_year": null,
            "eps_4q": -0.13,
            "eps_4q_growth_year": -317.16,
            "roe": -4.97,
            "roe_4q": -18.34,
            "gross_profit": 0,
            "gross_margin": null,
            "gross_margin_4q_avg": 75,
            "net_income": -4405,
            "revenue": 0,
            "common_shares": 966088,
            "book_valuer_per_share": 0.9,
            "book_valuer_per_share_4q_avg": 0.85,
            "equity": 87128,
            "current_ratio": 1724.2,
            "debt_ratio": 38.84,
            "inventory_turnover_ratio": null,
            "account_receivable_turnover_ratio": null,
            "reinvestment_rate": null,
            "research_to_sale_ratio": null,
            "price_fair": 40.6,
            "eps_avg_yearly": 1.16,
            "eps_latest_yearly": 1.16,
            "eps_growth_yearly": 2500
        },
        "20152": {
            "year_quarter": 20152,
            "year": 2015,
            "quarter": 2,
            "eps": -0.22,
            "eps_growth_year": null,
            "eps_4q": -0.33,
            "eps_4q_growth_year": -256.65,
            "roe": -28.03,
            "roe_4q": -42.05,
            "gross_profit": 119,
            "gross_margin": 100,
            "gross_margin_4q_avg": 75,
            "net_income": -21662,
            "revenue": 119,
            "common_shares": 966088,
            "book_valuer_per_share": 0.7,
            "book_valuer_per_share_4q_avg": 0.82,
            "equity": 67461,
            "current_ratio": 377.53,
            "debt_ratio": 55.53,
            "inventory_turnover_ratio": null,
            "account_receivable_turnover_ratio": null,
            "reinvestment_rate": null,
            "research_to_sale_ratio": 4.2,
            "price_fair": 40.6,
            "eps_avg_yearly": 1.16,
            "eps_latest_yearly": 1.16,
            "eps_growth_yearly": 2500
        },
        "20153": {
            "year_quarter": 20153,
            "year": 2015,
            "quarter": 3,
            "eps": -0.03,
            "eps_growth_year": null,
            "eps_4q": -0.29,
            "eps_4q_growth_year": -321.67,
            "roe": -3.74,
            "roe_4q": -39.35,
            "gross_profit": 119,
            "gross_margin": 100,
            "gross_margin_4q_avg": 75,
            "net_income": -2919,
            "revenue": 119,
            "common_shares": 1066088,
            "book_valuer_per_share": 0.83,
            "book_valuer_per_share_4q_avg": 0.84,
            "equity": 88698,
            "current_ratio": 2352.66,
            "debt_ratio": 38.82,
            "inventory_turnover_ratio": null,
            "account_receivable_turnover_ratio": null,
            "reinvestment_rate": null,
            "research_to_sale_ratio": 3.36,
            "price_fair": 40.6,
            "eps_avg_yearly": 1.16,
            "eps_latest_yearly": 1.16,
            "eps_growth_yearly": 2500
        },
        "20154": {
            "year_quarter": 20154,
            "year": 2015,
            "quarter": 4,
            "eps": -0.23,
            "eps_growth_year": null,
            "eps_4q": -0.5,
            "eps_4q_growth_year": null,
            "roe": -30.7,
            "roe_4q": -67.44,
            "gross_profit": 0,
            "gross_margin": null,
            "gross_margin_4q_avg": 50,
            "net_income": -24268,
            "revenue": 0,
            "common_shares": 1066088,
            "book_valuer_per_share": 0.65,
            "book_valuer_per_share_4q_avg": 0.77,
            "equity": 69400,
            "current_ratio": 2078.68,
            "debt_ratio": 45.41,
            "inventory_turnover_ratio": null,
            "account_receivable_turnover_ratio": null,
            "reinvestment_rate": null,
            "research_to_sale_ratio": null,
            "price_fair": 40.6,
            "eps_avg_yearly": 1.16,
            "eps_latest_yearly": 1.16,
            "eps_growth_yearly": 2500
        },
        "20161": {
            "year_quarter": 20161,
            "year": 2016,
            "quarter": 1,
            "eps": -0.05,
            "eps_growth_year": null,
            "eps_4q": -0.5,
            "eps_4q_growth_year": null,
            "roe": -7.3,
            "roe_4q": -69.77000000000001,
            "gross_profit": 12,
            "gross_margin": 1.24,
            "gross_margin_4q_avg": 50.31,
            "net_income": -4915,
            "revenue": 964,
            "common_shares": 1066088,
            "book_valuer_per_share": 0.61,
            "book_valuer_per_share_4q_avg": 0.7,
            "equity": 65233,
            "current_ratio": 2334.2,
            "debt_ratio": 45.98,
            "inventory_turnover_ratio": null,
            "account_receivable_turnover_ratio": null,
            "reinvestment_rate": null,
            "research_to_sale_ratio": 0.52,
            "price_fair": 40.6,
            "eps_avg_yearly": 1.16,
            "eps_latest_yearly": 1.16,
            "eps_growth_yearly": 2500
        },
        "20162": {
            "year_quarter": 20162,
            "year": 2016,
            "quarter": 2,
            "eps": -0.07,
            "eps_growth_year": null,
            "eps_4q": -0.37,
            "eps_4q_growth_year": null,
            "roe": -12.25,
            "roe_4q": -53.99,
            "gross_profit": 0,
            "gross_margin": null,
            "gross_margin_4q_avg": 25.31,
            "net_income": -7743,
            "revenue": 0,
            "common_shares": 1066088,
            "book_valuer_per_share": 0.57,
            "book_valuer_per_share_4q_avg": 0.67,
            "equity": 61140,
            "current_ratio": 2313.06,
            "debt_ratio": 47.62,
            "inventory_turnover_ratio": null,
            "account_receivable_turnover_ratio": null,
            "reinvestment_rate": null,
            "research_to_sale_ratio": null,
            "price_fair": 40.6,
            "eps_avg_yearly": 1.16,
            "eps_latest_yearly": 1.16,
            "eps_growth_yearly": 2500
        },
        "20163": {
            "year_quarter": 20163,
            "year": 2016,
            "quarter": 3,
            "eps": null,
            "eps_growth_year": null,
            "eps_4q": null,
            "eps_4q_growth_year": null,
            "roe": null,
            "roe_4q": -50.25,
            "gross_profit": null,
            "gross_margin": null,
            "gross_margin_4q_avg": 0.31,
            "net_income": null,
            "revenue": null,
            "common_shares": null,
            "book_valuer_per_share": null,
            "book_valuer_per_share_4q_avg": 0.46,
            "equity": null,
            "current_ratio": null,
            "debt_ratio": null,
            "inventory_turnover_ratio": null,
            "account_receivable_turnover_ratio": null,
            "reinvestment_rate": null,
            "research_to_sale_ratio": null,
            "price_fair": 40.6,
            "eps_avg_yearly": 1.16,
            "eps_latest_yearly": 1.16,
            "eps_growth_yearly": 2500
        }
    },
    "months": {
        "2003-11": {
            "month": "2003-11",
            "price": "34.00",
            "revenue": 161787
        },
        "2003-12": {
            "month": "2003-12",
            "price": "27.75",
            "revenue": 109646
        },
        "2004-01": {
            "month": "2004-01",
            "price": "26.36",
            "revenue": 64330
        },
        "2004-02": {
            "month": "2004-02",
            "price": "25.25",
            "revenue": 126390
        },
        "2004-03": {
            "month": "2004-03",
            "price": "24.19",
            "revenue": 132922
        },
        "2004-04": {
            "month": "2004-04",
            "price": "21.99",
            "revenue": 130011
        },
        "2004-05": {
            "month": "2004-05",
            "price": "16.60",
            "revenue": 82389
        },
        "2004-06": {
            "month": "2004-06",
            "price": "14.98",
            "revenue": 81723
        },
        "2004-07": {
            "month": "2004-07",
            "price": "13.06",
            "revenue": 91890
        },
        "2004-08": {
            "month": "2004-08",
            "price": "12.92",
            "revenue": 101931
        },
        "2004-09": {
            "month": "2004-09",
            "price": "11.61",
            "revenue": 167673
        },
        "2004-10": {
            "month": "2004-10",
            "price": "11.13",
            "revenue": 181632
        },
        "2004-11": {
            "month": "2004-11",
            "price": "10.57",
            "revenue": 154967
        },
        "2004-12": {
            "month": "2004-12",
            "price": "10.40",
            "revenue": 145219
        },
        "2005-01": {
            "month": "2005-01",
            "price": "10.17",
            "revenue": 114452
        },
        "2005-02": {
            "month": "2005-02",
            "price": "10.57",
            "revenue": 76140
        },
        "2005-03": {
            "month": "2005-03",
            "price": "10.68",
            "revenue": 140998
        },
        "2005-04": {
            "month": "2005-04",
            "price": "10.06",
            "revenue": 118157
        },
        "2005-05": {
            "month": "2005-05",
            "price": "9.87",
            "revenue": 120040
        },
        "2005-06": {
            "month": "2005-06",
            "price": "10.91",
            "revenue": 111951
        },
        "2005-07": {
            "month": "2005-07",
            "price": "12.48",
            "revenue": 79700
        },
        "2005-08": {
            "month": "2005-08",
            "price": "10.26",
            "revenue": 107102
        },
        "2005-09": {
            "month": "2005-09",
            "price": "10.29",
            "revenue": 99468
        },
        "2005-10": {
            "month": "2005-10",
            "price": "9.78",
            "revenue": 132843
        },
        "2005-11": {
            "month": "2005-11",
            "price": "9.58",
            "revenue": 156201
        },
        "2005-12": {
            "month": "2005-12",
            "price": "11.03",
            "revenue": 142369
        },
        "2006-01": {
            "month": "2006-01",
            "price": "12.72",
            "revenue": 93931
        },
        "2006-02": {
            "month": "2006-02",
            "price": "12.74",
            "revenue": 83273
        },
        "2006-03": {
            "month": "2006-03",
            "price": "11.92",
            "revenue": 100571
        },
        "2006-04": {
            "month": "2006-04",
            "price": "12.58",
            "revenue": 106279
        },
        "2006-05": {
            "month": "2006-05",
            "price": "11.28",
            "revenue": 85622
        },
        "2006-06": {
            "month": "2006-06",
            "price": "9.06",
            "revenue": 98385
        },
        "2006-07": {
            "month": "2006-07",
            "price": "8.76",
            "revenue": 78386
        },
        "2006-08": {
            "month": "2006-08",
            "price": "7.79",
            "revenue": 89866
        },
        "2006-09": {
            "month": "2006-09",
            "price": "7.11",
            "revenue": 106069
        },
        "2006-10": {
            "month": "2006-10",
            "price": "7.37",
            "revenue": 142619
        },
        "2006-11": {
            "month": "2006-11",
            "price": "7.84",
            "revenue": 108064
        },
        "2006-12": {
            "month": "2006-12",
            "price": "9.11",
            "revenue": 115562
        },
        "2007-01": {
            "month": "2007-01",
            "price": "11.03",
            "revenue": 96810
        },
        "2007-02": {
            "month": "2007-02",
            "price": "13.12",
            "revenue": 83925
        },
        "2007-03": {
            "month": "2007-03",
            "price": "19.68",
            "revenue": 144593
        },
        "2007-04": {
            "month": "2007-04",
            "price": "19.42",
            "revenue": 118315
        },
        "2007-05": {
            "month": "2007-05",
            "price": "17.57",
            "revenue": 131293
        },
        "2007-06": {
            "month": "2007-06",
            "price": "19.61",
            "revenue": 117932
        },
        "2007-07": {
            "month": "2007-07",
            "price": "21.24",
            "revenue": 92643
        },
        "2007-08": {
            "month": "2007-08",
            "price": "17.51",
            "revenue": 156334
        },
        "2007-09": {
            "month": "2007-09",
            "price": "16.27",
            "revenue": 129008
        },
        "2007-10": {
            "month": "2007-10",
            "price": "14.98",
            "revenue": 109465
        },
        "2007-11": {
            "month": "2007-11",
            "price": "10.97",
            "revenue": 121528
        },
        "2007-12": {
            "month": "2007-12",
            "price": "9.73",
            "revenue": 77312
        },
        "2008-01": {
            "month": "2008-01",
            "price": "8.66",
            "revenue": 70688
        },
        "2008-02": {
            "month": "2008-02",
            "price": "8.35",
            "revenue": 55592
        },
        "2008-03": {
            "month": "2008-03",
            "price": "8.43",
            "revenue": 114347
        },
        "2008-04": {
            "month": "2008-04",
            "price": "9.67",
            "revenue": 104442
        },
        "2008-05": {
            "month": "2008-05",
            "price": "12.17",
            "revenue": 105987
        },
        "2008-06": {
            "month": "2008-06",
            "price": "11.09",
            "revenue": 93468
        },
        "2008-07": {
            "month": "2008-07",
            "price": "9.16",
            "revenue": 83684
        },
        "2008-08": {
            "month": "2008-08",
            "price": "7.90",
            "revenue": 78310
        },
        "2008-09": {
            "month": "2008-09",
            "price": "6.82",
            "revenue": 75366
        },
        "2008-10": {
            "month": "2008-10",
            "price": "6.28",
            "revenue": 50598
        },
        "2008-11": {
            "month": "2008-11",
            "price": "10.48",
            "revenue": 39905
        },
        "2008-12": {
            "month": "2008-12",
            "price": "9.13",
            "revenue": 41038
        },
        "2009-01": {
            "month": "2009-01",
            "price": "7.84",
            "revenue": 26181
        },
        "2009-02": {
            "month": "2009-02",
            "price": "6.06",
            "revenue": 33606
        },
        "2009-03": {
            "month": "2009-03",
            "price": "6.15",
            "revenue": 50061
        },
        "2009-04": {
            "month": "2009-04",
            "price": "6.75",
            "revenue": 52859
        },
        "2009-05": {
            "month": "2009-05",
            "price": "5.28",
            "revenue": 42361
        },
        "2009-06": {
            "month": "2009-06",
            "price": "5.00",
            "revenue": 40297
        },
        "2009-07": {
            "month": "2009-07",
            "price": "5.01",
            "revenue": 58892
        },
        "2009-08": {
            "month": "2009-08",
            "price": "6.15",
            "revenue": 108836
        },
        "2009-09": {
            "month": "2009-09",
            "price": "9.06",
            "revenue": 95420
        },
        "2009-10": {
            "month": "2009-10",
            "price": "11.45",
            "revenue": 66123
        },
        "2009-11": {
            "month": "2009-11",
            "price": "11.16",
            "revenue": 73112
        },
        "2009-12": {
            "month": "2009-12",
            "price": "12.05",
            "revenue": 68906
        },
        "2010-01": {
            "month": "2010-01",
            "price": "12.21",
            "revenue": 47812
        },
        "2010-02": {
            "month": "2010-02",
            "price": "11.83",
            "revenue": 40901
        },
        "2010-03": {
            "month": "2010-03",
            "price": "19.12",
            "revenue": 72708
        },
        "2010-04": {
            "month": "2010-04",
            "price": "19.27",
            "revenue": 88938
        },
        "2010-05": {
            "month": "2010-05",
            "price": "20.80",
            "revenue": 86704
        },
        "2010-06": {
            "month": "2010-06",
            "price": "20.60",
            "revenue": 56640
        },
        "2010-07": {
            "month": "2010-07",
            "price": "18.47",
            "revenue": 62229
        },
        "2010-08": {
            "month": "2010-08",
            "price": "20.30",
            "revenue": 71975
        },
        "2010-09": {
            "month": "2010-09",
            "price": "20.49",
            "revenue": 73136
        },
        "2010-10": {
            "month": "2010-10",
            "price": "20.88",
            "revenue": 73711
        },
        "2010-11": {
            "month": "2010-11",
            "price": "20.06",
            "revenue": 52878
        },
        "2010-12": {
            "month": "2010-12",
            "price": "19.82",
            "revenue": 67757
        },
        "2011-01": {
            "month": "2011-01",
            "price": "20.57",
            "revenue": 26932
        },
        "2011-02": {
            "month": "2011-02",
            "price": "20.27",
            "revenue": 15339
        },
        "2011-03": {
            "month": "2011-03",
            "price": "23.90",
            "revenue": 35712
        },
        "2011-04": {
            "month": "2011-04",
            "price": "25.52",
            "revenue": 34625
        },
        "2011-05": {
            "month": "2011-05",
            "price": "18.02",
            "revenue": 26003
        },
        "2011-06": {
            "month": "2011-06",
            "price": "19.15",
            "revenue": 28372
        },
        "2011-07": {
            "month": "2011-07",
            "price": "18.14",
            "revenue": 10383
        },
        "2011-08": {
            "month": "2011-08",
            "price": "12.70",
            "revenue": 10346
        },
        "2011-09": {
            "month": "2011-09",
            "price": "13.37",
            "revenue": 18096
        },
        "2011-10": {
            "month": "2011-10",
            "price": "13.75",
            "revenue": 3102
        },
        "2011-11": {
            "month": "2011-11",
            "price": "13.12",
            "revenue": 0
        },
        "2011-12": {
            "month": "2011-12",
            "price": "9.97",
            "revenue": 0
        },
        "2012-01": {
            "month": "2012-01",
            "price": "5.53",
            "revenue": 0
        },
        "2012-02": {
            "month": "2012-02",
            "price": "8.29",
            "revenue": 0
        },
        "2012-03": {
            "month": "2012-03",
            "price": "9.30",
            "revenue": 4
        },
        "2012-04": {
            "month": "2012-04",
            "price": "7.71",
            "revenue": 473
        },
        "2012-05": {
            "month": "2012-05",
            "price": "6.87",
            "revenue": 0
        },
        "2012-06": {
            "month": "2012-06",
            "price": "6.76",
            "revenue": 0
        },
        "2012-07": {
            "month": "2012-07",
            "price": "5.30",
            "revenue": 4
        },
        "2012-08": {
            "month": "2012-08",
            "price": "5.18",
            "revenue": 0
        },
        "2012-09": {
            "month": "2012-09",
            "price": "4.52",
            "revenue": 0
        },
        "2012-10": {
            "month": "2012-10",
            "price": "4.63",
            "revenue": 2
        },
        "2012-11": {
            "month": "2012-11",
            "price": "4.15",
            "revenue": 0
        },
        "2012-12": {
            "month": "2012-12",
            "price": "4.56",
            "revenue": 0
        },
        "2013-01": {
            "month": "2013-01",
            "price": "4.24",
            "revenue": 327
        },
        "2013-02": {
            "month": "2013-02",
            "price": "3.19",
            "revenue": 328
        },
        "2013-04": {
            "month": "2013-04",
            "price": "2.11",
            "revenue": 9322
        },
        "2013-05": {
            "month": "2013-05",
            "price": "2.12",
            "revenue": 2698
        },
        "2013-06": {
            "month": "2013-06",
            "price": "2.60",
            "revenue": 6027
        },
        "2013-07": {
            "month": "2013-07",
            "price": "2.05",
            "revenue": 3997
        },
        "2013-08": {
            "month": "2013-08",
            "price": "1.92",
            "revenue": 2855
        },
        "2013-09": {
            "month": "2013-09",
            "price": "2.14",
            "revenue": 1783
        },
        "2013-10": {
            "month": "2013-10",
            "price": "2.25",
            "revenue": 3924
        },
        "2013-11": {
            "month": "2013-11",
            "price": "2.21",
            "revenue": 1162
        },
        "2013-12": {
            "month": "2013-12",
            "price": "3.00",
            "revenue": 591
        },
        "2014-01": {
            "month": "2014-01",
            "price": "6.17",
            "revenue": 876
        },
        "2014-02": {
            "month": "2014-02",
            "price": "7.45",
            "revenue": 11905
        },
        "2014-03": {
            "month": "2014-03",
            "price": "6.04",
            "revenue": 876
        },
        "2014-04": {
            "month": "2014-04",
            "price": "5.69",
            "revenue": 876
        },
        "2014-05": {
            "month": "2014-05",
            "price": "4.42",
            "revenue": 0
        },
        "2014-06": {
            "month": "2014-06",
            "price": "4.68",
            "revenue": 1431
        },
        "2014-07": {
            "month": "2014-07",
            "price": "3.84",
            "revenue": 476
        },
        "2014-08": {
            "month": "2014-08",
            "price": "3.21",
            "revenue": 238
        },
        "2014-09": {
            "month": "2014-09",
            "price": "3.18",
            "revenue": 238
        },
        "2014-10": {
            "month": "2014-10",
            "price": "2.95",
            "revenue": 238
        },
        "2014-11": {
            "month": "2014-11",
            "price": "3.91",
            "revenue": 239
        },
        "2014-12": {
            "month": "2014-12",
            "price": "3.62",
            "revenue": 876
        },
        "2015-01": {
            "month": "2015-01",
            "price": "3.16",
            "revenue": 500
        },
        "2015-02": {
            "month": "2015-02",
            "price": "3.04",
            "revenue": 500
        },
        "2015-03": {
            "month": "2015-03",
            "price": "4.10",
            "revenue": 650
        },
        "2015-04": {
            "month": "2015-04",
            "price": "4.09",
            "revenue": 650
        },
        "2015-05": {
            "month": "2015-05",
            "price": "3.69",
            "revenue": 850
        },
        "2015-06": {
            "month": "2015-06",
            "price": "3.80",
            "revenue": 469
        },
        "2015-07": {
            "month": "2015-07",
            "price": "2.46",
            "revenue": 119
        },
        "2015-08": {
            "month": "2015-08",
            "price": "1.84",
            "revenue": 0
        },
        "2015-09": {
            "month": "2015-09",
            "price": "2.42",
            "revenue": 0
        },
        "2015-10": {
            "month": "2015-10",
            "price": "2.09",
            "revenue": 0
        },
        "2015-11": {
            "month": "2015-11",
            "price": "2.43",
            "revenue": 0
        },
        "2015-12": {
            "month": "2015-12",
            "price": "2.19",
            "revenue": 0
        },
        "2016-01": {
            "month": "2016-01",
            "price": "2.30",
            "revenue": 963
        },
        "2016-02": {
            "month": "2016-02",
            "price": "1.96",
            "revenue": 0
        },
        "2016-03": {
            "month": "2016-03",
            "price": "2.05",
            "revenue": 0
        },
        "2016-04": {
            "month": "2016-04",
            "price": "1.91",
            "revenue": 0
        },
        "2016-05": {
            "month": "2016-05",
            "price": "1.90",
            "revenue": 0
        },
        "2016-06": {
            "month": "2016-06",
            "price": "2.28",
            "revenue": 0
        },
        "2016-07": {
            "month": "2016-07",
            "price": "2.05",
            "revenue": 0
        },
        "2016-08": {
            "month": "2016-08",
            "price": "1.55",
            "revenue": 5906
        },
        "2016-09": {
            "month": "2016-09",
            "price": "0.98",
            "revenue": 6232
        }
    }
}
