{
    "summary": {
        "stock_name": "瑞穎",
        "stock_id": "8083",
        "category": "電機機械",
        "main_business": "運動器材之零組件、培林、機械零組件之製造及買賣業務<br>電子、電腦零組件之製造及買賣業務<br>前項產品之進出口貿易業務",
        "website_url": "http://www.prohawk.com.tw",
        "ceo": "陳柏津",
        "pe_ratio": 24,
        "report_year_from": 2001,
        "report_year_to": 2023,
        "age": 23,
        "eps_negative_percentage": 0,
        "eps_growth_avg": {
            "last_all": 7.31,
            "last_2y": -18.59,
            "last_4y": -5.77,
            "last_8y": -2.97,
            "last_12y": 12.57,
            "last_16y": 7.4,
            "last_20y": null,
            "at_2006_last_3y": null,
            "at_2007_last_3y": 2.45,
            "at_2008_last_3y": -0.2,
            "at_2009_last_3y": -0.87,
            "at_2010_last_3y": -9.4,
            "at_2011_last_3y": 18.26,
            "at_2012_last_3y": 31.45,
            "at_2013_last_3y": 40.17,
            "at_2014_last_3y": 47.54,
            "at_2015_last_3y": 22.85,
            "at_2016_last_3y": 19.88,
            "at_2017_last_3y": 11.02,
            "at_2018_last_3y": 0.52,
            "at_2019_last_3y": 1.16,
            "at_2020_last_3y": 2.57,
            "at_2021_last_3y": 4.68,
            "at_2022_last_3y": 5.02,
            "at_2023_last_3y": -8.16,
            "at_2024_last_3y": -8.16,
            "at_2006_last_all": 6.81,
            "at_2007_last_all": 2.45,
            "at_2008_last_all": -2.72,
            "at_2009_last_all": -5.1,
            "at_2010_last_all": -2.45,
            "at_2011_last_all": 10.36,
            "at_2012_last_all": 12.47,
            "at_2013_last_all": 13.01,
            "at_2014_last_all": 15.73,
            "at_2015_last_all": 14.52,
            "at_2016_last_all": 14.75,
            "at_2017_last_all": 12.44,
            "at_2018_last_all": 11.67,
            "at_2019_last_all": 11.18,
            "at_2020_last_all": 11.88,
            "at_2021_last_all": 10.72,
            "at_2022_last_all": 10.27,
            "at_2023_last_all": 7.31,
            "at_2024_last_all": 7.31
        },
        "latest_eps": 6.02,
        "latest_price": 146,
        "latest_roe": 18.53,
        "latest_gross_margin": 39.76,
        "latest_equity": 1067455,
        "latest_revenue": 334351,
        "latest_gross_profit": 132948,
        "latest_net_income": 85333,
        "latest_debt_ratio": 37.64,
        "latest_current_ratio": 156.56,
        "latest_account_receivable_turnover_ratio": 1.28,
        "latest_inventory_turnover_ratio": 0.39,
        "latest_reinvestment_rate": -2.19,
        "latest_research_to_sale_ratio": 0.88
    },
    "eps_dividends": {
        "2001": {
            "cash": 0,
            "stock": 0,
            "eps": 0
        },
        "2002": {
            "cash": 1.2,
            "stock": 1.5,
            "eps": 0
        },
        "2003": {
            "cash": 1.7,
            "stock": 1,
            "eps": 2.73
        },
        "2004": {
            "cash": 1.7,
            "stock": 1,
            "eps": 2.38
        },
        "2005": {
            "cash": 1.7,
            "stock": 0.8,
            "eps": 2.04
        },
        "2006": {
            "cash": 1.5,
            "stock": 0.5,
            "eps": 3.01
        },
        "2007": {
            "cash": 2,
            "stock": 0.5,
            "eps": 2.69
        },
        "2008": {
            "cash": 2,
            "stock": 0.3,
            "eps": 2.06
        },
        "2009": {
            "cash": 1.6,
            "stock": 0,
            "eps": 1.71
        },
        "2010": {
            "cash": 1.6,
            "stock": 0,
            "eps": 1.94
        },
        "2011": {
            "cash": 2.3,
            "stock": 0,
            "eps": 4.02
        },
        "2012": {
            "cash": 3,
            "stock": 0,
            "eps": 5.2
        },
        "2013": {
            "cash": 4,
            "stock": 0,
            "eps": 6.13
        },
        "2014": {
            "cash": 5,
            "stock": 0,
            "eps": 8.76
        },
        "2015": {
            "cash": 7.5,
            "stock": 0,
            "eps": 8.87
        },
        "2016": {
            "cash": 7.8,
            "stock": 0,
            "eps": 10.42
        },
        "2017": {
            "cash": 8.5,
            "stock": 0,
            "eps": 8.59
        },
        "2018": {
            "cash": 8.5,
            "stock": 0,
            "eps": 8.67
        },
        "2019": {
            "cash": 8.8,
            "stock": 0,
            "eps": 9
        },
        "2020": {
            "cash": 9,
            "stock": 0,
            "eps": 11.08
        },
        "2021": {
            "cash": 10,
            "stock": 0,
            "eps": 10.07
        },
        "2022": {
            "cash": 10.2,
            "stock": 0,
            "eps": 10.3
        },
        "2023": {
            "cash": 10.2,
            "stock": 0,
            "eps": 5.26
        }
    },
    "dividends": {
        "2002-04-24": {
            "cash": 1.2,
            "stock": 1.5
        },
        "2003-05-30": {
            "cash": 1.7,
            "stock": 1
        },
        "2004-02-12": {
            "cash": 1.7,
            "stock": 1
        },
        "2005-02-24": {
            "cash": 1.7,
            "stock": 0.8
        },
        "2006-03-02": {
            "cash": 1.5,
            "stock": 0.5
        },
        "2007-02-09": {
            "cash": 2,
            "stock": 0.5
        },
        "2008-02-29": {
            "cash": 2,
            "stock": 0.3
        },
        "2009-02-26": {
            "cash": 1.6,
            "stock": 0
        },
        "2010-03-02": {
            "cash": 1.6,
            "stock": 0
        },
        "2011-02-25": {
            "cash": 2.3,
            "stock": 0
        },
        "2012-05-24": {
            "cash": 3,
            "stock": 0
        },
        "2013-05-30": {
            "cash": 4,
            "stock": 0
        },
        "2014-05-26": {
            "cash": 5,
            "stock": 0
        },
        "2015-08-07": {
            "cash": 7.5,
            "stock": 0
        },
        "2016-08-05": {
            "cash": 7.8,
            "stock": 0
        },
        "2017-08-09": {
            "cash": 8.5,
            "stock": 0
        },
        "2018-08-03": {
            "cash": 8.5,
            "stock": 0
        },
        "2019-07-26": {
            "cash": 8.8,
            "stock": 0
        },
        "2020-08-06": {
            "cash": 9,
            "stock": 0
        },
        "2021-07-30": {
            "cash": 10,
            "stock": 0
        },
        "2022-07-28": {
            "cash": 10.2,
            "stock": 0
        },
        "2023-07-28": {
            "cash": 10.2,
            "stock": 0
        }
    },
    "prices": {
        "200101": "無",
        "200102": "無",
        "200103": "無",
        "200104": "無",
        "200105": "無",
        "200106": "無",
        "200107": "無",
        "200108": "無",
        "200109": "無",
        "200110": "無",
        "200111": "無",
        "200112": "無",
        "200201": "無",
        "200202": "無",
        "200203": "無",
        "200204": "無",
        "200205": "無",
        "200206": "無",
        "200207": "無",
        "200208": "無",
        "200209": "無",
        "200210": "無",
        "200211": "無",
        "200212": "無",
        "200301": "無",
        "200302": "無",
        "200303": "無",
        "200304": "無",
        "200305": "無",
        "200306": "無",
        "200307": "無",
        "200308": "無",
        "200309": "無",
        "200310": "無",
        "200311": "無",
        "200312": "28.05",
        "200401": "28.10",
        "200402": "28.05",
        "200403": "29.99",
        "200404": "31.66",
        "200405": "31.90",
        "200406": "31.92",
        "200407": "34.90",
        "200408": "33.93",
        "200409": "36.82",
        "200410": "34.62",
        "200411": "31.17",
        "200412": "30.17",
        "200501": "28.03",
        "200502": "29.74",
        "200503": "29.12",
        "200504": "29.22",
        "200505": "29.04",
        "200506": "27.56",
        "200507": "25.99",
        "200508": "25.65",
        "200509": "28.90",
        "200510": "27.69",
        "200511": "26.94",
        "200512": "26.50",
        "200601": "29.72",
        "200602": "30.78",
        "200603": "32.91",
        "200604": "34.16",
        "200605": "36.50",
        "200606": "37.36",
        "200607": "36.90",
        "200608": "36.73",
        "200609": "36.39",
        "200610": "35.79",
        "200611": "36.08",
        "200612": "36.23",
        "200701": "39.30",
        "200702": "38.72",
        "200703": "38.20",
        "200704": "37.82",
        "200705": "37.49",
        "200706": "38.66",
        "200707": "37.35",
        "200708": "34.99",
        "200709": "34.22",
        "200710": "33.82",
        "200711": "33.48",
        "200712": "33.60",
        "200801": "32.61",
        "200802": "32.33",
        "200803": "31.98",
        "200804": "31.69",
        "200805": "32.15",
        "200806": "32.37",
        "200807": "30.72",
        "200808": "28.58",
        "200809": "26.20",
        "200810": "24.05",
        "200811": "20.08",
        "200812": "18.57",
        "200901": "18.57",
        "200902": "19.66",
        "200903": "20.53",
        "200904": "23.22",
        "200905": "22.62",
        "200906": "22.18",
        "200907": "22.37",
        "200908": "21.41",
        "200909": "21.34",
        "200910": "22.48",
        "200911": "23.80",
        "200912": "24.93",
        "201001": "25.48",
        "201002": "24.89",
        "201003": "26.65",
        "201004": "30.61",
        "201005": "29.88",
        "201006": "30.68",
        "201007": "29.87",
        "201008": "30.16",
        "201009": "31.18",
        "201010": "34.25",
        "201011": "33.88",
        "201012": "34.14",
        "201101": "34.27",
        "201102": "33.74",
        "201103": "33.97",
        "201104": "34.16",
        "201105": "34.15",
        "201106": "34.25",
        "201107": "35.08",
        "201108": "36.10",
        "201109": "36.00",
        "201110": "35.78",
        "201111": "36.26",
        "201112": "36.66",
        "201201": "36.90",
        "201202": "41.38",
        "201203": "56.19",
        "201204": "55.46",
        "201205": "56.09",
        "201206": "56.85",
        "201207": "59.44",
        "201208": "67.10",
        "201209": "63.20",
        "201210": "60.90",
        "201211": "57.98",
        "201212": "57.35",
        "201301": "58.50",
        "201302": "60.86",
        "201303": "61.19",
        "201304": "58.84",
        "201305": "63.26",
        "201306": "67.69",
        "201307": "76.77",
        "201308": "79.37",
        "201309": "81.35",
        "201310": "82.15",
        "201311": "79.62",
        "201312": "83.11",
        "201401": "91.25",
        "201402": "106.65",
        "201403": "125.17",
        "201404": "131.81",
        "201405": "137.74",
        "201406": "143.65",
        "201407": "132.20",
        "201408": "132.45",
        "201409": "134.33",
        "201410": "126.61",
        "201411": "122.12",
        "201412": "124.23",
        "201501": "128.95",
        "201502": "143.00",
        "201503": "166.86",
        "201504": "165.70",
        "201505": "169.92",
        "201506": "158.76",
        "201507": "139.30",
        "201508": "133.57",
        "201509": "133.82",
        "201510": "135.00",
        "201511": "138.05",
        "201512": "133.65",
        "201601": "129.52",
        "201602": "135.04",
        "201603": "137.00",
        "201604": "135.53",
        "201605": "139.21",
        "201606": "146.26",
        "201607": "147.45",
        "201608": "164.67",
        "201609": "161.24",
        "201610": "160.22",
        "201611": "153.05",
        "201612": "154.50",
        "201701": "156.69",
        "201702": "161.83",
        "201703": "164.67",
        "201704": "171.14",
        "201705": "164.25",
        "201706": "158.93",
        "201707": "147.05",
        "201708": "140.57",
        "201709": "138.39",
        "201710": "140.00",
        "201711": "141.86",
        "201712": "139.40",
        "201801": "136.64",
        "201802": "139.38",
        "201803": "141.04",
        "201804": "141.22",
        "201805": "139.93",
        "201806": "142.65",
        "201807": "132.41",
        "201808": "136.70",
        "201809": "136.97",
        "201810": "130.39",
        "201811": "129.95",
        "201812": "129.05",
        "201901": "131.50",
        "201902": "142.81",
        "201903": "149.22",
        "201904": "152.65",
        "201905": "148.07",
        "201906": "150.66",
        "201907": "145.41",
        "201908": "142.86",
        "201909": "144.24",
        "201910": "141.10",
        "201911": "145.98",
        "201912": "145.25",
        "202001": "145.47",
        "202002": "150.21",
        "202003": "139.82",
        "202004": "148.45",
        "202005": "157.38",
        "202006": "168.48",
        "202007": "163.72",
        "202008": "163.43",
        "202009": "177.86",
        "202010": "200.21",
        "202011": "198.07",
        "202012": "199.93",
        "202101": "188.18",
        "202102": "188.04",
        "202103": "196.09",
        "202104": "202.92",
        "202105": "189.21",
        "202106": "190.67",
        "202107": "188.61",
        "202108": "184.93",
        "202109": "184.42",
        "202110": "181.20",
        "202111": "173.68",
        "202112": "177.61",
        "202201": "176.50",
        "202202": "180.10",
        "202203": "179.26",
        "202204": "177.95",
        "202205": "175.07",
        "202206": "176.60",
        "202207": "169.43",
        "202208": "173.74",
        "202209": "175.55",
        "202210": "161.92",
        "202211": "162.89",
        "202212": "165.80",
        "202301": "163.85",
        "202302": "161.06",
        "202303": "156.37",
        "202304": "149.12",
        "202305": "147.18",
        "202306": "155.30",
        "202307": "148.83",
        "202308": "148.27",
        "202309": "152.18",
        "202310": "151.32",
        "202311": "147.57",
        "202312": "147.05"
    },
    "quarters": {
        "20011": {
            "year_quarter": 20011,
            "year": 2001,
            "quarter": 1,
            "eps": null,
            "eps_growth_year": null,
            "eps_4q": null,
            "eps_4q_growth_year": null,
            "roe": null,
            "roe_4q": 0,
            "gross_profit": null,
            "gross_margin": null,
            "gross_margin_4q_avg": 0,
            "net_income": null,
            "net_income_4q": null,
            "revenue": null,
            "revenue_4q": null,
            "common_shares": null,
            "book_valuer_per_share": null,
            "book_valuer_per_share_4q_avg": 0,
            "equity": null,
            "current_ratio": null,
            "debt_ratio": null,
            "inventory_turnover_ratio": null,
            "account_receivable_turnover_ratio": null,
            "reinvestment_rate": null,
            "research_to_sale_ratio": null,
            "price_fair": 0,
            "eps_avg_yearly": 0,
            "eps_latest_yearly": 0,
            "eps_growth_yearly": 0
        },
        "20012": {
            "year_quarter": 20012,
            "year": 2001,
            "quarter": 2,
            "eps": null,
            "eps_growth_year": null,
            "eps_4q": null,
            "eps_4q_growth_year": null,
            "roe": null,
            "roe_4q": 0,
            "gross_profit": null,
            "gross_margin": null,
            "gross_margin_4q_avg": 0,
            "net_income": null,
            "net_income_4q": null,
            "revenue": null,
            "revenue_4q": null,
            "common_shares": null,
            "book_valuer_per_share": null,
            "book_valuer_per_share_4q_avg": 0,
            "equity": null,
            "current_ratio": null,
            "debt_ratio": null,
            "inventory_turnover_ratio": null,
            "account_receivable_turnover_ratio": null,
            "reinvestment_rate": null,
            "research_to_sale_ratio": null,
            "price_fair": 0,
            "eps_avg_yearly": 0,
            "eps_latest_yearly": 0,
            "eps_growth_yearly": 0
        },
        "20013": {
            "year_quarter": 20013,
            "year": 2001,
            "quarter": 3,
            "eps": null,
            "eps_growth_year": null,
            "eps_4q": null,
            "eps_4q_growth_year": null,
            "roe": null,
            "roe_4q": 0,
            "gross_profit": null,
            "gross_margin": null,
            "gross_margin_4q_avg": 0,
            "net_income": null,
            "net_income_4q": null,
            "revenue": null,
            "revenue_4q": null,
            "common_shares": null,
            "book_valuer_per_share": null,
            "book_valuer_per_share_4q_avg": 0,
            "equity": null,
            "current_ratio": null,
            "debt_ratio": null,
            "inventory_turnover_ratio": null,
            "account_receivable_turnover_ratio": null,
            "reinvestment_rate": null,
            "research_to_sale_ratio": null,
            "price_fair": 0,
            "eps_avg_yearly": 0,
            "eps_latest_yearly": 0,
            "eps_growth_yearly": 0
        },
        "20014": {
            "year_quarter": 20014,
            "year": 2001,
            "quarter": 4,
            "eps": null,
            "eps_growth_year": null,
            "eps_4q": null,
            "eps_4q_growth_year": null,
            "roe": null,
            "roe_4q": 0,
            "gross_profit": null,
            "gross_margin": null,
            "gross_margin_4q_avg": 0,
            "net_income": null,
            "net_income_4q": null,
            "revenue": null,
            "revenue_4q": null,
            "common_shares": 165366,
            "book_valuer_per_share": 16.76,
            "book_valuer_per_share_4q_avg": 4.19,
            "equity": 277212,
            "current_ratio": 87.31,
            "debt_ratio": 54.62,
            "inventory_turnover_ratio": null,
            "account_receivable_turnover_ratio": null,
            "reinvestment_rate": null,
            "research_to_sale_ratio": null,
            "price_fair": 0,
            "eps_avg_yearly": 0,
            "eps_latest_yearly": 0,
            "eps_growth_yearly": 0
        },
        "20021": {
            "year_quarter": 20021,
            "year": 2002,
            "quarter": 1,
            "eps": null,
            "eps_growth_year": null,
            "eps_4q": null,
            "eps_4q_growth_year": null,
            "roe": null,
            "roe_4q": 0,
            "gross_profit": null,
            "gross_margin": null,
            "gross_margin_4q_avg": 0,
            "net_income": null,
            "net_income_4q": null,
            "revenue": null,
            "revenue_4q": null,
            "common_shares": null,
            "book_valuer_per_share": null,
            "book_valuer_per_share_4q_avg": 4.19,
            "equity": null,
            "current_ratio": null,
            "debt_ratio": null,
            "inventory_turnover_ratio": null,
            "account_receivable_turnover_ratio": null,
            "reinvestment_rate": null,
            "research_to_sale_ratio": null,
            "price_fair": 0,
            "eps_avg_yearly": 0,
            "eps_latest_yearly": 0,
            "eps_growth_yearly": 0
        },
        "20022": {
            "year_quarter": 20022,
            "year": 2002,
            "quarter": 2,
            "eps": null,
            "eps_growth_year": null,
            "eps_4q": null,
            "eps_4q_growth_year": null,
            "roe": null,
            "roe_4q": 0,
            "gross_profit": null,
            "gross_margin": null,
            "gross_margin_4q_avg": 0,
            "net_income": null,
            "net_income_4q": null,
            "revenue": null,
            "revenue_4q": null,
            "common_shares": null,
            "book_valuer_per_share": null,
            "book_valuer_per_share_4q_avg": 4.19,
            "equity": null,
            "current_ratio": null,
            "debt_ratio": null,
            "inventory_turnover_ratio": null,
            "account_receivable_turnover_ratio": null,
            "reinvestment_rate": null,
            "research_to_sale_ratio": null,
            "price_fair": 0,
            "eps_avg_yearly": 0,
            "eps_latest_yearly": 0,
            "eps_growth_yearly": 0
        },
        "20023": {
            "year_quarter": 20023,
            "year": 2002,
            "quarter": 3,
            "eps": null,
            "eps_growth_year": null,
            "eps_4q": null,
            "eps_4q_growth_year": null,
            "roe": null,
            "roe_4q": 0,
            "gross_profit": null,
            "gross_margin": null,
            "gross_margin_4q_avg": 0,
            "net_income": null,
            "net_income_4q": null,
            "revenue": null,
            "revenue_4q": null,
            "common_shares": null,
            "book_valuer_per_share": null,
            "book_valuer_per_share_4q_avg": 4.19,
            "equity": null,
            "current_ratio": null,
            "debt_ratio": null,
            "inventory_turnover_ratio": null,
            "account_receivable_turnover_ratio": null,
            "reinvestment_rate": null,
            "research_to_sale_ratio": null,
            "price_fair": 0,
            "eps_avg_yearly": 0,
            "eps_latest_yearly": 0,
            "eps_growth_yearly": 0
        },
        "20024": {
            "year_quarter": 20024,
            "year": 2002,
            "quarter": 4,
            "eps": null,
            "eps_growth_year": null,
            "eps_4q": null,
            "eps_4q_growth_year": null,
            "roe": null,
            "roe_4q": 0,
            "gross_profit": null,
            "gross_margin": null,
            "gross_margin_4q_avg": 0,
            "net_income": null,
            "net_income_4q": null,
            "revenue": null,
            "revenue_4q": null,
            "common_shares": 192909,
            "book_valuer_per_share": 15.73,
            "book_valuer_per_share_4q_avg": 3.93,
            "equity": 303419,
            "current_ratio": 95.41,
            "debt_ratio": 56.57,
            "inventory_turnover_ratio": null,
            "account_receivable_turnover_ratio": null,
            "reinvestment_rate": null,
            "research_to_sale_ratio": null,
            "price_fair": 0,
            "eps_avg_yearly": 0,
            "eps_latest_yearly": 0,
            "eps_growth_yearly": 0
        },
        "20031": {
            "year_quarter": 20031,
            "year": 2003,
            "quarter": 1,
            "eps": 0.42,
            "eps_growth_year": null,
            "eps_4q": null,
            "eps_4q_growth_year": null,
            "roe": 2.63,
            "roe_4q": 2.63,
            "gross_profit": 36122,
            "gross_margin": 38.43,
            "gross_margin_4q_avg": 9.61,
            "net_income": 8091,
            "net_income_4q": null,
            "revenue": 93990,
            "revenue_4q": null,
            "common_shares": 192909,
            "book_valuer_per_share": 16.15,
            "book_valuer_per_share_4q_avg": 7.97,
            "equity": 311510,
            "current_ratio": 98.41,
            "debt_ratio": 52.52,
            "inventory_turnover_ratio": 1.19,
            "account_receivable_turnover_ratio": null,
            "reinvestment_rate": null,
            "research_to_sale_ratio": null,
            "price_fair": 0,
            "eps_avg_yearly": 0,
            "eps_latest_yearly": 0,
            "eps_growth_yearly": 0
        },
        "20032": {
            "year_quarter": 20032,
            "year": 2003,
            "quarter": 2,
            "eps": 0.72,
            "eps_growth_year": null,
            "eps_4q": null,
            "eps_4q_growth_year": null,
            "roe": 5.14,
            "roe_4q": 7.77,
            "gross_profit": 31403,
            "gross_margin": 36.12,
            "gross_margin_4q_avg": 18.64,
            "net_income": 15568,
            "net_income_4q": null,
            "revenue": 86934,
            "revenue_4q": null,
            "common_shares": 192909,
            "book_valuer_per_share": 15.23,
            "book_valuer_per_share_4q_avg": 11.78,
            "equity": 293764,
            "current_ratio": 80.47,
            "debt_ratio": 54.06,
            "inventory_turnover_ratio": 1.11,
            "account_receivable_turnover_ratio": null,
            "reinvestment_rate": null,
            "research_to_sale_ratio": null,
            "price_fair": 100.8,
            "eps_avg_yearly": 2.88,
            "eps_latest_yearly": 2.88,
            "eps_growth_yearly": 285.71
        },
        "20033": {
            "year_quarter": 20033,
            "year": 2003,
            "quarter": 3,
            "eps": 0.69,
            "eps_growth_year": null,
            "eps_4q": null,
            "eps_4q_growth_year": null,
            "roe": 4.91,
            "roe_4q": 12.68,
            "gross_profit": 29832,
            "gross_margin": 34.31,
            "gross_margin_4q_avg": 27.22,
            "net_income": 14792,
            "net_income_4q": null,
            "revenue": 86938,
            "revenue_4q": null,
            "common_shares": 214971,
            "book_valuer_per_share": 14.35,
            "book_valuer_per_share_4q_avg": 15.37,
            "equity": 308556,
            "current_ratio": 88.39,
            "debt_ratio": 51.1,
            "inventory_turnover_ratio": 1.18,
            "account_receivable_turnover_ratio": null,
            "reinvestment_rate": null,
            "research_to_sale_ratio": null,
            "price_fair": 98.7,
            "eps_avg_yearly": 2.82,
            "eps_latest_yearly": 2.76,
            "eps_growth_yearly": 134.52
        },
        "20034": {
            "year_quarter": 20034,
            "year": 2003,
            "quarter": 4,
            "eps": 0.9,
            "eps_growth_year": null,
            "eps_4q": 2.68,
            "eps_4q_growth_year": null,
            "roe": 6.04,
            "roe_4q": 18.72,
            "gross_profit": 48260,
            "gross_margin": 38.14,
            "gross_margin_4q_avg": 36.75,
            "net_income": 19409,
            "net_income_4q": null,
            "revenue": 126528,
            "revenue_4q": null,
            "common_shares": 214971,
            "book_valuer_per_share": 15.56,
            "book_valuer_per_share_4q_avg": 15.32,
            "equity": 334479,
            "current_ratio": 97.35,
            "debt_ratio": 47.96,
            "inventory_turnover_ratio": 1.57,
            "account_receivable_turnover_ratio": null,
            "reinvestment_rate": null,
            "research_to_sale_ratio": null,
            "price_fair": 107.8,
            "eps_avg_yearly": 3.08,
            "eps_latest_yearly": 3.6,
            "eps_growth_yearly": 130.26
        },
        "20041": {
            "year_quarter": 20041,
            "year": 2004,
            "quarter": 1,
            "eps": 1.03,
            "eps_growth_year": 145.24,
            "eps_4q": 3.35,
            "eps_4q_growth_year": null,
            "roe": 6.4,
            "roe_4q": 22.490000000000002,
            "gross_profit": 42431,
            "gross_margin": 37.19,
            "gross_margin_4q_avg": 36.44,
            "net_income": 22104,
            "net_income_4q": null,
            "revenue": 114085,
            "revenue_4q": null,
            "common_shares": 214971,
            "book_valuer_per_share": 16.59,
            "book_valuer_per_share_4q_avg": 15.43,
            "equity": 356583,
            "current_ratio": 112.15,
            "debt_ratio": 44.55,
            "inventory_turnover_ratio": 1.42,
            "account_receivable_turnover_ratio": null,
            "reinvestment_rate": null,
            "research_to_sale_ratio": null,
            "price_fair": 116.9,
            "eps_avg_yearly": 3.34,
            "eps_latest_yearly": 4.12,
            "eps_growth_yearly": 112.14
        },
        "20042": {
            "year_quarter": 20042,
            "year": 2004,
            "quarter": 2,
            "eps": 0.71,
            "eps_growth_year": -1.39,
            "eps_4q": 3.34,
            "eps_4q_growth_year": null,
            "roe": 4.41,
            "roe_4q": 21.76,
            "gross_profit": 43278,
            "gross_margin": 35.28,
            "gross_margin_4q_avg": 36.23,
            "net_income": 15181,
            "net_income_4q": null,
            "revenue": 122681,
            "revenue_4q": null,
            "common_shares": 214971,
            "book_valuer_per_share": 15.46,
            "book_valuer_per_share_4q_avg": 15.49,
            "equity": 332354,
            "current_ratio": 96.19,
            "debt_ratio": 48.46,
            "inventory_turnover_ratio": 1.69,
            "account_receivable_turnover_ratio": null,
            "reinvestment_rate": null,
            "research_to_sale_ratio": null,
            "price_fair": 113.4,
            "eps_avg_yearly": 3.24,
            "eps_latest_yearly": 2.84,
            "eps_growth_yearly": 64.86
        },
        "20043": {
            "year_quarter": 20043,
            "year": 2004,
            "quarter": 3,
            "eps": 0.46,
            "eps_growth_year": -33.33,
            "eps_4q": 2.83,
            "eps_4q_growth_year": null,
            "roe": 3.25,
            "roe_4q": 20.1,
            "gross_profit": 36883,
            "gross_margin": 34.61,
            "gross_margin_4q_avg": 36.31,
            "net_income": 10991,
            "net_income_4q": null,
            "revenue": 106571,
            "revenue_4q": null,
            "common_shares": 214971,
            "book_valuer_per_share": 15.97,
            "book_valuer_per_share_4q_avg": 15.9,
            "equity": 343347,
            "current_ratio": 102.89,
            "debt_ratio": 46.08,
            "inventory_turnover_ratio": 1.28,
            "account_receivable_turnover_ratio": null,
            "reinvestment_rate": null,
            "research_to_sale_ratio": null,
            "price_fair": 105.23,
            "eps_avg_yearly": 3.01,
            "eps_latest_yearly": 1.84,
            "eps_growth_yearly": 30.57
        },
        "20044": {
            "year_quarter": 20044,
            "year": 2004,
            "quarter": 4,
            "eps": 0.18,
            "eps_growth_year": -80,
            "eps_4q": 2.2,
            "eps_4q_growth_year": -17.83,
            "roe": 1.24,
            "roe_4q": 15.3,
            "gross_profit": 23652,
            "gross_margin": 30.66,
            "gross_margin_4q_avg": 34.44,
            "net_income": 4292,
            "net_income_4q": null,
            "revenue": 77147,
            "revenue_4q": null,
            "common_shares": 238551,
            "book_valuer_per_share": 14.61,
            "book_valuer_per_share_4q_avg": 15.66,
            "equity": 348629,
            "current_ratio": 146.76,
            "debt_ratio": 43.19,
            "inventory_turnover_ratio": 0.8,
            "account_receivable_turnover_ratio": null,
            "reinvestment_rate": null,
            "research_to_sale_ratio": null,
            "price_fair": 8.04,
            "eps_avg_yearly": 2.68,
            "eps_latest_yearly": 0.72,
            "eps_growth_yearly": -8.58
        },
        "20051": {
            "year_quarter": 20051,
            "year": 2005,
            "quarter": 1,
            "eps": 0.53,
            "eps_growth_year": -48.54,
            "eps_4q": 1.82,
            "eps_4q_growth_year": -45.65,
            "roe": 3.53,
            "roe_4q": 12.43,
            "gross_profit": 30374,
            "gross_margin": 30.28,
            "gross_margin_4q_avg": 32.71,
            "net_income": 12514,
            "net_income_4q": null,
            "revenue": 100316,
            "revenue_4q": null,
            "common_shares": 238551,
            "book_valuer_per_share": 15.14,
            "book_valuer_per_share_4q_avg": 15.3,
            "equity": 361143,
            "current_ratio": 156.87,
            "debt_ratio": 42.03,
            "inventory_turnover_ratio": 1.09,
            "account_receivable_turnover_ratio": null,
            "reinvestment_rate": null,
            "research_to_sale_ratio": null,
            "price_fair": 91.35,
            "eps_avg_yearly": 2.61,
            "eps_latest_yearly": 2.12,
            "eps_growth_yearly": 89.72
        },
        "20052": {
            "year_quarter": 20052,
            "year": 2005,
            "quarter": 2,
            "eps": 0.19,
            "eps_growth_year": -73.24,
            "eps_4q": 1.36,
            "eps_4q_growth_year": -59.19,
            "roe": 1.32,
            "roe_4q": 9.34,
            "gross_profit": 21273,
            "gross_margin": 26.72,
            "gross_margin_4q_avg": 30.57,
            "net_income": 4497,
            "net_income_4q": null,
            "revenue": 79615,
            "revenue_4q": null,
            "common_shares": 238551,
            "book_valuer_per_share": 13.52,
            "book_valuer_per_share_4q_avg": 14.81,
            "equity": 322430,
            "current_ratio": 122.58,
            "debt_ratio": 44.59,
            "inventory_turnover_ratio": 1,
            "account_receivable_turnover_ratio": null,
            "reinvestment_rate": null,
            "research_to_sale_ratio": null,
            "price_fair": 84.16,
            "eps_avg_yearly": 2.4,
            "eps_latest_yearly": 0.76,
            "eps_growth_yearly": 51.24
        },
        "20053": {
            "year_quarter": 20053,
            "year": 2005,
            "quarter": 3,
            "eps": 0.72,
            "eps_growth_year": 56.52,
            "eps_4q": 1.54,
            "eps_4q_growth_year": -45.62,
            "roe": 5.63,
            "roe_4q": 11.72,
            "gross_profit": 37190,
            "gross_margin": 33.08,
            "gross_margin_4q_avg": 30.19,
            "net_income": 18694,
            "net_income_4q": null,
            "revenue": 112426,
            "revenue_4q": null,
            "common_shares": 259568,
            "book_valuer_per_share": 13.14,
            "book_valuer_per_share_4q_avg": 14.1,
            "equity": 341124,
            "current_ratio": 138.4,
            "debt_ratio": 43.51,
            "inventory_turnover_ratio": 1.3,
            "account_receivable_turnover_ratio": null,
            "reinvestment_rate": null,
            "research_to_sale_ratio": null,
            "price_fair": 85.82,
            "eps_avg_yearly": 2.45,
            "eps_latest_yearly": 2.88,
            "eps_growth_yearly": 157.69
        },
        "20054": {
            "year_quarter": 20054,
            "year": 2005,
            "quarter": 4,
            "eps": 0.6,
            "eps_growth_year": 233.33,
            "eps_4q": 1.97,
            "eps_4q_growth_year": -10.77,
            "roe": 4.49,
            "roe_4q": 14.97,
            "gross_profit": 40437,
            "gross_margin": 36.88,
            "gross_margin_4q_avg": 31.74,
            "net_income": 15670,
            "net_income_4q": null,
            "revenue": 109652,
            "revenue_4q": null,
            "common_shares": 259568,
            "book_valuer_per_share": 13.75,
            "book_valuer_per_share_4q_avg": 13.89,
            "equity": 356794,
            "current_ratio": 157.01,
            "debt_ratio": 40.81,
            "inventory_turnover_ratio": 1.12,
            "account_receivable_turnover_ratio": null,
            "reinvestment_rate": null,
            "research_to_sale_ratio": null,
            "price_fair": 85.65,
            "eps_avg_yearly": 2.45,
            "eps_latest_yearly": 2.4,
            "eps_growth_yearly": 137.3
        },
        "20061": {
            "year_quarter": 20061,
            "year": 2006,
            "quarter": 1,
            "eps": 0.8,
            "eps_growth_year": 50.94,
            "eps_4q": 2.29,
            "eps_4q_growth_year": 25.93,
            "roe": 5.67,
            "roe_4q": 17.11,
            "gross_profit": 46134,
            "gross_margin": 35.57,
            "gross_margin_4q_avg": 33.06,
            "net_income": 20834,
            "net_income_4q": null,
            "revenue": 129695,
            "revenue_4q": null,
            "common_shares": 259568,
            "book_valuer_per_share": 14.55,
            "book_valuer_per_share_4q_avg": 13.74,
            "equity": 377628,
            "current_ratio": 162.41,
            "debt_ratio": 40.07,
            "inventory_turnover_ratio": 1.2,
            "account_receivable_turnover_ratio": null,
            "reinvestment_rate": null,
            "research_to_sale_ratio": null,
            "price_fair": 87.85,
            "eps_avg_yearly": 2.51,
            "eps_latest_yearly": 3.2,
            "eps_growth_yearly": 136.97
        },
        "20062": {
            "year_quarter": 20062,
            "year": 2006,
            "quarter": 2,
            "eps": 0.81,
            "eps_growth_year": 326.32,
            "eps_4q": 2.95,
            "eps_4q_growth_year": 115.93,
            "roe": 5.7,
            "roe_4q": 21.490000000000002,
            "gross_profit": 46957,
            "gross_margin": 33.84,
            "gross_margin_4q_avg": 34.84,
            "net_income": 20929,
            "net_income_4q": null,
            "revenue": 138772,
            "revenue_4q": null,
            "common_shares": 259568,
            "book_valuer_per_share": 13.76,
            "book_valuer_per_share_4q_avg": 13.8,
            "equity": 357078,
            "current_ratio": 131.44,
            "debt_ratio": 45.32,
            "inventory_turnover_ratio": 1.2,
            "account_receivable_turnover_ratio": null,
            "reinvestment_rate": null,
            "research_to_sale_ratio": null,
            "price_fair": 89.82,
            "eps_avg_yearly": 2.57,
            "eps_latest_yearly": 3.24,
            "eps_growth_yearly": 126.82
        },
        "20063": {
            "year_quarter": 20063,
            "year": 2006,
            "quarter": 3,
            "eps": 0.68,
            "eps_growth_year": -5.56,
            "eps_4q": 2.77,
            "eps_4q_growth_year": 80.05,
            "roe": 5.09,
            "roe_4q": 20.950000000000003,
            "gross_profit": 42520,
            "gross_margin": 34.64,
            "gross_margin_4q_avg": 35.23,
            "net_income": 18654,
            "net_income_4q": null,
            "revenue": 122758,
            "revenue_4q": null,
            "common_shares": 274395,
            "book_valuer_per_share": 13.69,
            "book_valuer_per_share_4q_avg": 13.94,
            "equity": 375731,
            "current_ratio": 141.76,
            "debt_ratio": 43.69,
            "inventory_turnover_ratio": 0.91,
            "account_receivable_turnover_ratio": null,
            "reinvestment_rate": null,
            "research_to_sale_ratio": null,
            "price_fair": 90.2,
            "eps_avg_yearly": 2.58,
            "eps_latest_yearly": 2.72,
            "eps_growth_yearly": 113.17
        },
        "20064": {
            "year_quarter": 20064,
            "year": 2006,
            "quarter": 4,
            "eps": 0.72,
            "eps_growth_year": 20,
            "eps_4q": 2.93,
            "eps_4q_growth_year": 48.84,
            "roe": 5.11,
            "roe_4q": 21.57,
            "gross_profit": 41950,
            "gross_margin": 35.18,
            "gross_margin_4q_avg": 34.81,
            "net_income": 19703,
            "net_income_4q": null,
            "revenue": 119242,
            "revenue_4q": null,
            "common_shares": 274395,
            "book_valuer_per_share": 14.41,
            "book_valuer_per_share_4q_avg": 14.1,
            "equity": 395435,
            "current_ratio": 161.86,
            "debt_ratio": 40.46,
            "inventory_turnover_ratio": 0.78,
            "account_receivable_turnover_ratio": null,
            "reinvestment_rate": 17.32,
            "research_to_sale_ratio": null,
            "price_fair": 90.91,
            "eps_avg_yearly": 2.6,
            "eps_latest_yearly": 2.88,
            "eps_growth_yearly": 107.2
        },
        "20071": {
            "year_quarter": 20071,
            "year": 2007,
            "quarter": 1,
            "eps": 0.56,
            "eps_growth_year": -30,
            "eps_4q": 2.71,
            "eps_4q_growth_year": 18.24,
            "roe": 3.83,
            "roe_4q": 19.73,
            "gross_profit": 33266,
            "gross_margin": 31.58,
            "gross_margin_4q_avg": 33.81,
            "net_income": 15439,
            "net_income_4q": null,
            "revenue": 105343,
            "revenue_4q": null,
            "common_shares": 274395,
            "book_valuer_per_share": 14.97,
            "book_valuer_per_share_4q_avg": 14.21,
            "equity": 410874,
            "current_ratio": 165.85,
            "debt_ratio": 35.77,
            "inventory_turnover_ratio": 0.75,
            "account_receivable_turnover_ratio": null,
            "reinvestment_rate": 16.34,
            "research_to_sale_ratio": null,
            "price_fair": 90.13,
            "eps_avg_yearly": 2.58,
            "eps_latest_yearly": 2.24,
            "eps_growth_yearly": 94.94
        },
        "20072": {
            "year_quarter": 20072,
            "year": 2007,
            "quarter": 2,
            "eps": 0.84,
            "eps_growth_year": 3.7,
            "eps_4q": 2.69,
            "eps_4q_growth_year": -8.87,
            "roe": 6.23,
            "roe_4q": 20.26,
            "gross_profit": 49119,
            "gross_margin": 34.52,
            "gross_margin_4q_avg": 33.98,
            "net_income": 24492,
            "net_income_4q": null,
            "revenue": 142309,
            "revenue_4q": null,
            "common_shares": 274395,
            "book_valuer_per_share": 13.7,
            "book_valuer_per_share_4q_avg": 14.19,
            "equity": 375944,
            "current_ratio": 141.8,
            "debt_ratio": 42.81,
            "inventory_turnover_ratio": 1.05,
            "account_receivable_turnover_ratio": null,
            "reinvestment_rate": 15.48,
            "research_to_sale_ratio": null,
            "price_fair": 91.18,
            "eps_avg_yearly": 2.61,
            "eps_latest_yearly": 3.36,
            "eps_growth_yearly": 89.58
        },
        "20073": {
            "year_quarter": 20073,
            "year": 2007,
            "quarter": 3,
            "eps": 0.64,
            "eps_growth_year": -5.88,
            "eps_4q": 2.7,
            "eps_4q_growth_year": -2.82,
            "roe": 4.82,
            "roe_4q": 19.990000000000002,
            "gross_profit": 39367,
            "gross_margin": 31.01,
            "gross_margin_4q_avg": 33.07,
            "net_income": 18568,
            "net_income_4q": null,
            "revenue": 126957,
            "revenue_4q": null,
            "common_shares": 290423,
            "book_valuer_per_share": 13.58,
            "book_valuer_per_share_4q_avg": 14.17,
            "equity": 394512,
            "current_ratio": 148.4,
            "debt_ratio": 41.37,
            "inventory_turnover_ratio": 1.02,
            "account_receivable_turnover_ratio": null,
            "reinvestment_rate": 14.89,
            "research_to_sale_ratio": null,
            "price_fair": 90.74,
            "eps_avg_yearly": 2.59,
            "eps_latest_yearly": 2.56,
            "eps_growth_yearly": 84.67
        },
        "20074": {
            "year_quarter": 20074,
            "year": 2007,
            "quarter": 4,
            "eps": 0.65,
            "eps_growth_year": -9.72,
            "eps_4q": 2.66,
            "eps_4q_growth_year": -9.27,
            "roe": 4.7,
            "roe_4q": 19.58,
            "gross_profit": 40059,
            "gross_margin": 32.71,
            "gross_margin_4q_avg": 32.46,
            "net_income": 18952,
            "net_income_4q": null,
            "revenue": 122472,
            "revenue_4q": null,
            "common_shares": 290423,
            "book_valuer_per_share": 14.2,
            "book_valuer_per_share_4q_avg": 14.11,
            "equity": 412400,
            "current_ratio": 176.01,
            "debt_ratio": 36.79,
            "inventory_turnover_ratio": 0.89,
            "account_receivable_turnover_ratio": null,
            "reinvestment_rate": 13.33,
            "research_to_sale_ratio": null,
            "price_fair": 88.55,
            "eps_avg_yearly": 2.53,
            "eps_latest_yearly": 2.6,
            "eps_growth_yearly": 77.45
        },
        "20081": {
            "year_quarter": 20081,
            "year": 2008,
            "quarter": 1,
            "eps": 0.5,
            "eps_growth_year": -10.71,
            "eps_4q": 2.63,
            "eps_4q_growth_year": -2.79,
            "roe": 3.46,
            "roe_4q": 19.21,
            "gross_profit": 43048,
            "gross_margin": 31.22,
            "gross_margin_4q_avg": 32.37,
            "net_income": 14525,
            "net_income_4q": null,
            "revenue": 137904,
            "revenue_4q": null,
            "common_shares": 290423,
            "book_valuer_per_share": 14.7,
            "book_valuer_per_share_4q_avg": 14.05,
            "equity": 426925,
            "current_ratio": 181.4,
            "debt_ratio": 36.58,
            "inventory_turnover_ratio": 0.9,
            "account_receivable_turnover_ratio": null,
            "reinvestment_rate": -15.67,
            "research_to_sale_ratio": null,
            "price_fair": 83.91,
            "eps_avg_yearly": 2.4,
            "eps_latest_yearly": 2,
            "eps_growth_yearly": 68.07
        },
        "20082": {
            "year_quarter": 20082,
            "year": 2008,
            "quarter": 2,
            "eps": 0.73,
            "eps_growth_year": -13.1,
            "eps_4q": 2.45,
            "eps_4q_growth_year": -8.75,
            "roe": 5.43,
            "roe_4q": 18.41,
            "gross_profit": 44415,
            "gross_margin": 29.08,
            "gross_margin_4q_avg": 31.01,
            "net_income": 22089,
            "net_income_4q": null,
            "revenue": 152719,
            "revenue_4q": null,
            "common_shares": 290423,
            "book_valuer_per_share": 13.31,
            "book_valuer_per_share_4q_avg": 13.95,
            "equity": 386605,
            "current_ratio": 131.29,
            "debt_ratio": 45.98,
            "inventory_turnover_ratio": 0.9,
            "account_receivable_turnover_ratio": null,
            "reinvestment_rate": -15.13,
            "research_to_sale_ratio": null,
            "price_fair": 84.09,
            "eps_avg_yearly": 2.4,
            "eps_latest_yearly": 2.92,
            "eps_growth_yearly": 87.34
        },
        "20083": {
            "year_quarter": 20083,
            "year": 2008,
            "quarter": 3,
            "eps": 0.57,
            "eps_growth_year": -10.94,
            "eps_4q": 2.43,
            "eps_4q_growth_year": -9.96,
            "roe": 4.32,
            "roe_4q": 17.91,
            "gross_profit": 38027,
            "gross_margin": 27.87,
            "gross_margin_4q_avg": 30.22,
            "net_income": 17057,
            "net_income_4q": null,
            "revenue": 136462,
            "revenue_4q": null,
            "common_shares": 301332,
            "book_valuer_per_share": 13.4,
            "book_valuer_per_share_4q_avg": 13.9,
            "equity": 403662,
            "current_ratio": 142.01,
            "debt_ratio": 42.43,
            "inventory_turnover_ratio": 0.73,
            "account_receivable_turnover_ratio": null,
            "reinvestment_rate": -14.03,
            "research_to_sale_ratio": null,
            "price_fair": 85.05,
            "eps_avg_yearly": 2.43,
            "eps_latest_yearly": 2.28,
            "eps_growth_yearly": 90.66
        },
        "20084": {
            "year_quarter": 20084,
            "year": 2008,
            "quarter": 4,
            "eps": 0.26,
            "eps_growth_year": -60,
            "eps_4q": 2.05,
            "eps_4q_growth_year": -22.75,
            "roe": 1.91,
            "roe_4q": 15.120000000000001,
            "gross_profit": 29632,
            "gross_margin": 26.68,
            "gross_margin_4q_avg": 28.71,
            "net_income": 7787,
            "net_income_4q": null,
            "revenue": 111069,
            "revenue_4q": null,
            "common_shares": 301332,
            "book_valuer_per_share": 13.68,
            "book_valuer_per_share_4q_avg": 13.77,
            "equity": 412077,
            "current_ratio": 164.65,
            "debt_ratio": 37.43,
            "inventory_turnover_ratio": 0.61,
            "account_receivable_turnover_ratio": null,
            "reinvestment_rate": -15.22,
            "research_to_sale_ratio": null,
            "price_fair": 85.75,
            "eps_avg_yearly": 2.45,
            "eps_latest_yearly": 1.04,
            "eps_growth_yearly": 92.29
        },
        "20091": {
            "year_quarter": 20091,
            "year": 2009,
            "quarter": 1,
            "eps": 0.29,
            "eps_growth_year": -42,
            "eps_4q": 1.85,
            "eps_4q_growth_year": -29.69,
            "roe": 2.09,
            "roe_4q": 13.75,
            "gross_profit": 24151,
            "gross_margin": 27.38,
            "gross_margin_4q_avg": 27.75,
            "net_income": 8711,
            "net_income_4q": null,
            "revenue": 88206,
            "revenue_4q": null,
            "common_shares": 301332,
            "book_valuer_per_share": 13.96,
            "book_valuer_per_share_4q_avg": 13.59,
            "equity": 420788,
            "current_ratio": 183.97,
            "debt_ratio": 34.23,
            "inventory_turnover_ratio": 0.51,
            "account_receivable_turnover_ratio": null,
            "reinvestment_rate": -15.18,
            "research_to_sale_ratio": null,
            "price_fair": 83.65,
            "eps_avg_yearly": 2.39,
            "eps_latest_yearly": 1.16,
            "eps_growth_yearly": 46.56
        },
        "20092": {
            "year_quarter": 20092,
            "year": 2009,
            "quarter": 2,
            "eps": 0.22,
            "eps_growth_year": -69.86,
            "eps_4q": 1.31,
            "eps_4q_growth_year": -46.33,
            "roe": 1.69,
            "roe_4q": 10.01,
            "gross_profit": 25682,
            "gross_margin": 29.48,
            "gross_margin_4q_avg": 27.85,
            "net_income": 6742,
            "net_income_4q": null,
            "revenue": 87119,
            "revenue_4q": null,
            "common_shares": 301332,
            "book_valuer_per_share": 12.59,
            "book_valuer_per_share_4q_avg": 13.41,
            "equity": 379317,
            "current_ratio": 141.39,
            "debt_ratio": 39.68,
            "inventory_turnover_ratio": 0.48,
            "account_receivable_turnover_ratio": 2.48,
            "reinvestment_rate": -15.4,
            "research_to_sale_ratio": null,
            "price_fair": 83.91,
            "eps_avg_yearly": 2.4,
            "eps_latest_yearly": 0.88,
            "eps_growth_yearly": 56.56
        },
        "20093": {
            "year_quarter": 20093,
            "year": 2009,
            "quarter": 3,
            "eps": 0.44,
            "eps_growth_year": -22.81,
            "eps_4q": 1.21,
            "eps_4q_growth_year": -50.1,
            "roe": 3.44,
            "roe_4q": 9.129999999999999,
            "gross_profit": 30801,
            "gross_margin": 31.37,
            "gross_margin_4q_avg": 28.73,
            "net_income": 13263,
            "net_income_4q": null,
            "revenue": 98184,
            "revenue_4q": null,
            "common_shares": 301332,
            "book_valuer_per_share": 13.03,
            "book_valuer_per_share_4q_avg": 13.32,
            "equity": 392580,
            "current_ratio": 149.76,
            "debt_ratio": 37.87,
            "inventory_turnover_ratio": 0.51,
            "account_receivable_turnover_ratio": 1.37,
            "reinvestment_rate": -15.69,
            "research_to_sale_ratio": null,
            "price_fair": 50.8,
            "eps_avg_yearly": 2.33,
            "eps_latest_yearly": 1.76,
            "eps_growth_yearly": 11.83
        },
        "20094": {
            "year_quarter": 20094,
            "year": 2009,
            "quarter": 4,
            "eps": 0.76,
            "eps_growth_year": 192.31,
            "eps_4q": 1.71,
            "eps_4q_growth_year": -16.74,
            "roe": 5.7,
            "roe_4q": 12.92,
            "gross_profit": 40004,
            "gross_margin": 29.65,
            "gross_margin_4q_avg": 29.47,
            "net_income": 23008,
            "net_income_4q": null,
            "revenue": 134940,
            "revenue_4q": null,
            "common_shares": 301332,
            "book_valuer_per_share": 13.78,
            "book_valuer_per_share_4q_avg": 13.34,
            "equity": 415312,
            "current_ratio": 169.14,
            "debt_ratio": 35.24,
            "inventory_turnover_ratio": 0.75,
            "account_receivable_turnover_ratio": 1.58,
            "reinvestment_rate": -15.44,
            "research_to_sale_ratio": null,
            "price_fair": 82.86,
            "eps_avg_yearly": 2.37,
            "eps_latest_yearly": 3.04,
            "eps_growth_yearly": 34.17
        },
        "20101": {
            "year_quarter": 20101,
            "year": 2010,
            "quarter": 1,
            "eps": null,
            "eps_growth_year": null,
            "eps_4q": null,
            "eps_4q_growth_year": null,
            "roe": null,
            "roe_4q": 10.83,
            "gross_profit": 41456,
            "gross_margin": null,
            "gross_margin_4q_avg": 22.63,
            "net_income": 21794,
            "net_income_4q": null,
            "revenue": 128819,
            "revenue_4q": null,
            "common_shares": 301332,
            "book_valuer_per_share": 14.51,
            "book_valuer_per_share_4q_avg": 13.48,
            "equity": 437106,
            "current_ratio": 194.53,
            "debt_ratio": 32.08,
            "inventory_turnover_ratio": null,
            "account_receivable_turnover_ratio": null,
            "reinvestment_rate": null,
            "research_to_sale_ratio": null,
            "price_fair": 80.92,
            "eps_avg_yearly": 2.31,
            "eps_latest_yearly": 3.04,
            "eps_growth_yearly": 27.56
        },
        "20102": {
            "year_quarter": 20102,
            "year": 2010,
            "quarter": 2,
            "eps": 0.8,
            "eps_growth_year": 262.41,
            "eps_4q": 2,
            "eps_4q_growth_year": 52.17,
            "roe": 5.65,
            "roe_4q": 14.790000000000001,
            "gross_profit": 46736,
            "gross_margin": 32.31,
            "gross_margin_4q_avg": 23.33,
            "net_income": 24025,
            "net_income_4q": null,
            "revenue": 144645,
            "revenue_4q": null,
            "common_shares": 301332,
            "book_valuer_per_share": 13.7,
            "book_valuer_per_share_4q_avg": 13.76,
            "equity": 412918,
            "current_ratio": 156.85,
            "debt_ratio": 36.62,
            "inventory_turnover_ratio": 0.85,
            "account_receivable_turnover_ratio": 2.52,
            "reinvestment_rate": -7.59,
            "research_to_sale_ratio": null,
            "price_fair": 78.6,
            "eps_avg_yearly": 2.25,
            "eps_latest_yearly": 3.04,
            "eps_growth_yearly": 29.17
        },
        "20103": {
            "year_quarter": 20103,
            "year": 2010,
            "quarter": 3,
            "eps": 0.76,
            "eps_growth_year": 73.5,
            "eps_4q": 2.32,
            "eps_4q_growth_year": 91.93,
            "roe": 5.42,
            "roe_4q": 16.77,
            "gross_profit": 48374,
            "gross_margin": 29.4,
            "gross_margin_4q_avg": 22.84,
            "net_income": 23004,
            "net_income_4q": null,
            "revenue": 164534,
            "revenue_4q": null,
            "common_shares": 301332,
            "book_valuer_per_share": 14.47,
            "book_valuer_per_share_4q_avg": 14.12,
            "equity": 435922,
            "current_ratio": 171.48,
            "debt_ratio": 34.73,
            "inventory_turnover_ratio": 0.95,
            "account_receivable_turnover_ratio": 1.43,
            "reinvestment_rate": -7.86,
            "research_to_sale_ratio": 1.31,
            "price_fair": 79.4,
            "eps_avg_yearly": 2.27,
            "eps_latest_yearly": 3.04,
            "eps_growth_yearly": 32.33
        },
        "20104": {
            "year_quarter": 20104,
            "year": 2010,
            "quarter": 4,
            "eps": 0.38,
            "eps_growth_year": -49.84,
            "eps_4q": 1.94,
            "eps_4q_growth_year": 13.66,
            "roe": 2.6,
            "roe_4q": 13.67,
            "gross_profit": 45582,
            "gross_margin": 28.26,
            "gross_margin_4q_avg": 22.49,
            "net_income": 11488,
            "net_income_4q": null,
            "revenue": 161309,
            "revenue_4q": null,
            "common_shares": 301332,
            "book_valuer_per_share": 14.87,
            "book_valuer_per_share_4q_avg": 14.39,
            "equity": 448122,
            "current_ratio": 171.97,
            "debt_ratio": 34.41,
            "inventory_turnover_ratio": 0.86,
            "account_receivable_turnover_ratio": 1.45,
            "reinvestment_rate": -6.33,
            "research_to_sale_ratio": 1.45,
            "price_fair": 57.25,
            "eps_avg_yearly": 2.17,
            "eps_latest_yearly": 1.52,
            "eps_growth_yearly": 16.37
        },
        "20111": {
            "year_quarter": 20111,
            "year": 2011,
            "quarter": 1,
            "eps": 0.65,
            "eps_growth_year": null,
            "eps_4q": 2.59,
            "eps_4q_growth_year": null,
            "roe": 4.27,
            "roe_4q": 17.939999999999998,
            "gross_profit": 39526,
            "gross_margin": 29.34,
            "gross_margin_4q_avg": 29.83,
            "net_income": 19534,
            "net_income_4q": null,
            "revenue": 134710,
            "revenue_4q": null,
            "common_shares": 301332,
            "book_valuer_per_share": 15.52,
            "book_valuer_per_share_4q_avg": 14.64,
            "equity": 467656,
            "current_ratio": 197.94,
            "debt_ratio": 30.86,
            "inventory_turnover_ratio": 0.66,
            "account_receivable_turnover_ratio": 1.36,
            "reinvestment_rate": -6.74,
            "research_to_sale_ratio": 1.08,
            "price_fair": 76.9,
            "eps_avg_yearly": 2.2,
            "eps_latest_yearly": 2.6,
            "eps_growth_yearly": 43.02
        },
        "20112": {
            "year_quarter": 20112,
            "year": 2011,
            "quarter": 2,
            "eps": 0.9,
            "eps_growth_year": 13.01,
            "eps_4q": 2.69,
            "eps_4q_growth_year": 34.63,
            "roe": 6.08,
            "roe_4q": 18.369999999999997,
            "gross_profit": 54543,
            "gross_margin": 30.25,
            "gross_margin_4q_avg": 29.31,
            "net_income": 27151,
            "net_income_4q": null,
            "revenue": 180319,
            "revenue_4q": null,
            "common_shares": 301332,
            "book_valuer_per_share": 14.12,
            "book_valuer_per_share_4q_avg": 14.75,
            "equity": 425501,
            "current_ratio": 135.02,
            "debt_ratio": 40.88,
            "inventory_turnover_ratio": 0.82,
            "account_receivable_turnover_ratio": 1.68,
            "reinvestment_rate": -5.78,
            "research_to_sale_ratio": 1.16,
            "price_fair": 77.5,
            "eps_avg_yearly": 2.21,
            "eps_latest_yearly": 3.6,
            "eps_growth_yearly": 39.72
        },
        "20113": {
            "year_quarter": 20113,
            "year": 2011,
            "quarter": 3,
            "eps": 1.27,
            "eps_growth_year": 66.1,
            "eps_4q": 3.2,
            "eps_4q_growth_year": 37.62,
            "roe": 8.59,
            "roe_4q": 21.54,
            "gross_profit": 59291,
            "gross_margin": 30,
            "gross_margin_4q_avg": 29.46,
            "net_income": 38210,
            "net_income_4q": null,
            "revenue": 197621,
            "revenue_4q": null,
            "common_shares": 301332,
            "book_valuer_per_share": 15.39,
            "book_valuer_per_share_4q_avg": 14.98,
            "equity": 463711,
            "current_ratio": 149.37,
            "debt_ratio": 36.03,
            "inventory_turnover_ratio": 0.88,
            "account_receivable_turnover_ratio": 1.49,
            "reinvestment_rate": -4.28,
            "research_to_sale_ratio": 1.1,
            "price_fair": 83.8,
            "eps_avg_yearly": 2.39,
            "eps_latest_yearly": 5.08,
            "eps_growth_yearly": 58.27
        },
        "20114": {
            "year_quarter": 20114,
            "year": 2011,
            "quarter": 4,
            "eps": 1.2,
            "eps_growth_year": 215.56,
            "eps_4q": 4.02,
            "eps_4q_growth_year": 107.03,
            "roe": 7.52,
            "roe_4q": 26.459999999999997,
            "gross_profit": 61588,
            "gross_margin": 34.09,
            "gross_margin_4q_avg": 30.92,
            "net_income": 36251,
            "net_income_4q": null,
            "revenue": 180669,
            "revenue_4q": null,
            "common_shares": 301332,
            "book_valuer_per_share": 16.59,
            "book_valuer_per_share_4q_avg": 15.41,
            "equity": 499951,
            "current_ratio": 183.98,
            "debt_ratio": 29.09,
            "inventory_turnover_ratio": 0.76,
            "account_receivable_turnover_ratio": 1.36,
            "reinvestment_rate": -2.61,
            "research_to_sale_ratio": 1.28,
            "price_fair": 89.3,
            "eps_avg_yearly": 2.55,
            "eps_latest_yearly": 4.8,
            "eps_growth_yearly": 56.25
        },
        "20121": {
            "year_quarter": 20121,
            "year": 2012,
            "quarter": 1,
            "eps": 1.26,
            "eps_growth_year": 93.85,
            "eps_4q": 4.64,
            "eps_4q_growth_year": 79.01,
            "roe": 7.34,
            "roe_4q": 29.53,
            "gross_profit": 75189,
            "gross_margin": 32.99,
            "gross_margin_4q_avg": 31.83,
            "net_income": 38106,
            "net_income_4q": null,
            "revenue": 227885,
            "revenue_4q": null,
            "common_shares": 301332,
            "book_valuer_per_share": 17.86,
            "book_valuer_per_share_4q_avg": 15.99,
            "equity": 538068,
            "current_ratio": 189.04,
            "debt_ratio": 29.71,
            "inventory_turnover_ratio": 0.95,
            "account_receivable_turnover_ratio": 1.63,
            "reinvestment_rate": -0.71,
            "research_to_sale_ratio": 1.23,
            "price_fair": 96.9,
            "eps_avg_yearly": 2.77,
            "eps_latest_yearly": 5.04,
            "eps_growth_yearly": 64.27
        },
        "20122": {
            "year_quarter": 20122,
            "year": 2012,
            "quarter": 2,
            "eps": 1.5,
            "eps_growth_year": 66.05,
            "eps_4q": 5.23,
            "eps_4q_growth_year": 94.21,
            "roe": 8.75,
            "roe_4q": 32.2,
            "gross_profit": 79666,
            "gross_margin": 31.91,
            "gross_margin_4q_avg": 32.25,
            "net_income": 45083,
            "net_income_4q": null,
            "revenue": 249653,
            "revenue_4q": null,
            "common_shares": 301332,
            "book_valuer_per_share": 16.35,
            "book_valuer_per_share_4q_avg": 16.55,
            "equity": 492751,
            "current_ratio": 138.4,
            "debt_ratio": 38.76,
            "inventory_turnover_ratio": 1.02,
            "account_receivable_turnover_ratio": 1.48,
            "reinvestment_rate": 3.82,
            "research_to_sale_ratio": 1.14,
            "price_fair": 104.6,
            "eps_avg_yearly": 2.99,
            "eps_latest_yearly": 6,
            "eps_growth_yearly": 56.57
        },
        "20123": {
            "year_quarter": 20123,
            "year": 2012,
            "quarter": 3,
            "eps": 1.4,
            "eps_growth_year": 10.25,
            "eps_4q": 5.36,
            "eps_4q_growth_year": 67.63,
            "roe": 8.2,
            "roe_4q": 31.81,
            "gross_profit": 78705,
            "gross_margin": 32.96,
            "gross_margin_4q_avg": 32.99,
            "net_income": 42126,
            "net_income_4q": null,
            "revenue": 238809,
            "revenue_4q": null,
            "common_shares": 301332,
            "book_valuer_per_share": 17.75,
            "book_valuer_per_share_4q_avg": 17.14,
            "equity": 534877,
            "current_ratio": 114.95,
            "debt_ratio": 41.18,
            "inventory_turnover_ratio": 0.93,
            "account_receivable_turnover_ratio": 1.24,
            "reinvestment_rate": 27.73,
            "research_to_sale_ratio": 1.12,
            "price_fair": 112.9,
            "eps_avg_yearly": 3.23,
            "eps_latest_yearly": 5.6,
            "eps_growth_yearly": 60.92
        },
        "20124": {
            "year_quarter": 20124,
            "year": 2012,
            "quarter": 4,
            "eps": 1.04,
            "eps_growth_year": -13.57,
            "eps_4q": 5.2,
            "eps_4q_growth_year": 29.3,
            "roe": 5.7,
            "roe_4q": 29.99,
            "gross_profit": 60431,
            "gross_margin": 33.03,
            "gross_margin_4q_avg": 32.72,
            "net_income": 31331,
            "net_income_4q": null,
            "revenue": 182965,
            "revenue_4q": null,
            "common_shares": 301332,
            "book_valuer_per_share": 18.73,
            "book_valuer_per_share_4q_avg": 17.67,
            "equity": 564407,
            "current_ratio": 126.77,
            "debt_ratio": 47.53,
            "inventory_turnover_ratio": 0.68,
            "account_receivable_turnover_ratio": 1.04,
            "reinvestment_rate": 53.01,
            "research_to_sale_ratio": 1.71,
            "price_fair": 120.7,
            "eps_avg_yearly": 3.45,
            "eps_latest_yearly": 4.16,
            "eps_growth_yearly": 69.12
        },
        "20131": {
            "year_quarter": 20131,
            "year": 2013,
            "quarter": 1,
            "eps": 1.6,
            "eps_growth_year": 26.98,
            "eps_4q": 5.54,
            "eps_4q_growth_year": 19.48,
            "roe": 8.29,
            "roe_4q": 30.939999999999998,
            "gross_profit": 79079,
            "gross_margin": 35.77,
            "gross_margin_4q_avg": 33.42,
            "net_income": 48396,
            "net_income_4q": null,
            "revenue": 221088,
            "revenue_4q": null,
            "common_shares": 301332,
            "book_valuer_per_share": 20.03,
            "book_valuer_per_share_4q_avg": 18.22,
            "equity": 603669,
            "current_ratio": 140.51,
            "debt_ratio": 46.91,
            "inventory_turnover_ratio": 0.75,
            "account_receivable_turnover_ratio": 1.29,
            "reinvestment_rate": 46.68,
            "research_to_sale_ratio": 1.41,
            "price_fair": 133.8,
            "eps_avg_yearly": 3.82,
            "eps_latest_yearly": 6.4,
            "eps_growth_yearly": 81.2
        },
        "20132": {
            "year_quarter": 20132,
            "year": 2013,
            "quarter": 2,
            "eps": 1.59,
            "eps_growth_year": 6.27,
            "eps_4q": 4.95,
            "eps_4q_growth_year": -5.31,
            "roe": 7.54,
            "roe_4q": 29.729999999999997,
            "gross_profit": 100832,
            "gross_margin": 37.08,
            "gross_margin_4q_avg": 34.71,
            "net_income": 52193,
            "net_income_4q": null,
            "revenue": 271920,
            "revenue_4q": null,
            "common_shares": 351332,
            "book_valuer_per_share": 22.21,
            "book_valuer_per_share_4q_avg": 19.68,
            "equity": 780286,
            "current_ratio": 147.36,
            "debt_ratio": 32.71,
            "inventory_turnover_ratio": 0.88,
            "account_receivable_turnover_ratio": 1.36,
            "reinvestment_rate": 42.03,
            "research_to_sale_ratio": 1.49,
            "price_fair": 147.5,
            "eps_avg_yearly": 4.21,
            "eps_latest_yearly": 6.36,
            "eps_growth_yearly": 87.92
        },
        "20133": {
            "year_quarter": 20133,
            "year": 2013,
            "quarter": 3,
            "eps": 1.58,
            "eps_growth_year": 13.02,
            "eps_4q": 5.33,
            "eps_4q_growth_year": -0.53,
            "roe": 6.86,
            "roe_4q": 28.389999999999997,
            "gross_profit": 96554,
            "gross_margin": 36.42,
            "gross_margin_4q_avg": 35.58,
            "net_income": 55454,
            "net_income_4q": null,
            "revenue": 265139,
            "revenue_4q": null,
            "common_shares": 351332,
            "book_valuer_per_share": 23.79,
            "book_valuer_per_share_4q_avg": 21.19,
            "equity": 835740,
            "current_ratio": 182.95,
            "debt_ratio": 27.47,
            "inventory_turnover_ratio": 0.86,
            "account_receivable_turnover_ratio": 1.31,
            "reinvestment_rate": 58.13,
            "research_to_sale_ratio": 1.23,
            "price_fair": 158.9,
            "eps_avg_yearly": 4.54,
            "eps_latest_yearly": 6.32,
            "eps_growth_yearly": 59.17
        },
        "20134": {
            "year_quarter": 20134,
            "year": 2013,
            "quarter": 4,
            "eps": 1.36,
            "eps_growth_year": 31.12,
            "eps_4q": 5.8,
            "eps_4q_growth_year": 11.66,
            "roe": 5.57,
            "roe_4q": 28.259999999999998,
            "gross_profit": 80013,
            "gross_margin": 32.86,
            "gross_margin_4q_avg": 35.53,
            "net_income": 47897,
            "net_income_4q": null,
            "revenue": 243478,
            "revenue_4q": null,
            "common_shares": 351332,
            "book_valuer_per_share": 25.14,
            "book_valuer_per_share_4q_avg": 22.79,
            "equity": 883322,
            "current_ratio": 228.53,
            "debt_ratio": 23.12,
            "inventory_turnover_ratio": 0.83,
            "account_receivable_turnover_ratio": 1.29,
            "reinvestment_rate": 56.08,
            "research_to_sale_ratio": 1.57,
            "price_fair": 164.9,
            "eps_avg_yearly": 4.71,
            "eps_latest_yearly": 5.44,
            "eps_growth_yearly": 34.41
        },
        "20141": {
            "year_quarter": 20141,
            "year": 2014,
            "quarter": 1,
            "eps": 2.16,
            "eps_growth_year": 35,
            "eps_4q": 6.59,
            "eps_4q_growth_year": 18.86,
            "roe": 8.23,
            "roe_4q": 28.2,
            "gross_profit": 115334,
            "gross_margin": 39.07,
            "gross_margin_4q_avg": 36.36,
            "net_income": 75809,
            "net_income_4q": null,
            "revenue": 295187,
            "revenue_4q": null,
            "common_shares": 351332,
            "book_valuer_per_share": 27.3,
            "book_valuer_per_share_4q_avg": 24.61,
            "equity": 959131,
            "current_ratio": 286.66,
            "debt_ratio": 20.45,
            "inventory_turnover_ratio": 0.93,
            "account_receivable_turnover_ratio": 1.39,
            "reinvestment_rate": 51.64,
            "research_to_sale_ratio": 1.23,
            "price_fair": 174.07,
            "eps_avg_yearly": 4.97,
            "eps_latest_yearly": 8.64,
            "eps_growth_yearly": 47.81
        },
        "20142": {
            "year_quarter": 20142,
            "year": 2014,
            "quarter": 2,
            "eps": 2.08,
            "eps_growth_year": 30.82,
            "eps_4q": 7.18,
            "eps_4q_growth_year": 44.99,
            "roe": 8.06,
            "roe_4q": 28.72,
            "gross_profit": 124641,
            "gross_margin": 37.48,
            "gross_margin_4q_avg": 36.46,
            "net_income": 73195,
            "net_income_4q": null,
            "revenue": 332535,
            "revenue_4q": null,
            "common_shares": 351332,
            "book_valuer_per_share": 24.38,
            "book_valuer_per_share_4q_avg": 25.15,
            "equity": 856660,
            "current_ratio": 141.8,
            "debt_ratio": 33.17,
            "inventory_turnover_ratio": 1.07,
            "account_receivable_turnover_ratio": 1.23,
            "reinvestment_rate": 45.71,
            "research_to_sale_ratio": 1.17,
            "price_fair": 181.39,
            "eps_avg_yearly": 5.18,
            "eps_latest_yearly": 8.32,
            "eps_growth_yearly": 43.89
        },
        "20143": {
            "year_quarter": 20143,
            "year": 2014,
            "quarter": 3,
            "eps": 2.41,
            "eps_growth_year": 52.53,
            "eps_4q": 8.01,
            "eps_4q_growth_year": 50.22,
            "roe": 9.41,
            "roe_4q": 31.27,
            "gross_profit": 126604,
            "gross_margin": 36.81,
            "gross_margin_4q_avg": 36.56,
            "net_income": 84568,
            "net_income_4q": null,
            "revenue": 343966,
            "revenue_4q": null,
            "common_shares": 351332,
            "book_valuer_per_share": 26.79,
            "book_valuer_per_share_4q_avg": 25.9,
            "equity": 941228,
            "current_ratio": 152.22,
            "debt_ratio": 31.3,
            "inventory_turnover_ratio": 1.08,
            "account_receivable_turnover_ratio": 1.13,
            "reinvestment_rate": 45.58,
            "research_to_sale_ratio": 1.06,
            "price_fair": 195.83,
            "eps_avg_yearly": 5.6,
            "eps_latest_yearly": 9.64,
            "eps_growth_yearly": 49.11
        },
        "20144": {
            "year_quarter": 20144,
            "year": 2014,
            "quarter": 4,
            "eps": 2.11,
            "eps_growth_year": 54.51,
            "eps_4q": 8.75,
            "eps_4q_growth_year": 50.82,
            "roe": 7.56,
            "roe_4q": 33.260000000000005,
            "gross_profit": 111007,
            "gross_margin": 37.81,
            "gross_margin_4q_avg": 37.79,
            "net_income": 74004,
            "net_income_4q": null,
            "revenue": 293583,
            "revenue_4q": null,
            "common_shares": 351332,
            "book_valuer_per_share": 28.93,
            "book_valuer_per_share_4q_avg": 26.85,
            "equity": 1016316,
            "current_ratio": 195.91,
            "debt_ratio": 23,
            "inventory_turnover_ratio": 0.87,
            "account_receivable_turnover_ratio": 1.06,
            "reinvestment_rate": 44.1,
            "research_to_sale_ratio": 1.56,
            "price_fair": 210.96,
            "eps_avg_yearly": 6.03,
            "eps_latest_yearly": 8.44,
            "eps_growth_yearly": 58.5
        },
        "20151": {
            "year_quarter": 20151,
            "year": 2015,
            "quarter": 1,
            "eps": 2.38,
            "eps_growth_year": 10.19,
            "eps_4q": 8.97,
            "eps_4q_growth_year": 36.27,
            "roe": 7.89,
            "roe_4q": 32.92,
            "gross_profit": 140472,
            "gross_margin": 42.63,
            "gross_margin_4q_avg": 38.68,
            "net_income": 83493,
            "net_income_4q": null,
            "revenue": 329532,
            "revenue_4q": null,
            "common_shares": 351332,
            "book_valuer_per_share": 31.3,
            "book_valuer_per_share_4q_avg": 27.85,
            "equity": 1099809,
            "current_ratio": 191.81,
            "debt_ratio": 24.3,
            "inventory_turnover_ratio": 0.84,
            "account_receivable_turnover_ratio": 1.22,
            "reinvestment_rate": 46.56,
            "research_to_sale_ratio": 1.08,
            "price_fair": 226.1,
            "eps_avg_yearly": 6.46,
            "eps_latest_yearly": 9.52,
            "eps_growth_yearly": 43.93
        },
        "20152": {
            "year_quarter": 20152,
            "year": 2015,
            "quarter": 2,
            "eps": 2.1,
            "eps_growth_year": 0.96,
            "eps_4q": 9,
            "eps_4q_growth_year": 25.27,
            "roe": 7.37,
            "roe_4q": 32.230000000000004,
            "gross_profit": 137203,
            "gross_margin": 40.33,
            "gross_margin_4q_avg": 39.4,
            "net_income": 74052,
            "net_income_4q": null,
            "revenue": 340205,
            "revenue_4q": null,
            "common_shares": 351332,
            "book_valuer_per_share": 25.91,
            "book_valuer_per_share_4q_avg": 28.23,
            "equity": 910362,
            "current_ratio": 121,
            "debt_ratio": 36.73,
            "inventory_turnover_ratio": 0.86,
            "account_receivable_turnover_ratio": 1.1,
            "reinvestment_rate": 46,
            "research_to_sale_ratio": 0.99,
            "price_fair": 236.6,
            "eps_avg_yearly": 6.76,
            "eps_latest_yearly": 8.4,
            "eps_growth_yearly": 31.38
        },
        "20153": {
            "year_quarter": 20153,
            "year": 2015,
            "quarter": 3,
            "eps": 2.45,
            "eps_growth_year": 1.66,
            "eps_4q": 9.04,
            "eps_4q_growth_year": 12.79,
            "roe": 9.01,
            "roe_4q": 31.83,
            "gross_profit": 136159,
            "gross_margin": 42.26,
            "gross_margin_4q_avg": 40.76,
            "net_income": 85927,
            "net_income_4q": null,
            "revenue": 322203,
            "revenue_4q": null,
            "common_shares": 351332,
            "book_valuer_per_share": 28.36,
            "book_valuer_per_share_4q_avg": 28.63,
            "equity": 996289,
            "current_ratio": 147.21,
            "debt_ratio": 29.99,
            "inventory_turnover_ratio": 0.77,
            "account_receivable_turnover_ratio": 1.01,
            "reinvestment_rate": 43.95,
            "research_to_sale_ratio": 0.96,
            "price_fair": 246.93,
            "eps_avg_yearly": 7.06,
            "eps_latest_yearly": 9.8,
            "eps_growth_yearly": 25.26
        },
        "20154": {
            "year_quarter": 20154,
            "year": 2015,
            "quarter": 4,
            "eps": 1.94,
            "eps_growth_year": -7.8,
            "eps_4q": 8.87,
            "eps_4q_growth_year": 1.34,
            "roe": 6.61,
            "roe_4q": 30.880000000000003,
            "gross_profit": 104456,
            "gross_margin": 40.09,
            "gross_margin_4q_avg": 41.33,
            "net_income": 68235,
            "net_income_4q": null,
            "revenue": 260582,
            "revenue_4q": null,
            "common_shares": 351332,
            "book_valuer_per_share": 30.38,
            "book_valuer_per_share_4q_avg": 28.99,
            "equity": 1067487,
            "current_ratio": 176.96,
            "debt_ratio": 25.03,
            "inventory_turnover_ratio": 0.65,
            "account_receivable_turnover_ratio": 0.89,
            "reinvestment_rate": 41.57,
            "research_to_sale_ratio": 1.04,
            "price_fair": 227.61,
            "eps_avg_yearly": 7.24,
            "eps_latest_yearly": 7.76,
            "eps_growth_yearly": 21.44
        },
        "20161": {
            "year_quarter": 20161,
            "year": 2016,
            "quarter": 1,
            "eps": 2.43,
            "eps_growth_year": 2.1,
            "eps_4q": 8.93,
            "eps_4q_growth_year": -0.53,
            "roe": 7.69,
            "roe_4q": 30.680000000000003,
            "gross_profit": 136319,
            "gross_margin": 42.99,
            "gross_margin_4q_avg": 41.42,
            "net_income": 85378,
            "net_income_4q": null,
            "revenue": 317075,
            "revenue_4q": null,
            "common_shares": 351332,
            "book_valuer_per_share": 32.81,
            "book_valuer_per_share_4q_avg": 29.37,
            "equity": 1152865,
            "current_ratio": 238.38,
            "debt_ratio": 18.81,
            "inventory_turnover_ratio": 0.79,
            "account_receivable_turnover_ratio": 1.16,
            "reinvestment_rate": 38.64,
            "research_to_sale_ratio": 0.89,
            "price_fair": 263.64,
            "eps_avg_yearly": 7.53,
            "eps_latest_yearly": 9.72,
            "eps_growth_yearly": 26.5
        },
        "20162": {
            "year_quarter": 20162,
            "year": 2016,
            "quarter": 2,
            "eps": 2.85,
            "eps_growth_year": 35.71,
            "eps_4q": 9.66,
            "eps_4q_growth_year": 7.4,
            "roe": 9.38,
            "roe_4q": 32.69,
            "gross_profit": 163752,
            "gross_margin": 42.35,
            "gross_margin_4q_avg": 41.92,
            "net_income": 99980,
            "net_income_4q": null,
            "revenue": 386638,
            "revenue_4q": null,
            "common_shares": 351332,
            "book_valuer_per_share": 27.86,
            "book_valuer_per_share_4q_avg": 29.85,
            "equity": 978806,
            "current_ratio": 137.9,
            "debt_ratio": 34.34,
            "inventory_turnover_ratio": 1.01,
            "account_receivable_turnover_ratio": 1.22,
            "reinvestment_rate": 34.89,
            "research_to_sale_ratio": 0.96,
            "price_fair": 275.45,
            "eps_avg_yearly": 7.87,
            "eps_latest_yearly": 11.4,
            "eps_growth_yearly": 26.06
        },
        "20163": {
            "year_quarter": 20163,
            "year": 2016,
            "quarter": 3,
            "eps": 2.74,
            "eps_growth_year": 11.84,
            "eps_4q": 9.96,
            "eps_4q_growth_year": 10.22,
            "roe": 9.38,
            "roe_4q": 33.06,
            "gross_profit": 162774,
            "gross_margin": 44.41,
            "gross_margin_4q_avg": 42.46,
            "net_income": 96341,
            "net_income_4q": null,
            "revenue": 366488,
            "revenue_4q": null,
            "common_shares": 351332,
            "book_valuer_per_share": 30.6,
            "book_valuer_per_share_4q_avg": 30.41,
            "equity": 1075147,
            "current_ratio": 164.24,
            "debt_ratio": 30.24,
            "inventory_turnover_ratio": 0.93,
            "account_receivable_turnover_ratio": 1.12,
            "reinvestment_rate": 24.42,
            "research_to_sale_ratio": 0.9,
            "price_fair": 287.18,
            "eps_avg_yearly": 8.21,
            "eps_latest_yearly": 10.96,
            "eps_growth_yearly": 26.76
        },
        "20164": {
            "year_quarter": 20164,
            "year": 2016,
            "quarter": 4,
            "eps": 2.4,
            "eps_growth_year": 23.59,
            "eps_4q": 10.42,
            "eps_4q_growth_year": 17.43,
            "roe": 7.55,
            "roe_4q": 34,
            "gross_profit": 130157,
            "gross_margin": 41.01,
            "gross_margin_4q_avg": 42.69,
            "net_income": 84333,
            "net_income_4q": null,
            "revenue": 317412,
            "revenue_4q": null,
            "common_shares": 351332,
            "book_valuer_per_share": 32.99,
            "book_valuer_per_share_4q_avg": 31.07,
            "equity": 1159078,
            "current_ratio": 234.61,
            "debt_ratio": 20.1,
            "inventory_turnover_ratio": 0.82,
            "account_receivable_turnover_ratio": 1.06,
            "reinvestment_rate": 13.79,
            "research_to_sale_ratio": 1.32,
            "price_fair": 299.08,
            "eps_avg_yearly": 8.55,
            "eps_latest_yearly": 9.6,
            "eps_growth_yearly": 30.09
        },
        "20171": {
            "year_quarter": 20171,
            "year": 2017,
            "quarter": 1,
            "eps": 1.86,
            "eps_growth_year": -23.46,
            "eps_4q": 9.85,
            "eps_4q_growth_year": 10.33,
            "roe": 5.48,
            "roe_4q": 31.790000000000006,
            "gross_profit": 134690,
            "gross_margin": 40.09,
            "gross_margin_4q_avg": 41.97,
            "net_income": 65340,
            "net_income_4q": null,
            "revenue": 336000,
            "revenue_4q": null,
            "common_shares": 351332,
            "book_valuer_per_share": 34.85,
            "book_valuer_per_share_4q_avg": 31.58,
            "equity": 1224418,
            "current_ratio": 259.14,
            "debt_ratio": 19.33,
            "inventory_turnover_ratio": 0.86,
            "account_receivable_turnover_ratio": 1.08,
            "reinvestment_rate": 13.76,
            "research_to_sale_ratio": 0.82,
            "price_fair": 180.84,
            "eps_avg_yearly": 8.61,
            "eps_latest_yearly": 7.44,
            "eps_growth_yearly": 11
        },
        "20172": {
            "year_quarter": 20172,
            "year": 2017,
            "quarter": 2,
            "eps": 2.38,
            "eps_growth_year": -16.49,
            "eps_4q": 9.39,
            "eps_4q_growth_year": -2.88,
            "roe": 7.5,
            "roe_4q": 29.910000000000004,
            "gross_profit": 140515,
            "gross_margin": 38.78,
            "gross_margin_4q_avg": 41.07,
            "net_income": 83721,
            "net_income_4q": null,
            "revenue": 362314,
            "revenue_4q": null,
            "common_shares": 351332,
            "book_valuer_per_share": 28.73,
            "book_valuer_per_share_4q_avg": 31.79,
            "equity": 1009507,
            "current_ratio": 151.49,
            "debt_ratio": 32.66,
            "inventory_turnover_ratio": 0.99,
            "account_receivable_turnover_ratio": 1.1,
            "reinvestment_rate": 13.35,
            "research_to_sale_ratio": 0.82,
            "price_fair": 247.92,
            "eps_avg_yearly": 8.81,
            "eps_latest_yearly": 9.52,
            "eps_growth_yearly": 18.15
        },
        "20173": {
            "year_quarter": 20173,
            "year": 2017,
            "quarter": 3,
            "eps": 2.42,
            "eps_growth_year": -11.68,
            "eps_4q": 9.06,
            "eps_4q_growth_year": -9.04,
            "roe": 8.07,
            "roe_4q": 28.6,
            "gross_profit": 139293,
            "gross_margin": 41.92,
            "gross_margin_4q_avg": 40.45,
            "net_income": 84893,
            "net_income_4q": null,
            "revenue": 332294,
            "revenue_4q": null,
            "common_shares": 351332,
            "book_valuer_per_share": 31.15,
            "book_valuer_per_share_4q_avg": 31.93,
            "equity": 1094400,
            "current_ratio": 212.24,
            "debt_ratio": 21.94,
            "inventory_turnover_ratio": 0.85,
            "account_receivable_turnover_ratio": 1.01,
            "reinvestment_rate": 4.72,
            "research_to_sale_ratio": 1.01,
            "price_fair": 259.04,
            "eps_avg_yearly": 9.02,
            "eps_latest_yearly": 9.68,
            "eps_growth_yearly": 18.73
        },
        "20174": {
            "year_quarter": 20174,
            "year": 2017,
            "quarter": 4,
            "eps": 1.93,
            "eps_growth_year": -19.44,
            "eps_4q": 8.59,
            "eps_4q_growth_year": -17.52,
            "roe": 6.03,
            "roe_4q": 27.080000000000002,
            "gross_profit": 122817,
            "gross_margin": 39,
            "gross_margin_4q_avg": 39.95,
            "net_income": 67938,
            "net_income_4q": null,
            "revenue": 314915,
            "revenue_4q": null,
            "common_shares": 351332,
            "book_valuer_per_share": 32.95,
            "book_valuer_per_share_4q_avg": 31.92,
            "equity": 1157805,
            "current_ratio": 219.24,
            "debt_ratio": 23.23,
            "inventory_turnover_ratio": 0.83,
            "account_receivable_turnover_ratio": 0.97,
            "reinvestment_rate": 4.2,
            "research_to_sale_ratio": 0.88,
            "price_fair": 248.65,
            "eps_avg_yearly": 9.16,
            "eps_latest_yearly": 7.72,
            "eps_growth_yearly": 17.15
        },
        "20181": {
            "year_quarter": 20181,
            "year": 2018,
            "quarter": 1,
            "eps": 2.1,
            "eps_growth_year": 12.9,
            "eps_4q": 8.83,
            "eps_4q_growth_year": -10.35,
            "roe": 6.16,
            "roe_4q": 27.76,
            "gross_profit": 131106,
            "gross_margin": 37.73,
            "gross_margin_4q_avg": 39.36,
            "net_income": 73618,
            "net_income_4q": null,
            "revenue": 347489,
            "revenue_4q": null,
            "common_shares": 351332,
            "book_valuer_per_share": 35.05,
            "book_valuer_per_share_4q_avg": 31.97,
            "equity": 1231423,
            "current_ratio": 300.67,
            "debt_ratio": 16.71,
            "inventory_turnover_ratio": 0.94,
            "account_receivable_turnover_ratio": 0.99,
            "reinvestment_rate": 3.74,
            "research_to_sale_ratio": 0.78,
            "price_fair": 133.9,
            "eps_avg_yearly": 9.15,
            "eps_latest_yearly": 8.4,
            "eps_growth_yearly": 4.64
        },
        "20182": {
            "year_quarter": 20182,
            "year": 2018,
            "quarter": 2,
            "eps": 2.62,
            "eps_growth_year": 10.08,
            "eps_4q": 9.07,
            "eps_4q_growth_year": -3.39,
            "roe": 8.18,
            "roe_4q": 28.44,
            "gross_profit": 132096,
            "gross_margin": 37.61,
            "gross_margin_4q_avg": 39.07,
            "net_income": 92093,
            "net_income_4q": null,
            "revenue": 351180,
            "revenue_4q": null,
            "common_shares": 351332,
            "book_valuer_per_share": 29.06,
            "book_valuer_per_share_4q_avg": 32.05,
            "equity": 1020889,
            "current_ratio": 155.63,
            "debt_ratio": 33.32,
            "inventory_turnover_ratio": 0.93,
            "account_receivable_turnover_ratio": 0.94,
            "reinvestment_rate": 2.91,
            "research_to_sale_ratio": 0.8,
            "price_fair": 201.91,
            "eps_avg_yearly": 9.28,
            "eps_latest_yearly": 10.48,
            "eps_growth_yearly": 11.76
        },
        "20183": {
            "year_quarter": 20183,
            "year": 2018,
            "quarter": 3,
            "eps": 2,
            "eps_growth_year": -17.36,
            "eps_4q": 8.65,
            "eps_4q_growth_year": -4.52,
            "roe": 6.65,
            "roe_4q": 27.020000000000003,
            "gross_profit": 131441,
            "gross_margin": 38.03,
            "gross_margin_4q_avg": 38.09,
            "net_income": 70245,
            "net_income_4q": null,
            "revenue": 345635,
            "revenue_4q": null,
            "common_shares": 351332,
            "book_valuer_per_share": 31.05,
            "book_valuer_per_share_4q_avg": 32.03,
            "equity": 1090860,
            "current_ratio": 178,
            "debt_ratio": 29.18,
            "inventory_turnover_ratio": 0.85,
            "account_receivable_turnover_ratio": 0.93,
            "reinvestment_rate": 1.13,
            "research_to_sale_ratio": 0.95,
            "price_fair": 108.99,
            "eps_avg_yearly": 9.18,
            "eps_latest_yearly": 8,
            "eps_growth_yearly": 1.88
        },
        "20184": {
            "year_quarter": 20184,
            "year": 2018,
            "quarter": 4,
            "eps": 1.95,
            "eps_growth_year": 0.78,
            "eps_4q": 8.66,
            "eps_4q_growth_year": 0.84,
            "roe": 6.08,
            "roe_4q": 27.07,
            "gross_profit": 124324,
            "gross_margin": 37.25,
            "gross_margin_4q_avg": 37.66,
            "net_income": 68469,
            "net_income_4q": null,
            "revenue": 333753,
            "revenue_4q": null,
            "common_shares": 351332,
            "book_valuer_per_share": 33.02,
            "book_valuer_per_share_4q_avg": 32.05,
            "equity": 1160171,
            "current_ratio": 168.83,
            "debt_ratio": 31.55,
            "inventory_turnover_ratio": 0.73,
            "account_receivable_turnover_ratio": 0.85,
            "reinvestment_rate": 3.09,
            "research_to_sale_ratio": 0.8,
            "price_fair": 131.24,
            "eps_avg_yearly": 9.14,
            "eps_latest_yearly": 7.8,
            "eps_growth_yearly": 4.36
        },
        "20191": {
            "year_quarter": 20191,
            "year": 2019,
            "quarter": 1,
            "eps": 2.43,
            "eps_growth_year": 15.71,
            "eps_4q": 9,
            "eps_4q_growth_year": 1.97,
            "roe": 7.11,
            "roe_4q": 28.020000000000003,
            "gross_profit": 152459,
            "gross_margin": 37.78,
            "gross_margin_4q_avg": 37.67,
            "net_income": 85486,
            "net_income_4q": null,
            "revenue": 403578,
            "revenue_4q": null,
            "common_shares": 351332,
            "book_valuer_per_share": 35.45,
            "book_valuer_per_share_4q_avg": 32.15,
            "equity": 1245569,
            "current_ratio": 208.34,
            "debt_ratio": 23.91,
            "inventory_turnover_ratio": 0.83,
            "account_receivable_turnover_ratio": 0.93,
            "reinvestment_rate": 2.32,
            "research_to_sale_ratio": 0.78,
            "price_fair": 158.46,
            "eps_avg_yearly": 9.15,
            "eps_latest_yearly": 9.72,
            "eps_growth_yearly": 7.32
        },
        "20192": {
            "year_quarter": 20192,
            "year": 2019,
            "quarter": 2,
            "eps": 2.53,
            "eps_growth_year": -3.44,
            "eps_4q": 8.91,
            "eps_4q_growth_year": -1.71,
            "roe": 7.83,
            "roe_4q": 27.67,
            "gross_profit": 153867,
            "gross_margin": 39.01,
            "gross_margin_4q_avg": 38.02,
            "net_income": 88887,
            "net_income_4q": null,
            "revenue": 394410,
            "revenue_4q": null,
            "common_shares": 351332,
            "book_valuer_per_share": 29.13,
            "book_valuer_per_share_4q_avg": 32.16,
            "equity": 1023433,
            "current_ratio": 126.22,
            "debt_ratio": 38.89,
            "inventory_turnover_ratio": 0.81,
            "account_receivable_turnover_ratio": 0.91,
            "reinvestment_rate": 3.16,
            "research_to_sale_ratio": 0.76,
            "price_fair": 197.07,
            "eps_avg_yearly": 9.26,
            "eps_latest_yearly": 10.12,
            "eps_growth_yearly": 11.29
        },
        "20193": {
            "year_quarter": 20193,
            "year": 2019,
            "quarter": 3,
            "eps": 2.42,
            "eps_growth_year": 21,
            "eps_4q": 9.33,
            "eps_4q_growth_year": 7.81,
            "roe": 7.95,
            "roe_4q": 28.97,
            "gross_profit": 134064,
            "gross_margin": 40.86,
            "gross_margin_4q_avg": 38.73,
            "net_income": 84778,
            "net_income_4q": null,
            "revenue": 328127,
            "revenue_4q": null,
            "common_shares": 351332,
            "book_valuer_per_share": 31.54,
            "book_valuer_per_share_4q_avg": 32.29,
            "equity": 1108200,
            "current_ratio": 148.78,
            "debt_ratio": 32.58,
            "inventory_turnover_ratio": 0.65,
            "account_receivable_turnover_ratio": 0.85,
            "reinvestment_rate": 2.73,
            "research_to_sale_ratio": 0.86,
            "price_fair": 148.31,
            "eps_avg_yearly": 9.25,
            "eps_latest_yearly": 9.68,
            "eps_growth_yearly": 6.03
        },
        "20194": {
            "year_quarter": 20194,
            "year": 2019,
            "quarter": 4,
            "eps": 1.62,
            "eps_growth_year": -16.71,
            "eps_4q": 9,
            "eps_4q_growth_year": 3.86,
            "roe": 5.02,
            "roe_4q": 27.909999999999997,
            "gross_profit": 131629,
            "gross_margin": 38.33,
            "gross_margin_4q_avg": 39,
            "net_income": 57030,
            "net_income_4q": null,
            "revenue": 343374,
            "revenue_4q": null,
            "common_shares": 351332,
            "book_valuer_per_share": 33.12,
            "book_valuer_per_share_4q_avg": 32.31,
            "equity": 1163546,
            "current_ratio": 156.61,
            "debt_ratio": 32.09,
            "inventory_turnover_ratio": 0.68,
            "account_receivable_turnover_ratio": 0.91,
            "reinvestment_rate": 3.52,
            "research_to_sale_ratio": 0.87,
            "price_fair": 118.97,
            "eps_avg_yearly": 9.17,
            "eps_latest_yearly": 6.48,
            "eps_growth_yearly": 2.97
        },
        "20201": {
            "year_quarter": 20201,
            "year": 2020,
            "quarter": 1,
            "eps": 2.52,
            "eps_growth_year": 3.7,
            "eps_4q": 9.09,
            "eps_4q_growth_year": 0.99,
            "roe": 7.35,
            "roe_4q": 28.15,
            "gross_profit": 161232,
            "gross_margin": 39.38,
            "gross_margin_4q_avg": 39.4,
            "net_income": 88697,
            "net_income_4q": null,
            "revenue": 409384,
            "revenue_4q": null,
            "common_shares": 351332,
            "book_valuer_per_share": 35.63,
            "book_valuer_per_share_4q_avg": 32.36,
            "equity": 1251497,
            "current_ratio": 172.8,
            "debt_ratio": 30.96,
            "inventory_turnover_ratio": 0.77,
            "account_receivable_turnover_ratio": 0.94,
            "reinvestment_rate": 3.59,
            "research_to_sale_ratio": 0.7,
            "price_fair": 188.89,
            "eps_avg_yearly": 9.19,
            "eps_latest_yearly": 10.08,
            "eps_growth_yearly": 10.55
        },
        "20202": {
            "year_quarter": 20202,
            "year": 2020,
            "quarter": 2,
            "eps": 2.52,
            "eps_growth_year": -0.4,
            "eps_4q": 9.05,
            "eps_4q_growth_year": 1.6,
            "roe": 7.7,
            "roe_4q": 28.02,
            "gross_profit": 173643,
            "gross_margin": 41.38,
            "gross_margin_4q_avg": 39.99,
            "net_income": 87595,
            "net_income_4q": null,
            "revenue": 419676,
            "revenue_4q": null,
            "common_shares": 351332,
            "book_valuer_per_share": 29.1,
            "book_valuer_per_share_4q_avg": 32.35,
            "equity": 1022452,
            "current_ratio": 123.4,
            "debt_ratio": 41.98,
            "inventory_turnover_ratio": 0.73,
            "account_receivable_turnover_ratio": 0.94,
            "reinvestment_rate": 4.15,
            "research_to_sale_ratio": 0.74,
            "price_fair": 147.83,
            "eps_avg_yearly": 9.11,
            "eps_latest_yearly": 10.08,
            "eps_growth_yearly": 6.23
        },
        "20203": {
            "year_quarter": 20203,
            "year": 2020,
            "quarter": 3,
            "eps": 2.69,
            "eps_growth_year": 11.16,
            "eps_4q": 9.33,
            "eps_4q_growth_year": 0.1,
            "roe": 8.85,
            "roe_4q": 28.919999999999998,
            "gross_profit": 175790,
            "gross_margin": 38.09,
            "gross_margin_4q_avg": 39.3,
            "net_income": 94628,
            "net_income_4q": null,
            "revenue": 461571,
            "revenue_4q": null,
            "common_shares": 351332,
            "book_valuer_per_share": 31.79,
            "book_valuer_per_share_4q_avg": 32.41,
            "equity": 1116924,
            "current_ratio": 137.1,
            "debt_ratio": 38.17,
            "inventory_turnover_ratio": 0.8,
            "account_receivable_turnover_ratio": 1.02,
            "reinvestment_rate": 5.56,
            "research_to_sale_ratio": 0.69,
            "price_fair": 171.75,
            "eps_avg_yearly": 9.1,
            "eps_latest_yearly": 10.76,
            "eps_growth_yearly": 8.88
        },
        "20204": {
            "year_quarter": 20204,
            "year": 2020,
            "quarter": 4,
            "eps": 3.35,
            "eps_growth_year": 106.39,
            "eps_4q": 11.06,
            "eps_4q_growth_year": 22.91,
            "roe": 10.02,
            "roe_4q": 33.919999999999995,
            "gross_profit": 232058,
            "gross_margin": 39.38,
            "gross_margin_4q_avg": 39.56,
            "net_income": 117707,
            "net_income_4q": null,
            "revenue": 589302,
            "revenue_4q": null,
            "common_shares": 351332,
            "book_valuer_per_share": 35.05,
            "book_valuer_per_share_4q_avg": 32.89,
            "equity": 1231376,
            "current_ratio": 144.54,
            "debt_ratio": 39.43,
            "inventory_turnover_ratio": 0.91,
            "account_receivable_turnover_ratio": 1.02,
            "reinvestment_rate": 6.73,
            "research_to_sale_ratio": 0.56,
            "price_fair": 262.45,
            "eps_avg_yearly": 9.34,
            "eps_latest_yearly": 13.4,
            "eps_growth_yearly": 18.11
        },
        "20211": {
            "year_quarter": 20211,
            "year": 2021,
            "quarter": 1,
            "eps": 2.8,
            "eps_growth_year": 11.11,
            "eps_4q": 11.34,
            "eps_4q_growth_year": 24.71,
            "roe": 7.69,
            "roe_4q": 34.260000000000005,
            "gross_profit": 211495,
            "gross_margin": 36.86,
            "gross_margin_4q_avg": 38.93,
            "net_income": 98429,
            "net_income_4q": null,
            "revenue": 573768,
            "revenue_4q": null,
            "common_shares": 351332,
            "book_valuer_per_share": 37.86,
            "book_valuer_per_share_4q_avg": 33.45,
            "equity": 1330001,
            "current_ratio": 229.8,
            "debt_ratio": 34.79,
            "inventory_turnover_ratio": 0.88,
            "account_receivable_turnover_ratio": 0.86,
            "reinvestment_rate": 6.78,
            "research_to_sale_ratio": 0.52,
            "price_fair": 283.61,
            "eps_avg_yearly": 9.57,
            "eps_latest_yearly": 11.2,
            "eps_growth_yearly": 19.63
        },
        "20212": {
            "year_quarter": 20212,
            "year": 2021,
            "quarter": 2,
            "eps": 2.69,
            "eps_growth_year": 6.75,
            "eps_4q": 11.54,
            "eps_4q_growth_year": 27.45,
            "roe": 7.88,
            "roe_4q": 34.44,
            "gross_profit": 239609,
            "gross_margin": 36.55,
            "gross_margin_4q_avg": 37.72,
            "net_income": 94661,
            "net_income_4q": null,
            "revenue": 655485,
            "revenue_4q": null,
            "common_shares": 351332,
            "book_valuer_per_share": 30.55,
            "book_valuer_per_share_4q_avg": 33.81,
            "equity": 1073330,
            "current_ratio": 141.44,
            "debt_ratio": 51.34,
            "inventory_turnover_ratio": 0.97,
            "account_receivable_turnover_ratio": 0.9,
            "reinvestment_rate": 6.74,
            "research_to_sale_ratio": 0.5,
            "price_fair": 209,
            "eps_avg_yearly": 9.65,
            "eps_latest_yearly": 10.76,
            "eps_growth_yearly": 11.66
        },
        "20213": {
            "year_quarter": 20213,
            "year": 2021,
            "quarter": 3,
            "eps": 2.34,
            "eps_growth_year": -13.01,
            "eps_4q": 11.19,
            "eps_4q_growth_year": 19.89,
            "roe": 7.39,
            "roe_4q": 32.980000000000004,
            "gross_profit": 190969,
            "gross_margin": 33.83,
            "gross_margin_4q_avg": 36.66,
            "net_income": 82379,
            "net_income_4q": null,
            "revenue": 564463,
            "revenue_4q": null,
            "common_shares": 351332,
            "book_valuer_per_share": 32.9,
            "book_valuer_per_share_4q_avg": 34.09,
            "equity": 1155709,
            "current_ratio": 142.47,
            "debt_ratio": 52.08,
            "inventory_turnover_ratio": 0.81,
            "account_receivable_turnover_ratio": 0.69,
            "reinvestment_rate": 7.15,
            "research_to_sale_ratio": 0.52,
            "price_fair": 173.2,
            "eps_avg_yearly": 9.63,
            "eps_latest_yearly": 9.36,
            "eps_growth_yearly": 7.99
        },
        "20214": {
            "year_quarter": 20214,
            "year": 2021,
            "quarter": 4,
            "eps": 2.24,
            "eps_growth_year": -33.11,
            "eps_4q": 10.08,
            "eps_4q_growth_year": -8.86,
            "roe": 6.58,
            "roe_4q": 29.54,
            "gross_profit": 166966,
            "gross_margin": 33.79,
            "gross_margin_4q_avg": 35.26,
            "net_income": 78736,
            "net_income_4q": null,
            "revenue": 494137,
            "revenue_4q": null,
            "common_shares": 351332,
            "book_valuer_per_share": 35.22,
            "book_valuer_per_share_4q_avg": 34.13,
            "equity": 1237508,
            "current_ratio": 159.18,
            "debt_ratio": 46.57,
            "inventory_turnover_ratio": 0.65,
            "account_receivable_turnover_ratio": 0.62,
            "reinvestment_rate": 8.27,
            "research_to_sale_ratio": 0.61,
            "price_fair": 213.36,
            "eps_avg_yearly": 9.71,
            "eps_latest_yearly": 8.96,
            "eps_growth_yearly": 11.98
        },
        "20221": {
            "year_quarter": 20221,
            "year": 2022,
            "quarter": 1,
            "eps": 3,
            "eps_growth_year": 7.14,
            "eps_4q": 10.28,
            "eps_4q_growth_year": -9.32,
            "roe": 8.17,
            "roe_4q": 30.02,
            "gross_profit": 167130,
            "gross_margin": 31.53,
            "gross_margin_4q_avg": 33.93,
            "net_income": 105444,
            "net_income_4q": null,
            "revenue": 530034,
            "revenue_4q": null,
            "common_shares": 351332,
            "book_valuer_per_share": 38.22,
            "book_valuer_per_share_4q_avg": 34.22,
            "equity": 1342952,
            "current_ratio": 175.05,
            "debt_ratio": 42.36,
            "inventory_turnover_ratio": 0.72,
            "account_receivable_turnover_ratio": 0.7,
            "reinvestment_rate": 8.09,
            "research_to_sale_ratio": 0.53,
            "price_fair": 280.66,
            "eps_avg_yearly": 9.93,
            "eps_latest_yearly": 12,
            "eps_growth_yearly": 18.26
        },
        "20222": {
            "year_quarter": 20222,
            "year": 2022,
            "quarter": 2,
            "eps": 3.2,
            "eps_growth_year": 18.96,
            "eps_4q": 10.79,
            "eps_4q_growth_year": -6.5,
            "roe": 9.22,
            "roe_4q": 31.36,
            "gross_profit": 182771,
            "gross_margin": 37.83,
            "gross_margin_4q_avg": 34.25,
            "net_income": 112494,
            "net_income_4q": null,
            "revenue": 483148,
            "revenue_4q": null,
            "common_shares": 351332,
            "book_valuer_per_share": 31.23,
            "book_valuer_per_share_4q_avg": 34.39,
            "equity": 1097087,
            "current_ratio": 134.48,
            "debt_ratio": 52.34,
            "inventory_turnover_ratio": 0.59,
            "account_receivable_turnover_ratio": 0.64,
            "reinvestment_rate": 7.79,
            "research_to_sale_ratio": 0.62,
            "price_fair": 239.19,
            "eps_avg_yearly": 10.08,
            "eps_latest_yearly": 12.8,
            "eps_growth_yearly": 13.74
        },
        "20223": {
            "year_quarter": 20223,
            "year": 2022,
            "quarter": 3,
            "eps": 3.34,
            "eps_growth_year": 42.74,
            "eps_4q": 11.78,
            "eps_4q_growth_year": 5.28,
            "roe": 10.15,
            "roe_4q": 34.12,
            "gross_profit": 159636,
            "gross_margin": 38.88,
            "gross_margin_4q_avg": 35.51,
            "net_income": 117272,
            "net_income_4q": null,
            "revenue": 410535,
            "revenue_4q": null,
            "common_shares": 351332,
            "book_valuer_per_share": 34.56,
            "book_valuer_per_share_4q_avg": 34.81,
            "equity": 1214359,
            "current_ratio": 164.26,
            "debt_ratio": 42.37,
            "inventory_turnover_ratio": 0.48,
            "account_receivable_turnover_ratio": 0.64,
            "reinvestment_rate": 6.83,
            "research_to_sale_ratio": 0.73,
            "price_fair": 320.11,
            "eps_avg_yearly": 10.41,
            "eps_latest_yearly": 13.36,
            "eps_growth_yearly": 20.75
        },
        "20224": {
            "year_quarter": 20224,
            "year": 2022,
            "quarter": 4,
            "eps": 0.76,
            "eps_growth_year": -66.23,
            "eps_4q": 10.3,
            "eps_4q_growth_year": 2.14,
            "roe": 2.17,
            "roe_4q": 29.71,
            "gross_profit": 88591,
            "gross_margin": 35.39,
            "gross_margin_4q_avg": 35.91,
            "net_income": 26592,
            "net_income_4q": null,
            "revenue": 250332,
            "revenue_4q": null,
            "common_shares": 351332,
            "book_valuer_per_share": 35.32,
            "book_valuer_per_share_4q_avg": 34.83,
            "equity": 1240951,
            "current_ratio": 185.16,
            "debt_ratio": 37.09,
            "inventory_turnover_ratio": 0.31,
            "account_receivable_turnover_ratio": 0.58,
            "reinvestment_rate": 3.46,
            "research_to_sale_ratio": 0.9,
            "price_fair": 122,
            "eps_avg_yearly": 10.11,
            "eps_latest_yearly": 3.04,
            "eps_growth_yearly": 2.06
        },
        "20231": {
            "year_quarter": 20231,
            "year": 2023,
            "quarter": 1,
            "eps": 1.07,
            "eps_growth_year": -64.33,
            "eps_4q": 8.37,
            "eps_4q_growth_year": -18.62,
            "roe": 2.99,
            "roe_4q": 24.53,
            "gross_profit": 79435,
            "gross_margin": 34.2,
            "gross_margin_4q_avg": 36.58,
            "net_income": 37621,
            "net_income_4q": null,
            "revenue": 232265,
            "revenue_4q": null,
            "common_shares": 351332,
            "book_valuer_per_share": 36.39,
            "book_valuer_per_share_4q_avg": 34.38,
            "equity": 1278572,
            "current_ratio": 229.4,
            "debt_ratio": 29.1,
            "inventory_turnover_ratio": 0.29,
            "account_receivable_turnover_ratio": 0.86,
            "reinvestment_rate": 0.4,
            "research_to_sale_ratio": 1.06,
            "price_fair": 157.41,
            "eps_avg_yearly": 9.77,
            "eps_latest_yearly": 4.28,
            "eps_growth_yearly": 6.11
        },
        "20232": {
            "year_quarter": 20232,
            "year": 2023,
            "quarter": 2,
            "eps": 1.76,
            "eps_growth_year": -45,
            "eps_4q": 6.93,
            "eps_4q_growth_year": -35.79,
            "roe": 5.48,
            "roe_4q": 20.79,
            "gross_profit": 100388,
            "gross_margin": 38.5,
            "gross_margin_4q_avg": 36.74,
            "net_income": 61909,
            "net_income_4q": null,
            "revenue": 260766,
            "revenue_4q": null,
            "common_shares": 351332,
            "book_valuer_per_share": 27.95,
            "book_valuer_per_share_4q_avg": 33.56,
            "equity": 982122,
            "current_ratio": 138.5,
            "debt_ratio": 41.55,
            "inventory_turnover_ratio": 0.31,
            "account_receivable_turnover_ratio": 1.08,
            "reinvestment_rate": -1.79,
            "research_to_sale_ratio": 1,
            "price_fair": 298.9,
            "eps_avg_yearly": 9.58,
            "eps_latest_yearly": 7.04,
            "eps_growth_yearly": 21.2
        },
        "20233": {
            "year_quarter": 20233,
            "year": 2023,
            "quarter": 3,
            "eps": 2.43,
            "eps_growth_year": -27.25,
            "eps_4q": 6.02,
            "eps_4q_growth_year": -48.92,
            "roe": 8.33,
            "roe_4q": 18.97,
            "gross_profit": 132948,
            "gross_margin": 39.76,
            "gross_margin_4q_avg": 36.96,
            "net_income": 85333,
            "net_income_4q": null,
            "revenue": 334351,
            "revenue_4q": null,
            "common_shares": 351332,
            "book_valuer_per_share": 30.38,
            "book_valuer_per_share_4q_avg": 32.51,
            "equity": 1067455,
            "current_ratio": 156.56,
            "debt_ratio": 37.64,
            "inventory_turnover_ratio": 0.39,
            "account_receivable_turnover_ratio": 1.28,
            "reinvestment_rate": -2.19,
            "research_to_sale_ratio": 0.88,
            "price_fair": 335.39,
            "eps_avg_yearly": 9.58,
            "eps_latest_yearly": 9.72,
            "eps_growth_yearly": 31.8
        }
    },
    "months": {
        "2003-12": {
            "month": "2003-12",
            "price": "28.05",
            "revenue": 47057
        },
        "2004-01": {
            "month": "2004-01",
            "price": "28.10",
            "revenue": 43919
        },
        "2004-02": {
            "month": "2004-02",
            "price": "28.05",
            "revenue": 45531
        },
        "2004-03": {
            "month": "2004-03",
            "price": "29.99",
            "revenue": 24635
        },
        "2004-04": {
            "month": "2004-04",
            "price": "31.66",
            "revenue": 46824
        },
        "2004-05": {
            "month": "2004-05",
            "price": "31.90",
            "revenue": 41813
        },
        "2004-06": {
            "month": "2004-06",
            "price": "31.92",
            "revenue": 34045
        },
        "2004-07": {
            "month": "2004-07",
            "price": "34.90",
            "revenue": 32511
        },
        "2004-08": {
            "month": "2004-08",
            "price": "33.93",
            "revenue": 31567
        },
        "2004-09": {
            "month": "2004-09",
            "price": "36.82",
            "revenue": 42493
        },
        "2004-10": {
            "month": "2004-10",
            "price": "34.62",
            "revenue": 27765
        },
        "2004-11": {
            "month": "2004-11",
            "price": "31.17",
            "revenue": 23208
        },
        "2004-12": {
            "month": "2004-12",
            "price": "30.17",
            "revenue": 26173
        },
        "2005-01": {
            "month": "2005-01",
            "price": "28.03",
            "revenue": 36494
        },
        "2005-02": {
            "month": "2005-02",
            "price": "29.74",
            "revenue": 30299
        },
        "2005-03": {
            "month": "2005-03",
            "price": "29.12",
            "revenue": 33522
        },
        "2005-04": {
            "month": "2005-04",
            "price": "29.22",
            "revenue": 24583
        },
        "2005-05": {
            "month": "2005-05",
            "price": "29.04",
            "revenue": 21725
        },
        "2005-06": {
            "month": "2005-06",
            "price": "27.56",
            "revenue": 33307
        },
        "2005-07": {
            "month": "2005-07",
            "price": "25.99",
            "revenue": 34639
        },
        "2005-08": {
            "month": "2005-08",
            "price": "25.65",
            "revenue": 40375
        },
        "2005-09": {
            "month": "2005-09",
            "price": "28.90",
            "revenue": 37412
        },
        "2005-10": {
            "month": "2005-10",
            "price": "27.69",
            "revenue": 38898
        },
        "2005-11": {
            "month": "2005-11",
            "price": "26.94",
            "revenue": 31314
        },
        "2005-12": {
            "month": "2005-12",
            "price": "26.50",
            "revenue": 39440
        },
        "2006-01": {
            "month": "2006-01",
            "price": "29.72",
            "revenue": 45238
        },
        "2006-02": {
            "month": "2006-02",
            "price": "30.78",
            "revenue": 30873
        },
        "2006-03": {
            "month": "2006-03",
            "price": "32.91",
            "revenue": 53585
        },
        "2006-04": {
            "month": "2006-04",
            "price": "34.16",
            "revenue": 50578
        },
        "2006-05": {
            "month": "2006-05",
            "price": "36.50",
            "revenue": 38103
        },
        "2006-06": {
            "month": "2006-06",
            "price": "37.36",
            "revenue": 50090
        },
        "2006-07": {
            "month": "2006-07",
            "price": "36.90",
            "revenue": 44074
        },
        "2006-08": {
            "month": "2006-08",
            "price": "36.73",
            "revenue": 39634
        },
        "2006-09": {
            "month": "2006-09",
            "price": "36.39",
            "revenue": 39050
        },
        "2006-10": {
            "month": "2006-10",
            "price": "35.79",
            "revenue": 42891
        },
        "2006-11": {
            "month": "2006-11",
            "price": "36.08",
            "revenue": 35932
        },
        "2006-12": {
            "month": "2006-12",
            "price": "36.23",
            "revenue": 40419
        },
        "2007-01": {
            "month": "2007-01",
            "price": "39.30",
            "revenue": 37415
        },
        "2007-02": {
            "month": "2007-02",
            "price": "38.72",
            "revenue": 24378
        },
        "2007-03": {
            "month": "2007-03",
            "price": "38.20",
            "revenue": 43550
        },
        "2007-04": {
            "month": "2007-04",
            "price": "37.82",
            "revenue": 46927
        },
        "2007-05": {
            "month": "2007-05",
            "price": "37.49",
            "revenue": 46877
        },
        "2007-06": {
            "month": "2007-06",
            "price": "38.66",
            "revenue": 48505
        },
        "2007-07": {
            "month": "2007-07",
            "price": "37.35",
            "revenue": 38439
        },
        "2007-08": {
            "month": "2007-08",
            "price": "34.99",
            "revenue": 42725
        },
        "2007-09": {
            "month": "2007-09",
            "price": "34.22",
            "revenue": 45793
        },
        "2007-10": {
            "month": "2007-10",
            "price": "33.82",
            "revenue": 43549
        },
        "2007-11": {
            "month": "2007-11",
            "price": "33.48",
            "revenue": 36243
        },
        "2007-12": {
            "month": "2007-12",
            "price": "33.60",
            "revenue": 42680
        },
        "2008-01": {
            "month": "2008-01",
            "price": "32.61",
            "revenue": 46674
        },
        "2008-02": {
            "month": "2008-02",
            "price": "32.33",
            "revenue": 39670
        },
        "2008-03": {
            "month": "2008-03",
            "price": "31.98",
            "revenue": 51560
        },
        "2008-04": {
            "month": "2008-04",
            "price": "31.69",
            "revenue": 55329
        },
        "2008-05": {
            "month": "2008-05",
            "price": "32.15",
            "revenue": 54618
        },
        "2008-06": {
            "month": "2008-06",
            "price": "32.37",
            "revenue": 42772
        },
        "2008-07": {
            "month": "2008-07",
            "price": "30.72",
            "revenue": 49762
        },
        "2008-08": {
            "month": "2008-08",
            "price": "28.58",
            "revenue": 50969
        },
        "2008-09": {
            "month": "2008-09",
            "price": "26.20",
            "revenue": 35731
        },
        "2008-10": {
            "month": "2008-10",
            "price": "24.05",
            "revenue": 44899
        },
        "2008-11": {
            "month": "2008-11",
            "price": "20.08",
            "revenue": 34423
        },
        "2008-12": {
            "month": "2008-12",
            "price": "18.57",
            "revenue": 31747
        },
        "2009-01": {
            "month": "2009-01",
            "price": "18.57",
            "revenue": 28220
        },
        "2009-02": {
            "month": "2009-02",
            "price": "19.66",
            "revenue": 29266
        },
        "2009-03": {
            "month": "2009-03",
            "price": "20.53",
            "revenue": 30720
        },
        "2009-04": {
            "month": "2009-04",
            "price": "23.22",
            "revenue": 25811
        },
        "2009-05": {
            "month": "2009-05",
            "price": "22.62",
            "revenue": 26885
        },
        "2009-06": {
            "month": "2009-06",
            "price": "22.18",
            "revenue": 34423
        },
        "2009-07": {
            "month": "2009-07",
            "price": "22.37",
            "revenue": 30963
        },
        "2009-08": {
            "month": "2009-08",
            "price": "21.41",
            "revenue": 31936
        },
        "2009-09": {
            "month": "2009-09",
            "price": "21.34",
            "revenue": 35285
        },
        "2009-10": {
            "month": "2009-10",
            "price": "22.48",
            "revenue": 42819
        },
        "2009-11": {
            "month": "2009-11",
            "price": "23.80",
            "revenue": 48962
        },
        "2009-12": {
            "month": "2009-12",
            "price": "24.93",
            "revenue": 43159
        },
        "2010-01": {
            "month": "2010-01",
            "price": "25.48",
            "revenue": 43856
        },
        "2010-02": {
            "month": "2010-02",
            "price": "24.89",
            "revenue": 33474
        },
        "2010-03": {
            "month": "2010-03",
            "price": "26.65",
            "revenue": 51489
        },
        "2010-04": {
            "month": "2010-04",
            "price": "30.61",
            "revenue": 49471
        },
        "2010-05": {
            "month": "2010-05",
            "price": "29.88",
            "revenue": 52435
        },
        "2010-06": {
            "month": "2010-06",
            "price": "30.68",
            "revenue": 42739
        },
        "2010-07": {
            "month": "2010-07",
            "price": "29.87",
            "revenue": 51768
        },
        "2010-08": {
            "month": "2010-08",
            "price": "30.16",
            "revenue": 48216
        },
        "2010-09": {
            "month": "2010-09",
            "price": "31.18",
            "revenue": 64550
        },
        "2010-10": {
            "month": "2010-10",
            "price": "34.25",
            "revenue": 51843
        },
        "2010-11": {
            "month": "2010-11",
            "price": "33.88",
            "revenue": 57189
        },
        "2010-12": {
            "month": "2010-12",
            "price": "34.14",
            "revenue": 52278
        },
        "2011-01": {
            "month": "2011-01",
            "price": "34.27",
            "revenue": 50522
        },
        "2011-02": {
            "month": "2011-02",
            "price": "33.74",
            "revenue": 30978
        },
        "2011-03": {
            "month": "2011-03",
            "price": "33.97",
            "revenue": 53210
        },
        "2011-04": {
            "month": "2011-04",
            "price": "34.16",
            "revenue": 56086
        },
        "2011-05": {
            "month": "2011-05",
            "price": "34.15",
            "revenue": 59659
        },
        "2011-06": {
            "month": "2011-06",
            "price": "34.25",
            "revenue": 64574
        },
        "2011-07": {
            "month": "2011-07",
            "price": "35.08",
            "revenue": 67281
        },
        "2011-08": {
            "month": "2011-08",
            "price": "36.10",
            "revenue": 69043
        },
        "2011-09": {
            "month": "2011-09",
            "price": "36.00",
            "revenue": 61297
        },
        "2011-10": {
            "month": "2011-10",
            "price": "35.78",
            "revenue": 61290
        },
        "2011-11": {
            "month": "2011-11",
            "price": "36.26",
            "revenue": 65578
        },
        "2011-12": {
            "month": "2011-12",
            "price": "36.66",
            "revenue": 53801
        },
        "2012-01": {
            "month": "2012-01",
            "price": "36.90",
            "revenue": 66821
        },
        "2012-02": {
            "month": "2012-02",
            "price": "41.38",
            "revenue": 80076
        },
        "2012-03": {
            "month": "2012-03",
            "price": "56.19",
            "revenue": 80987
        },
        "2012-04": {
            "month": "2012-04",
            "price": "55.46",
            "revenue": 86709
        },
        "2012-05": {
            "month": "2012-05",
            "price": "56.09",
            "revenue": 88871
        },
        "2012-06": {
            "month": "2012-06",
            "price": "56.85",
            "revenue": 74074
        },
        "2012-07": {
            "month": "2012-07",
            "price": "59.44",
            "revenue": 84819
        },
        "2012-08": {
            "month": "2012-08",
            "price": "67.10",
            "revenue": 82065
        },
        "2012-09": {
            "month": "2012-09",
            "price": "63.20",
            "revenue": 71925
        },
        "2012-10": {
            "month": "2012-10",
            "price": "60.90",
            "revenue": 64365
        },
        "2012-11": {
            "month": "2012-11",
            "price": "57.98",
            "revenue": 61351
        },
        "2012-12": {
            "month": "2012-12",
            "price": "57.35",
            "revenue": 57249
        },
        "2013-01": {
            "month": "2013-01",
            "price": "58.50",
            "revenue": 76179
        },
        "2013-02": {
            "month": "2013-02",
            "price": "60.86",
            "revenue": 63005
        },
        "2013-03": {
            "month": "2013-03",
            "price": "61.19",
            "revenue": 81905
        },
        "2013-04": {
            "month": "2013-04",
            "price": "58.84",
            "revenue": 84725
        },
        "2013-05": {
            "month": "2013-05",
            "price": "63.26",
            "revenue": 92859
        },
        "2013-06": {
            "month": "2013-06",
            "price": "67.69",
            "revenue": 94335
        },
        "2013-07": {
            "month": "2013-07",
            "price": "76.77",
            "revenue": 90322
        },
        "2013-08": {
            "month": "2013-08",
            "price": "79.37",
            "revenue": 92018
        },
        "2013-09": {
            "month": "2013-09",
            "price": "81.35",
            "revenue": 82799
        },
        "2013-10": {
            "month": "2013-10",
            "price": "82.15",
            "revenue": 80302
        },
        "2013-11": {
            "month": "2013-11",
            "price": "79.62",
            "revenue": 80048
        },
        "2013-12": {
            "month": "2013-12",
            "price": "83.11",
            "revenue": 83128
        },
        "2014-01": {
            "month": "2014-01",
            "price": "91.25",
            "revenue": 103937
        },
        "2014-02": {
            "month": "2014-02",
            "price": "106.65",
            "revenue": 83450
        },
        "2014-03": {
            "month": "2014-03",
            "price": "125.17",
            "revenue": 107800
        },
        "2014-04": {
            "month": "2014-04",
            "price": "131.81",
            "revenue": 112650
        },
        "2014-05": {
            "month": "2014-05",
            "price": "137.74",
            "revenue": 113738
        },
        "2014-06": {
            "month": "2014-06",
            "price": "143.65",
            "revenue": 106147
        },
        "2014-07": {
            "month": "2014-07",
            "price": "132.20",
            "revenue": 119537
        },
        "2014-08": {
            "month": "2014-08",
            "price": "132.45",
            "revenue": 112659
        },
        "2014-09": {
            "month": "2014-09",
            "price": "134.33",
            "revenue": 111771
        },
        "2014-10": {
            "month": "2014-10",
            "price": "126.61",
            "revenue": 101433
        },
        "2014-11": {
            "month": "2014-11",
            "price": "122.12",
            "revenue": 93101
        },
        "2014-12": {
            "month": "2014-12",
            "price": "124.23",
            "revenue": 99048
        },
        "2015-01": {
            "month": "2015-01",
            "price": "128.95",
            "revenue": 118384
        },
        "2015-02": {
            "month": "2015-02",
            "price": "143.00",
            "revenue": 86941
        },
        "2015-03": {
            "month": "2015-03",
            "price": "166.86",
            "revenue": 124207
        },
        "2015-04": {
            "month": "2015-04",
            "price": "165.70",
            "revenue": 129891
        },
        "2015-05": {
            "month": "2015-05",
            "price": "169.92",
            "revenue": 103576
        },
        "2015-06": {
            "month": "2015-06",
            "price": "158.76",
            "revenue": 106738
        },
        "2015-07": {
            "month": "2015-07",
            "price": "139.30",
            "revenue": 113143
        },
        "2015-08": {
            "month": "2015-08",
            "price": "133.57",
            "revenue": 106074
        },
        "2015-09": {
            "month": "2015-09",
            "price": "133.82",
            "revenue": 102986
        },
        "2015-10": {
            "month": "2015-10",
            "price": "135.00",
            "revenue": 88918
        },
        "2015-11": {
            "month": "2015-11",
            "price": "138.05",
            "revenue": 85363
        },
        "2015-12": {
            "month": "2015-12",
            "price": "133.65",
            "revenue": 86301
        },
        "2016-01": {
            "month": "2016-01",
            "price": "129.52",
            "revenue": 110480
        },
        "2016-02": {
            "month": "2016-02",
            "price": "135.04",
            "revenue": 87069
        },
        "2016-03": {
            "month": "2016-03",
            "price": "137.00",
            "revenue": 119526
        },
        "2016-04": {
            "month": "2016-04",
            "price": "135.53",
            "revenue": 131662
        },
        "2016-05": {
            "month": "2016-05",
            "price": "139.21",
            "revenue": 127734
        },
        "2016-06": {
            "month": "2016-06",
            "price": "146.26",
            "revenue": 127242
        },
        "2016-07": {
            "month": "2016-07",
            "price": "147.45",
            "revenue": 127090
        },
        "2016-08": {
            "month": "2016-08",
            "price": "164.67",
            "revenue": 124102
        },
        "2016-09": {
            "month": "2016-09",
            "price": "161.24",
            "revenue": 115296
        },
        "2016-10": {
            "month": "2016-10",
            "price": "160.22",
            "revenue": 100241
        },
        "2016-11": {
            "month": "2016-11",
            "price": "153.05",
            "revenue": 111020
        },
        "2016-12": {
            "month": "2016-12",
            "price": "154.50",
            "revenue": 106151
        },
        "2017-01": {
            "month": "2017-01",
            "price": "156.69",
            "revenue": 113859
        },
        "2017-02": {
            "month": "2017-02",
            "price": "161.83",
            "revenue": 87529
        },
        "2017-03": {
            "month": "2017-03",
            "price": "164.67",
            "revenue": 134612
        },
        "2017-04": {
            "month": "2017-04",
            "price": "171.14",
            "revenue": 126530
        },
        "2017-05": {
            "month": "2017-05",
            "price": "164.25",
            "revenue": 120078
        },
        "2017-06": {
            "month": "2017-06",
            "price": "158.93",
            "revenue": 115706
        },
        "2017-07": {
            "month": "2017-07",
            "price": "147.05",
            "revenue": 115058
        },
        "2017-08": {
            "month": "2017-08",
            "price": "140.57",
            "revenue": 111833
        },
        "2017-09": {
            "month": "2017-09",
            "price": "138.39",
            "revenue": 105403
        },
        "2017-10": {
            "month": "2017-10",
            "price": "140.00",
            "revenue": 100141
        },
        "2017-11": {
            "month": "2017-11",
            "price": "141.86",
            "revenue": 112215
        },
        "2017-12": {
            "month": "2017-12",
            "price": "139.40",
            "revenue": 102559
        },
        "2018-01": {
            "month": "2018-01",
            "price": "136.64",
            "revenue": 120371
        },
        "2018-02": {
            "month": "2018-02",
            "price": "139.38",
            "revenue": 90038
        },
        "2018-03": {
            "month": "2018-03",
            "price": "141.04",
            "revenue": 137080
        },
        "2018-04": {
            "month": "2018-04",
            "price": "141.22",
            "revenue": 124350
        },
        "2018-05": {
            "month": "2018-05",
            "price": "139.93",
            "revenue": 120576
        },
        "2018-06": {
            "month": "2018-06",
            "price": "142.65",
            "revenue": 106254
        },
        "2018-07": {
            "month": "2018-07",
            "price": "132.41",
            "revenue": 110542
        },
        "2018-08": {
            "month": "2018-08",
            "price": "136.70",
            "revenue": 126111
        },
        "2018-09": {
            "month": "2018-09",
            "price": "136.97",
            "revenue": 108982
        },
        "2018-10": {
            "month": "2018-10",
            "price": "130.39",
            "revenue": 103854
        },
        "2018-11": {
            "month": "2018-11",
            "price": "129.95",
            "revenue": 115076
        },
        "2018-12": {
            "month": "2018-12",
            "price": "129.05",
            "revenue": 114823
        },
        "2019-01": {
            "month": "2019-01",
            "price": "131.50",
            "revenue": 142024
        },
        "2019-02": {
            "month": "2019-02",
            "price": "142.81",
            "revenue": 115012
        },
        "2019-03": {
            "month": "2019-03",
            "price": "149.22",
            "revenue": 146542
        },
        "2019-04": {
            "month": "2019-04",
            "price": "152.65",
            "revenue": 139506
        },
        "2019-05": {
            "month": "2019-05",
            "price": "148.07",
            "revenue": 139508
        },
        "2019-06": {
            "month": "2019-06",
            "price": "150.66",
            "revenue": 115396
        },
        "2019-07": {
            "month": "2019-07",
            "price": "145.41",
            "revenue": 120519
        },
        "2019-08": {
            "month": "2019-08",
            "price": "142.86",
            "revenue": 121117
        },
        "2019-09": {
            "month": "2019-09",
            "price": "144.24",
            "revenue": 86491
        },
        "2019-10": {
            "month": "2019-10",
            "price": "141.10",
            "revenue": 104010
        },
        "2019-11": {
            "month": "2019-11",
            "price": "145.98",
            "revenue": 112125
        },
        "2019-12": {
            "month": "2019-12",
            "price": "145.25",
            "revenue": 127239
        },
        "2020-01": {
            "month": "2020-01",
            "price": "145.47",
            "revenue": 127510
        },
        "2020-02": {
            "month": "2020-02",
            "price": "150.21",
            "revenue": 130544
        },
        "2020-03": {
            "month": "2020-03",
            "price": "139.82",
            "revenue": 151330
        },
        "2020-04": {
            "month": "2020-04",
            "price": "148.45",
            "revenue": 145037
        },
        "2020-05": {
            "month": "2020-05",
            "price": "157.38",
            "revenue": 147137
        },
        "2020-06": {
            "month": "2020-06",
            "price": "168.48",
            "revenue": 127502
        },
        "2020-07": {
            "month": "2020-07",
            "price": "163.72",
            "revenue": 122350
        },
        "2020-08": {
            "month": "2020-08",
            "price": "163.43",
            "revenue": 145217
        },
        "2020-09": {
            "month": "2020-09",
            "price": "177.86",
            "revenue": 194004
        },
        "2020-10": {
            "month": "2020-10",
            "price": "200.21",
            "revenue": 202585
        },
        "2020-11": {
            "month": "2020-11",
            "price": "198.07",
            "revenue": 207179
        },
        "2020-12": {
            "month": "2020-12",
            "price": "199.93",
            "revenue": 179537
        },
        "2021-01": {
            "month": "2021-01",
            "price": "188.18",
            "revenue": 183944
        },
        "2021-02": {
            "month": "2021-02",
            "price": "188.04",
            "revenue": 179639
        },
        "2021-03": {
            "month": "2021-03",
            "price": "196.09",
            "revenue": 210185
        },
        "2021-04": {
            "month": "2021-04",
            "price": "202.92",
            "revenue": 217572
        },
        "2021-05": {
            "month": "2021-05",
            "price": "189.21",
            "revenue": 218258
        },
        "2021-06": {
            "month": "2021-06",
            "price": "190.67",
            "revenue": 219655
        },
        "2021-07": {
            "month": "2021-07",
            "price": "188.61",
            "revenue": 180339
        },
        "2021-08": {
            "month": "2021-08",
            "price": "184.93",
            "revenue": 190074
        },
        "2021-09": {
            "month": "2021-09",
            "price": "184.42",
            "revenue": 194050
        },
        "2021-10": {
            "month": "2021-10",
            "price": "181.20",
            "revenue": 160148
        },
        "2021-11": {
            "month": "2021-11",
            "price": "173.68",
            "revenue": 189328
        },
        "2021-12": {
            "month": "2021-12",
            "price": "177.61",
            "revenue": 144661
        },
        "2022-01": {
            "month": "2022-01",
            "price": "176.50",
            "revenue": 185735
        },
        "2022-02": {
            "month": "2022-02",
            "price": "180.10",
            "revenue": 149720
        },
        "2022-03": {
            "month": "2022-03",
            "price": "179.26",
            "revenue": 194579
        },
        "2022-04": {
            "month": "2022-04",
            "price": "177.95",
            "revenue": 151484
        },
        "2022-05": {
            "month": "2022-05",
            "price": "175.07",
            "revenue": 156525
        },
        "2022-06": {
            "month": "2022-06",
            "price": "176.60",
            "revenue": 175139
        },
        "2022-07": {
            "month": "2022-07",
            "price": "169.43",
            "revenue": 150073
        },
        "2022-08": {
            "month": "2022-08",
            "price": "173.74",
            "revenue": 150080
        },
        "2022-09": {
            "month": "2022-09",
            "price": "175.55",
            "revenue": 110382
        },
        "2022-10": {
            "month": "2022-10",
            "price": "161.92",
            "revenue": 90232
        },
        "2022-11": {
            "month": "2022-11",
            "price": "162.89",
            "revenue": 80088
        },
        "2022-12": {
            "month": "2022-12",
            "price": "165.80",
            "revenue": 80012
        },
        "2023-01": {
            "month": "2023-01",
            "price": "163.85",
            "revenue": 60148
        },
        "2023-02": {
            "month": "2023-02",
            "price": "161.06",
            "revenue": 75041
        },
        "2023-03": {
            "month": "2023-03",
            "price": "156.37",
            "revenue": 97076
        },
        "2023-04": {
            "month": "2023-04",
            "price": "149.12",
            "revenue": 72321
        },
        "2023-05": {
            "month": "2023-05",
            "price": "147.18",
            "revenue": 90217
        },
        "2023-06": {
            "month": "2023-06",
            "price": "155.30",
            "revenue": 98228
        },
        "2023-07": {
            "month": "2023-07",
            "price": "148.83",
            "revenue": 101217
        },
        "2023-08": {
            "month": "2023-08",
            "price": "148.27",
            "revenue": 115059
        },
        "2023-09": {
            "month": "2023-09",
            "price": "152.18",
            "revenue": 118075
        },
        "2023-10": {
            "month": "2023-10",
            "price": "151.32",
            "revenue": 93783
        },
        "2023-11": {
            "month": "2023-11",
            "price": "147.57",
            "revenue": 86478
        }
    }
}
