{
    "summary": {
        "stock_name": "巨虹",
        "stock_id": "8084",
        "category": "電子通路",
        "main_business": "記憶體產品－記憶卡<br>醫療器材產品及聲學器件<br>透過轉投資子公司經營餐飲",
        "website_url": "http://www.chiphope.com",
        "ceo": "劉義昌",
        "pe_ratio": 100,
        "report_year_from": 2001,
        "report_year_to": 2023,
        "age": 23,
        "eps_negative_percentage": 52,
        "eps_growth_avg": {
            "last_all": -73.54,
            "last_2y": -100,
            "last_4y": -100,
            "last_8y": -82.14,
            "last_12y": -78.43,
            "last_16y": -81.51,
            "last_20y": null,
            "at_2006_last_3y": null,
            "at_2007_last_3y": -54.95,
            "at_2008_last_3y": -83.48,
            "at_2009_last_3y": -100,
            "at_2010_last_3y": -100,
            "at_2011_last_3y": -100,
            "at_2012_last_3y": -100,
            "at_2013_last_3y": -100,
            "at_2014_last_3y": -71,
            "at_2015_last_3y": -80.67,
            "at_2016_last_3y": -71,
            "at_2017_last_3y": -56.86,
            "at_2018_last_3y": -76.19,
            "at_2019_last_3y": -64.29,
            "at_2020_last_3y": -64.29,
            "at_2021_last_3y": -100,
            "at_2022_last_3y": null,
            "at_2023_last_3y": -100,
            "at_2024_last_3y": -100,
            "at_2006_last_all": -54.95,
            "at_2007_last_all": -54.95,
            "at_2008_last_all": -66.21,
            "at_2009_last_all": -66.21,
            "at_2010_last_all": -66.21,
            "at_2011_last_all": -66.21,
            "at_2012_last_all": -72.97,
            "at_2013_last_all": -72.97,
            "at_2014_last_all": -67.81,
            "at_2015_last_all": -72.41,
            "at_2016_last_all": -72.41,
            "at_2017_last_all": -66.93,
            "at_2018_last_all": -70.6,
            "at_2019_last_all": -70.6,
            "at_2020_last_all": -70.6,
            "at_2021_last_all": -70.6,
            "at_2022_last_all": -70.6,
            "at_2023_last_all": -73.54,
            "at_2024_last_all": -73.54
        },
        "latest_eps": 0.03,
        "latest_price": 104.5,
        "latest_roe": 1.17,
        "latest_gross_margin": 34.1,
        "latest_equity": 368301,
        "latest_revenue": 156416,
        "latest_gross_profit": 53342,
        "latest_net_income": -18430,
        "latest_debt_ratio": 64.51,
        "latest_current_ratio": 142.86,
        "latest_account_receivable_turnover_ratio": 0.89,
        "latest_inventory_turnover_ratio": 0.41,
        "latest_reinvestment_rate": null,
        "latest_research_to_sale_ratio": 3.36
    },
    "eps_dividends": {
        "2001": {
            "cash": 0,
            "stock": 0,
            "eps": 0
        },
        "2002": {
            "cash": 0,
            "stock": 2.67,
            "eps": 0
        },
        "2003": {
            "cash": 0.2,
            "stock": 1.7,
            "eps": 1.32
        },
        "2004": {
            "cash": 0.2,
            "stock": 0.9,
            "eps": 1.13
        },
        "2005": {
            "cash": 0.2,
            "stock": 0.55,
            "eps": 0.56
        },
        "2006": {
            "cash": 0.22,
            "stock": 0.22,
            "eps": -2.67
        },
        "2007": {
            "cash": 0,
            "stock": 0,
            "eps": 1.29
        },
        "2008": {
            "cash": 0,
            "stock": 0,
            "eps": -1.88
        },
        "2009": {
            "cash": 0,
            "stock": 0,
            "eps": -0.53
        },
        "2010": {
            "cash": 0,
            "stock": 0,
            "eps": -1.78
        },
        "2011": {
            "cash": 0,
            "stock": 0,
            "eps": 0.37
        },
        "2012": {
            "cash": 0,
            "stock": 0,
            "eps": -0.24
        },
        "2013": {
            "cash": 0,
            "stock": 0,
            "eps": 0.5
        },
        "2014": {
            "cash": 0,
            "stock": 0,
            "eps": 0.29
        },
        "2015": {
            "cash": 0,
            "stock": 0,
            "eps": -0.49
        },
        "2016": {
            "cash": 0,
            "stock": 0,
            "eps": 0.49
        },
        "2017": {
            "cash": 0,
            "stock": 0,
            "eps": 0.35
        },
        "2018": {
            "cash": 0,
            "stock": 0.2,
            "eps": -0.42
        },
        "2019": {
            "cash": 0,
            "stock": 0,
            "eps": -3.72
        },
        "2020": {
            "cash": 0,
            "stock": 0,
            "eps": -2.52
        },
        "2021": {
            "cash": 0,
            "stock": 0,
            "eps": -0.84
        },
        "2022": {
            "cash": 0,
            "stock": 0,
            "eps": 0.83
        },
        "2023": {
            "cash": 0,
            "stock": 0,
            "eps": -0.72
        }
    },
    "dividends": {
        "2002-03-05": {
            "cash": 0,
            "stock": 2.67
        },
        "2003-05-28": {
            "cash": 0.2,
            "stock": 1.7
        },
        "2004-03-12": {
            "cash": 0.2,
            "stock": 0.9
        },
        "2005-03-17": {
            "cash": 0.2,
            "stock": 0.55
        },
        "2006-04-11": {
            "cash": 0.22,
            "stock": 0.22
        },
        "2018-04-19": {
            "cash": 0,
            "stock": 0.2
        }
    },
    "prices": {
        "200101": "無",
        "200102": "無",
        "200103": "無",
        "200104": "無",
        "200105": "無",
        "200106": "無",
        "200107": "無",
        "200108": "無",
        "200109": "無",
        "200110": "無",
        "200111": "無",
        "200112": "無",
        "200201": "無",
        "200202": "無",
        "200203": "無",
        "200204": "無",
        "200205": "無",
        "200206": "無",
        "200207": "無",
        "200208": "無",
        "200209": "無",
        "200210": "無",
        "200211": "無",
        "200212": "無",
        "200301": "無",
        "200302": "無",
        "200303": "無",
        "200304": "無",
        "200305": "無",
        "200306": "無",
        "200307": "無",
        "200308": "無",
        "200309": "無",
        "200310": "無",
        "200311": "無",
        "200312": "21.05",
        "200401": "20.25",
        "200402": "22.24",
        "200403": "24.41",
        "200404": "24.98",
        "200405": "24.97",
        "200406": "25.82",
        "200407": "25.65",
        "200408": "25.52",
        "200409": "24.30",
        "200410": "22.44",
        "200411": "21.13",
        "200412": "18.05",
        "200501": "18.01",
        "200502": "18.08",
        "200503": "18.62",
        "200504": "18.95",
        "200505": "18.52",
        "200506": "18.07",
        "200507": "17.07",
        "200508": "18.41",
        "200509": "17.58",
        "200510": "17.20",
        "200511": "17.20",
        "200512": "18.37",
        "200601": "25.06",
        "200602": "26.59",
        "200603": "24.89",
        "200604": "24.44",
        "200605": "20.05",
        "200606": "20.07",
        "200607": "18.57",
        "200608": "18.34",
        "200609": "16.78",
        "200610": "16.62",
        "200611": "16.62",
        "200612": "16.76",
        "200701": "17.17",
        "200702": "16.92",
        "200703": "19.26",
        "200704": "19.26",
        "200705": "18.47",
        "200706": "23.52",
        "200707": "33.71",
        "200708": "34.38",
        "200709": "34.93",
        "200710": "33.77",
        "200711": "30.89",
        "200712": "32.01",
        "200801": "30.71",
        "200802": "31.44",
        "200803": "30.50",
        "200804": "37.65",
        "200805": "44.04",
        "200806": "35.17",
        "200807": "30.53",
        "200808": "30.80",
        "200809": "23.55",
        "200810": "17.00",
        "200811": "17.38",
        "200812": "17.96",
        "200901": "18.00",
        "200902": "17.95",
        "200903": "21.26",
        "200904": "20.81",
        "200905": "17.46",
        "200906": "15.87",
        "200907": "16.31",
        "200908": "16.58",
        "200909": "13.97",
        "200910": "13.99",
        "200911": "12.23",
        "200912": "13.98",
        "201001": "15.58",
        "201002": "13.28",
        "201003": "13.93",
        "201004": "15.35",
        "201005": "14.35",
        "201006": "12.86",
        "201007": "13.32",
        "201008": "12.77",
        "201009": "11.99",
        "201010": "10.81",
        "201011": "9.41",
        "201012": "13.15",
        "201101": "14.14",
        "201102": "13.49",
        "201103": "14.30",
        "201104": "14.57",
        "201105": "13.24",
        "201106": "12.88",
        "201107": "13.50",
        "201108": "11.92",
        "201109": "10.03",
        "201110": "9.96",
        "201111": "9.34",
        "201112": "8.11",
        "201201": "7.72",
        "201202": "9.53",
        "201203": "9.42",
        "201204": "8.76",
        "201205": "8.13",
        "201206": "7.67",
        "201207": "7.66",
        "201208": "7.57",
        "201209": "7.82",
        "201210": "7.21",
        "201211": "6.23",
        "201212": "6.01",
        "201301": "6.40",
        "201302": "6.47",
        "201303": "6.72",
        "201304": "7.80",
        "201305": "9.08",
        "201306": "8.97",
        "201307": "9.56",
        "201308": "11.08",
        "201309": "13.80",
        "201310": "14.04",
        "201311": "15.44",
        "201312": "18.84",
        "201401": "20.28",
        "201402": "24.06",
        "201403": "26.76",
        "201404": "27.56",
        "201405": "29.04",
        "201406": "31.88",
        "201407": "30.52",
        "201408": "27.50",
        "201409": "25.74",
        "201410": "23.85",
        "201411": "24.04",
        "201412": "23.75",
        "201501": "23.89",
        "201502": "24.80",
        "201503": "26.00",
        "201504": "25.86",
        "201505": "24.21",
        "201506": "24.35",
        "201507": "23.95",
        "201508": "21.71",
        "201509": "19.36",
        "201510": "19.35",
        "201511": "23.27",
        "201512": "23.28",
        "201601": "24.46",
        "201602": "24.70",
        "201603": "28.65",
        "201604": "29.65",
        "201605": "28.53",
        "201606": "30.90",
        "201607": "33.01",
        "201608": "32.36",
        "201609": "32.01",
        "201610": "32.04",
        "201611": "31.92",
        "201612": "31.97",
        "201701": "32.66",
        "201702": "34.82",
        "201703": "35.25",
        "201704": "32.77",
        "201705": "31.80",
        "201706": "31.96",
        "201707": "31.70",
        "201708": "31.42",
        "201709": "29.92",
        "201710": "30.82",
        "201711": "36.52",
        "201712": "37.99",
        "201801": "40.65",
        "201802": "41.28",
        "201803": "41.76",
        "201804": "41.76",
        "201805": "40.36",
        "201806": "39.64",
        "201807": "39.27",
        "201808": "39.74",
        "201809": "39.14",
        "201810": "38.00",
        "201811": "41.85",
        "201812": "42.11",
        "201901": "40.84",
        "201902": "40.15",
        "201903": "38.26",
        "201904": "38.27",
        "201905": "36.71",
        "201906": "35.54",
        "201907": "26.92",
        "201908": "21.38",
        "201909": "23.47",
        "201910": "22.12",
        "201911": "20.18",
        "201912": "19.95",
        "202001": "20.00",
        "202002": "20.01",
        "202003": "23.51",
        "202004": "29.46",
        "202005": "43.45",
        "202006": "49.24",
        "202007": "48.05",
        "202008": "45.59",
        "202009": "46.58",
        "202010": "64.45",
        "202011": "65.23",
        "202012": "69.73",
        "202101": "91.02",
        "202102": "80.53",
        "202103": "84.85",
        "202104": "81.21",
        "202105": "72.40",
        "202106": "81.24",
        "202107": "79.17",
        "202108": "78.35",
        "202109": "75.71",
        "202110": "72.21",
        "202111": "65.29",
        "202112": "61.84",
        "202201": "59.83",
        "202202": "62.07",
        "202203": "67.24",
        "202204": "75.84",
        "202205": "78.90",
        "202206": "82.03",
        "202207": "83.26",
        "202208": "85.43",
        "202209": "116.83",
        "202210": "106.96",
        "202211": "109.71",
        "202212": "112.95",
        "202301": "103.34",
        "202302": "98.82",
        "202303": "102.63",
        "202304": "104.74",
        "202305": "99.48",
        "202306": "79.00",
        "202307": "86.93",
        "202308": "84.18",
        "202309": "75.38",
        "202310": "77.56",
        "202311": "86.62",
        "202312": "97.34"
    },
    "quarters": {
        "20011": {
            "year_quarter": 20011,
            "year": 2001,
            "quarter": 1,
            "eps": null,
            "eps_growth_year": null,
            "eps_4q": null,
            "eps_4q_growth_year": null,
            "roe": null,
            "roe_4q": 0,
            "gross_profit": null,
            "gross_margin": null,
            "gross_margin_4q_avg": 0,
            "net_income": null,
            "net_income_4q": null,
            "revenue": null,
            "revenue_4q": null,
            "common_shares": null,
            "book_valuer_per_share": null,
            "book_valuer_per_share_4q_avg": 0,
            "equity": null,
            "current_ratio": null,
            "debt_ratio": null,
            "inventory_turnover_ratio": null,
            "account_receivable_turnover_ratio": null,
            "reinvestment_rate": null,
            "research_to_sale_ratio": null,
            "price_fair": 0,
            "eps_avg_yearly": 0,
            "eps_latest_yearly": 0,
            "eps_growth_yearly": 0
        },
        "20012": {
            "year_quarter": 20012,
            "year": 2001,
            "quarter": 2,
            "eps": null,
            "eps_growth_year": null,
            "eps_4q": null,
            "eps_4q_growth_year": null,
            "roe": null,
            "roe_4q": 0,
            "gross_profit": null,
            "gross_margin": null,
            "gross_margin_4q_avg": 0,
            "net_income": null,
            "net_income_4q": null,
            "revenue": null,
            "revenue_4q": null,
            "common_shares": null,
            "book_valuer_per_share": null,
            "book_valuer_per_share_4q_avg": 0,
            "equity": null,
            "current_ratio": null,
            "debt_ratio": null,
            "inventory_turnover_ratio": null,
            "account_receivable_turnover_ratio": null,
            "reinvestment_rate": null,
            "research_to_sale_ratio": null,
            "price_fair": 0,
            "eps_avg_yearly": 0,
            "eps_latest_yearly": 0,
            "eps_growth_yearly": 0
        },
        "20013": {
            "year_quarter": 20013,
            "year": 2001,
            "quarter": 3,
            "eps": null,
            "eps_growth_year": null,
            "eps_4q": null,
            "eps_4q_growth_year": null,
            "roe": null,
            "roe_4q": 0,
            "gross_profit": null,
            "gross_margin": null,
            "gross_margin_4q_avg": 0,
            "net_income": null,
            "net_income_4q": null,
            "revenue": null,
            "revenue_4q": null,
            "common_shares": null,
            "book_valuer_per_share": null,
            "book_valuer_per_share_4q_avg": 0,
            "equity": null,
            "current_ratio": null,
            "debt_ratio": null,
            "inventory_turnover_ratio": null,
            "account_receivable_turnover_ratio": null,
            "reinvestment_rate": null,
            "research_to_sale_ratio": null,
            "price_fair": 0,
            "eps_avg_yearly": 0,
            "eps_latest_yearly": 0,
            "eps_growth_yearly": 0
        },
        "20014": {
            "year_quarter": 20014,
            "year": 2001,
            "quarter": 4,
            "eps": null,
            "eps_growth_year": null,
            "eps_4q": null,
            "eps_4q_growth_year": null,
            "roe": null,
            "roe_4q": 0,
            "gross_profit": null,
            "gross_margin": null,
            "gross_margin_4q_avg": 0,
            "net_income": null,
            "net_income_4q": null,
            "revenue": null,
            "revenue_4q": null,
            "common_shares": 150000,
            "book_valuer_per_share": 13.42,
            "book_valuer_per_share_4q_avg": 3.36,
            "equity": 201256,
            "current_ratio": 310.83,
            "debt_ratio": 26.55,
            "inventory_turnover_ratio": null,
            "account_receivable_turnover_ratio": null,
            "reinvestment_rate": null,
            "research_to_sale_ratio": null,
            "price_fair": 0,
            "eps_avg_yearly": 0,
            "eps_latest_yearly": 0,
            "eps_growth_yearly": 0
        },
        "20021": {
            "year_quarter": 20021,
            "year": 2002,
            "quarter": 1,
            "eps": null,
            "eps_growth_year": null,
            "eps_4q": null,
            "eps_4q_growth_year": null,
            "roe": null,
            "roe_4q": 0,
            "gross_profit": null,
            "gross_margin": null,
            "gross_margin_4q_avg": 0,
            "net_income": null,
            "net_income_4q": null,
            "revenue": null,
            "revenue_4q": null,
            "common_shares": null,
            "book_valuer_per_share": null,
            "book_valuer_per_share_4q_avg": 3.36,
            "equity": null,
            "current_ratio": null,
            "debt_ratio": null,
            "inventory_turnover_ratio": null,
            "account_receivable_turnover_ratio": null,
            "reinvestment_rate": null,
            "research_to_sale_ratio": null,
            "price_fair": 0,
            "eps_avg_yearly": 0,
            "eps_latest_yearly": 0,
            "eps_growth_yearly": 0
        },
        "20022": {
            "year_quarter": 20022,
            "year": 2002,
            "quarter": 2,
            "eps": null,
            "eps_growth_year": null,
            "eps_4q": null,
            "eps_4q_growth_year": null,
            "roe": null,
            "roe_4q": 0,
            "gross_profit": null,
            "gross_margin": null,
            "gross_margin_4q_avg": 0,
            "net_income": null,
            "net_income_4q": null,
            "revenue": null,
            "revenue_4q": null,
            "common_shares": null,
            "book_valuer_per_share": null,
            "book_valuer_per_share_4q_avg": 3.36,
            "equity": null,
            "current_ratio": null,
            "debt_ratio": null,
            "inventory_turnover_ratio": null,
            "account_receivable_turnover_ratio": null,
            "reinvestment_rate": null,
            "research_to_sale_ratio": null,
            "price_fair": 0,
            "eps_avg_yearly": 0,
            "eps_latest_yearly": 0,
            "eps_growth_yearly": 0
        },
        "20023": {
            "year_quarter": 20023,
            "year": 2002,
            "quarter": 3,
            "eps": null,
            "eps_growth_year": null,
            "eps_4q": null,
            "eps_4q_growth_year": null,
            "roe": null,
            "roe_4q": 0,
            "gross_profit": null,
            "gross_margin": null,
            "gross_margin_4q_avg": 0,
            "net_income": null,
            "net_income_4q": null,
            "revenue": null,
            "revenue_4q": null,
            "common_shares": null,
            "book_valuer_per_share": null,
            "book_valuer_per_share_4q_avg": 3.36,
            "equity": null,
            "current_ratio": null,
            "debt_ratio": null,
            "inventory_turnover_ratio": null,
            "account_receivable_turnover_ratio": null,
            "reinvestment_rate": null,
            "research_to_sale_ratio": null,
            "price_fair": 0,
            "eps_avg_yearly": 0,
            "eps_latest_yearly": 0,
            "eps_growth_yearly": 0
        },
        "20024": {
            "year_quarter": 20024,
            "year": 2002,
            "quarter": 4,
            "eps": null,
            "eps_growth_year": null,
            "eps_4q": null,
            "eps_4q_growth_year": null,
            "roe": null,
            "roe_4q": 0,
            "gross_profit": null,
            "gross_margin": null,
            "gross_margin_4q_avg": 0,
            "net_income": null,
            "net_income_4q": null,
            "revenue": null,
            "revenue_4q": null,
            "common_shares": 210000,
            "book_valuer_per_share": 12.85,
            "book_valuer_per_share_4q_avg": 3.21,
            "equity": 269757,
            "current_ratio": 306.41,
            "debt_ratio": 27.18,
            "inventory_turnover_ratio": null,
            "account_receivable_turnover_ratio": null,
            "reinvestment_rate": null,
            "research_to_sale_ratio": null,
            "price_fair": 0,
            "eps_avg_yearly": 0,
            "eps_latest_yearly": 0,
            "eps_growth_yearly": 0
        },
        "20031": {
            "year_quarter": 20031,
            "year": 2003,
            "quarter": 1,
            "eps": 0.4,
            "eps_growth_year": null,
            "eps_4q": null,
            "eps_4q_growth_year": null,
            "roe": 3.08,
            "roe_4q": 3.08,
            "gross_profit": 17820,
            "gross_margin": 10.5,
            "gross_margin_4q_avg": 2.63,
            "net_income": 8445,
            "net_income_4q": null,
            "revenue": 169760,
            "revenue_4q": null,
            "common_shares": 210000,
            "book_valuer_per_share": 13.25,
            "book_valuer_per_share_4q_avg": 6.53,
            "equity": 278202,
            "current_ratio": 307.89,
            "debt_ratio": 27.08,
            "inventory_turnover_ratio": 5.14,
            "account_receivable_turnover_ratio": null,
            "reinvestment_rate": null,
            "research_to_sale_ratio": null,
            "price_fair": 0,
            "eps_avg_yearly": 0,
            "eps_latest_yearly": 0,
            "eps_growth_yearly": 0
        },
        "20032": {
            "year_quarter": 20032,
            "year": 2003,
            "quarter": 2,
            "eps": 0.23,
            "eps_growth_year": null,
            "eps_4q": null,
            "eps_4q_growth_year": null,
            "roe": 1.7,
            "roe_4q": 4.78,
            "gross_profit": 21407,
            "gross_margin": 11.64,
            "gross_margin_4q_avg": 5.54,
            "net_income": 4728,
            "net_income_4q": null,
            "revenue": 183884,
            "revenue_4q": null,
            "common_shares": 210000,
            "book_valuer_per_share": 13.24,
            "book_valuer_per_share_4q_avg": 9.84,
            "equity": 278026,
            "current_ratio": 279.52,
            "debt_ratio": 29.23,
            "inventory_turnover_ratio": 26.89,
            "account_receivable_turnover_ratio": null,
            "reinvestment_rate": null,
            "research_to_sale_ratio": null,
            "price_fair": 2.76,
            "eps_avg_yearly": 0.92,
            "eps_latest_yearly": 0.92,
            "eps_growth_yearly": -170
        },
        "20033": {
            "year_quarter": 20033,
            "year": 2003,
            "quarter": 3,
            "eps": 0.31,
            "eps_growth_year": null,
            "eps_4q": null,
            "eps_4q_growth_year": null,
            "roe": 2.98,
            "roe_4q": 7.76,
            "gross_profit": 26001,
            "gross_margin": 11.07,
            "gross_margin_4q_avg": 8.3,
            "net_income": 8413,
            "net_income_4q": null,
            "revenue": 234903,
            "revenue_4q": null,
            "common_shares": 250000,
            "book_valuer_per_share": 11.45,
            "book_valuer_per_share_4q_avg": 12.7,
            "equity": 286227,
            "current_ratio": 215.7,
            "debt_ratio": 37.63,
            "inventory_turnover_ratio": 19.71,
            "account_receivable_turnover_ratio": null,
            "reinvestment_rate": null,
            "research_to_sale_ratio": null,
            "price_fair": 3.24,
            "eps_avg_yearly": 1.08,
            "eps_latest_yearly": 1.24,
            "eps_growth_yearly": -15.43
        },
        "20034": {
            "year_quarter": 20034,
            "year": 2003,
            "quarter": 4,
            "eps": 0.38,
            "eps_growth_year": null,
            "eps_4q": 1.24,
            "eps_4q_growth_year": null,
            "roe": 3.27,
            "roe_4q": 11.030000000000001,
            "gross_profit": 26219,
            "gross_margin": 9.51,
            "gross_margin_4q_avg": 10.68,
            "net_income": 9506,
            "net_income_4q": null,
            "revenue": 275641,
            "revenue_4q": null,
            "common_shares": 250000,
            "book_valuer_per_share": 11.82,
            "book_valuer_per_share_4q_avg": 12.44,
            "equity": 295855,
            "current_ratio": 210.14,
            "debt_ratio": 41.45,
            "inventory_turnover_ratio": 6.49,
            "account_receivable_turnover_ratio": null,
            "reinvestment_rate": null,
            "research_to_sale_ratio": null,
            "price_fair": 36.58,
            "eps_avg_yearly": 1.23,
            "eps_latest_yearly": 1.52,
            "eps_growth_yearly": 19.82
        },
        "20041": {
            "year_quarter": 20041,
            "year": 2004,
            "quarter": 1,
            "eps": 0.23,
            "eps_growth_year": -42.5,
            "eps_4q": 1.13,
            "eps_4q_growth_year": null,
            "roe": 1.94,
            "roe_4q": 9.889999999999999,
            "gross_profit": 19664,
            "gross_margin": 8.68,
            "gross_margin_4q_avg": 10.23,
            "net_income": 5780,
            "net_income_4q": null,
            "revenue": 226511,
            "revenue_4q": null,
            "common_shares": 250000,
            "book_valuer_per_share": 12.02,
            "book_valuer_per_share_4q_avg": 12.13,
            "equity": 300585,
            "current_ratio": 199.07,
            "debt_ratio": 43.22,
            "inventory_turnover_ratio": 4.41,
            "account_receivable_turnover_ratio": null,
            "reinvestment_rate": null,
            "research_to_sale_ratio": null,
            "price_fair": 3.45,
            "eps_avg_yearly": 1.15,
            "eps_latest_yearly": 0.92,
            "eps_growth_yearly": -24.61
        },
        "20042": {
            "year_quarter": 20042,
            "year": 2004,
            "quarter": 2,
            "eps": 0.18,
            "eps_growth_year": -21.74,
            "eps_4q": 1.04,
            "eps_4q_growth_year": null,
            "roe": 1.65,
            "roe_4q": 9.84,
            "gross_profit": 21696,
            "gross_margin": 9.23,
            "gross_margin_4q_avg": 9.62,
            "net_income": 4952,
            "net_income_4q": null,
            "revenue": 234975,
            "revenue_4q": null,
            "common_shares": 250000,
            "book_valuer_per_share": 12.03,
            "book_valuer_per_share_4q_avg": 11.83,
            "equity": 300846,
            "current_ratio": 195.31,
            "debt_ratio": 44.14,
            "inventory_turnover_ratio": 7.41,
            "account_receivable_turnover_ratio": null,
            "reinvestment_rate": null,
            "research_to_sale_ratio": null,
            "price_fair": 3.19,
            "eps_avg_yearly": 1.06,
            "eps_latest_yearly": 0.72,
            "eps_growth_yearly": -37.08
        },
        "20043": {
            "year_quarter": 20043,
            "year": 2004,
            "quarter": 3,
            "eps": 0.44,
            "eps_growth_year": 41.94,
            "eps_4q": 1.18,
            "eps_4q_growth_year": null,
            "roe": 3.93,
            "roe_4q": 10.79,
            "gross_profit": 25095,
            "gross_margin": 10.01,
            "gross_margin_4q_avg": 9.36,
            "net_income": 12073,
            "net_income_4q": null,
            "revenue": 250632,
            "revenue_4q": null,
            "common_shares": 275387,
            "book_valuer_per_share": 11.38,
            "book_valuer_per_share_4q_avg": 11.81,
            "equity": 313317,
            "current_ratio": 333.84,
            "debt_ratio": 48.56,
            "inventory_turnover_ratio": 11.59,
            "account_receivable_turnover_ratio": null,
            "reinvestment_rate": null,
            "research_to_sale_ratio": null,
            "price_fair": 41.3,
            "eps_avg_yearly": 1.18,
            "eps_latest_yearly": 1.76,
            "eps_growth_yearly": 65.4
        },
        "20044": {
            "year_quarter": 20044,
            "year": 2004,
            "quarter": 4,
            "eps": 0.28,
            "eps_growth_year": -26.32,
            "eps_4q": 1.11,
            "eps_4q_growth_year": -10.56,
            "roe": 2.43,
            "roe_4q": 9.95,
            "gross_profit": 21834,
            "gross_margin": 8.6,
            "gross_margin_4q_avg": 9.13,
            "net_income": 7678,
            "net_income_4q": null,
            "revenue": 253940,
            "revenue_4q": null,
            "common_shares": 275822,
            "book_valuer_per_share": 11.53,
            "book_valuer_per_share_4q_avg": 11.74,
            "equity": 318366,
            "current_ratio": 276.82,
            "debt_ratio": 53.11,
            "inventory_turnover_ratio": 5.87,
            "account_receivable_turnover_ratio": null,
            "reinvestment_rate": null,
            "research_to_sale_ratio": null,
            "price_fair": 41,
            "eps_avg_yearly": 1.17,
            "eps_latest_yearly": 1.12,
            "eps_growth_yearly": 35.27
        },
        "20051": {
            "year_quarter": 20051,
            "year": 2005,
            "quarter": 1,
            "eps": -0.56,
            "eps_growth_year": -343.48,
            "eps_4q": 0.33,
            "eps_4q_growth_year": -70.8,
            "roe": -5.03,
            "roe_4q": 2.98,
            "gross_profit": 10824,
            "gross_margin": 6.82,
            "gross_margin_4q_avg": 8.67,
            "net_income": -15538,
            "net_income_4q": null,
            "revenue": 158647,
            "revenue_4q": null,
            "common_shares": 275822,
            "book_valuer_per_share": 10.87,
            "book_valuer_per_share_4q_avg": 11.45,
            "equity": 299804,
            "current_ratio": 242.05,
            "debt_ratio": 52.74,
            "inventory_turnover_ratio": 3.29,
            "account_receivable_turnover_ratio": null,
            "reinvestment_rate": null,
            "research_to_sale_ratio": null,
            "price_fair": 41,
            "eps_avg_yearly": 1.17,
            "eps_latest_yearly": 1.12,
            "eps_growth_yearly": 35.27
        },
        "20052": {
            "year_quarter": 20052,
            "year": 2005,
            "quarter": 2,
            "eps": 0.3,
            "eps_growth_year": 66.67,
            "eps_4q": 0.45,
            "eps_4q_growth_year": -56.74,
            "roe": 2.78,
            "roe_4q": 4.109999999999999,
            "gross_profit": 19114,
            "gross_margin": 7.03,
            "gross_margin_4q_avg": 8.12,
            "net_income": 8397,
            "net_income_4q": null,
            "revenue": 271989,
            "revenue_4q": null,
            "common_shares": 275822,
            "book_valuer_per_share": 11.06,
            "book_valuer_per_share_4q_avg": 11.21,
            "equity": 305074,
            "current_ratio": 204.97,
            "debt_ratio": 56.18,
            "inventory_turnover_ratio": 10.18,
            "account_receivable_turnover_ratio": null,
            "reinvestment_rate": null,
            "research_to_sale_ratio": null,
            "price_fair": 41,
            "eps_avg_yearly": 1.17,
            "eps_latest_yearly": 1.12,
            "eps_growth_yearly": 35.27
        },
        "20053": {
            "year_quarter": 20053,
            "year": 2005,
            "quarter": 3,
            "eps": 0.55,
            "eps_growth_year": 25,
            "eps_4q": 0.57,
            "eps_4q_growth_year": -51.74,
            "roe": 5.15,
            "roe_4q": 5.33,
            "gross_profit": 26267,
            "gross_margin": 8.58,
            "gross_margin_4q_avg": 7.76,
            "net_income": 16173,
            "net_income_4q": null,
            "revenue": 306179,
            "revenue_4q": null,
            "common_shares": 294492,
            "book_valuer_per_share": 10.97,
            "book_valuer_per_share_4q_avg": 11.11,
            "equity": 322916,
            "current_ratio": 129.54,
            "debt_ratio": 56.25,
            "inventory_turnover_ratio": 9.58,
            "account_receivable_turnover_ratio": null,
            "reinvestment_rate": null,
            "research_to_sale_ratio": null,
            "price_fair": 45.5,
            "eps_avg_yearly": 1.3,
            "eps_latest_yearly": 2.2,
            "eps_growth_yearly": 72.53
        },
        "20054": {
            "year_quarter": 20054,
            "year": 2005,
            "quarter": 4,
            "eps": 0.27,
            "eps_growth_year": -3.57,
            "eps_4q": 0.58,
            "eps_4q_growth_year": -48.16,
            "roe": 2.44,
            "roe_4q": 5.339999999999999,
            "gross_profit": 24167,
            "gross_margin": 8.01,
            "gross_margin_4q_avg": 7.61,
            "net_income": 7962,
            "net_income_4q": null,
            "revenue": 301690,
            "revenue_4q": null,
            "common_shares": 294492,
            "book_valuer_per_share": 11.21,
            "book_valuer_per_share_4q_avg": 11.03,
            "equity": 330343,
            "current_ratio": 142.9,
            "debt_ratio": 57.95,
            "inventory_turnover_ratio": 4.05,
            "account_receivable_turnover_ratio": null,
            "reinvestment_rate": null,
            "research_to_sale_ratio": null,
            "price_fair": 44.64,
            "eps_avg_yearly": 1.28,
            "eps_latest_yearly": 1.08,
            "eps_growth_yearly": 41.85
        },
        "20061": {
            "year_quarter": 20061,
            "year": 2006,
            "quarter": 1,
            "eps": -1.15,
            "eps_growth_year": null,
            "eps_4q": -0.11,
            "eps_4q_growth_year": -133.08,
            "roe": -10.68,
            "roe_4q": -0.31000000000000005,
            "gross_profit": 21037,
            "gross_margin": 8.54,
            "gross_margin_4q_avg": 8.04,
            "net_income": -35948,
            "net_income_4q": null,
            "revenue": 246349,
            "revenue_4q": null,
            "common_shares": 313329,
            "book_valuer_per_share": 10.94,
            "book_valuer_per_share_4q_avg": 11.05,
            "equity": 342920,
            "current_ratio": 127.41,
            "debt_ratio": 56.55,
            "inventory_turnover_ratio": 2.69,
            "account_receivable_turnover_ratio": null,
            "reinvestment_rate": null,
            "research_to_sale_ratio": null,
            "price_fair": 44.64,
            "eps_avg_yearly": 1.28,
            "eps_latest_yearly": 1.08,
            "eps_growth_yearly": 41.85
        },
        "20062": {
            "year_quarter": 20062,
            "year": 2006,
            "quarter": 2,
            "eps": -0.29,
            "eps_growth_year": -196.67,
            "eps_4q": -0.66,
            "eps_4q_growth_year": -247.19,
            "roe": -2.81,
            "roe_4q": -5.9,
            "gross_profit": 18519,
            "gross_margin": 6.41,
            "gross_margin_4q_avg": 7.89,
            "net_income": -9094,
            "net_income_4q": null,
            "revenue": 289042,
            "revenue_4q": null,
            "common_shares": 315282,
            "book_valuer_per_share": 9.68,
            "book_valuer_per_share_4q_avg": 10.7,
            "equity": 305220,
            "current_ratio": 122.18,
            "debt_ratio": 61.8,
            "inventory_turnover_ratio": 3.72,
            "account_receivable_turnover_ratio": null,
            "reinvestment_rate": null,
            "research_to_sale_ratio": null,
            "price_fair": 44.64,
            "eps_avg_yearly": 1.28,
            "eps_latest_yearly": 1.08,
            "eps_growth_yearly": 41.85
        },
        "20063": {
            "year_quarter": 20063,
            "year": 2006,
            "quarter": 3,
            "eps": -0.12,
            "eps_growth_year": -121.82,
            "eps_4q": -1.27,
            "eps_4q_growth_year": -323.02,
            "roe": -1.22,
            "roe_4q": -12.270000000000001,
            "gross_profit": 15453,
            "gross_margin": 5.09,
            "gross_margin_4q_avg": 7.01,
            "net_income": -3716,
            "net_income_4q": null,
            "revenue": 303456,
            "revenue_4q": null,
            "common_shares": 321908,
            "book_valuer_per_share": 9.41,
            "book_valuer_per_share_4q_avg": 10.31,
            "equity": 302773,
            "current_ratio": 121.85,
            "debt_ratio": 62.76,
            "inventory_turnover_ratio": 3.44,
            "account_receivable_turnover_ratio": null,
            "reinvestment_rate": null,
            "research_to_sale_ratio": null,
            "price_fair": 44.64,
            "eps_avg_yearly": 1.28,
            "eps_latest_yearly": 1.08,
            "eps_growth_yearly": 41.85
        },
        "20064": {
            "year_quarter": 20064,
            "year": 2006,
            "quarter": 4,
            "eps": -1.11,
            "eps_growth_year": -511.11,
            "eps_4q": -2.66,
            "eps_4q_growth_year": -561.35,
            "roe": -12.24,
            "roe_4q": -26.95,
            "gross_profit": 23466,
            "gross_margin": 7.45,
            "gross_margin_4q_avg": 6.87,
            "net_income": -34897,
            "net_income_4q": null,
            "revenue": 315025,
            "revenue_4q": null,
            "common_shares": 321908,
            "book_valuer_per_share": 8.3,
            "book_valuer_per_share_4q_avg": 9.58,
            "equity": 267208,
            "current_ratio": 125.25,
            "debt_ratio": 66.65,
            "inventory_turnover_ratio": 2.79,
            "account_receivable_turnover_ratio": null,
            "reinvestment_rate": null,
            "research_to_sale_ratio": null,
            "price_fair": 44.64,
            "eps_avg_yearly": 1.28,
            "eps_latest_yearly": 1.08,
            "eps_growth_yearly": 41.85
        },
        "20071": {
            "year_quarter": 20071,
            "year": 2007,
            "quarter": 1,
            "eps": 0.3,
            "eps_growth_year": null,
            "eps_4q": -1.24,
            "eps_4q_growth_year": null,
            "roe": 3.28,
            "roe_4q": -12.990000000000002,
            "gross_profit": 12633,
            "gross_margin": 4.16,
            "gross_margin_4q_avg": 5.78,
            "net_income": 9293,
            "net_income_4q": null,
            "revenue": 303703,
            "revenue_4q": null,
            "common_shares": 332575,
            "book_valuer_per_share": 9.02,
            "book_valuer_per_share_4q_avg": 9.1,
            "equity": 299979,
            "current_ratio": 125.37,
            "debt_ratio": 63.91,
            "inventory_turnover_ratio": 2.64,
            "account_receivable_turnover_ratio": null,
            "reinvestment_rate": null,
            "research_to_sale_ratio": null,
            "price_fair": 44.64,
            "eps_avg_yearly": 1.28,
            "eps_latest_yearly": 1.08,
            "eps_growth_yearly": 41.85
        },
        "20072": {
            "year_quarter": 20072,
            "year": 2007,
            "quarter": 2,
            "eps": 0.21,
            "eps_growth_year": null,
            "eps_4q": -0.68,
            "eps_4q_growth_year": null,
            "roe": 2.26,
            "roe_4q": -7.920000000000001,
            "gross_profit": 27974,
            "gross_margin": 7.21,
            "gross_margin_4q_avg": 5.98,
            "net_income": 6890,
            "net_income_4q": null,
            "revenue": 387764,
            "revenue_4q": null,
            "common_shares": 334004,
            "book_valuer_per_share": 9.28,
            "book_valuer_per_share_4q_avg": 9,
            "equity": 309929,
            "current_ratio": 125.78,
            "debt_ratio": 63.75,
            "inventory_turnover_ratio": 3.84,
            "account_receivable_turnover_ratio": null,
            "reinvestment_rate": null,
            "research_to_sale_ratio": null,
            "price_fair": 44.33,
            "eps_avg_yearly": 1.27,
            "eps_latest_yearly": 0.84,
            "eps_growth_yearly": 47.4
        },
        "20073": {
            "year_quarter": 20073,
            "year": 2007,
            "quarter": 3,
            "eps": 0.51,
            "eps_growth_year": null,
            "eps_4q": -0.03,
            "eps_4q_growth_year": null,
            "roe": 4.38,
            "roe_4q": -2.3200000000000003,
            "gross_profit": 48097,
            "gross_margin": 10.71,
            "gross_margin_4q_avg": 7.38,
            "net_income": 17702,
            "net_income_4q": null,
            "revenue": 448970,
            "revenue_4q": null,
            "common_shares": 404289,
            "book_valuer_per_share": 12.32,
            "book_valuer_per_share_4q_avg": 9.73,
            "equity": 497886,
            "current_ratio": 175.29,
            "debt_ratio": 47.2,
            "inventory_turnover_ratio": 3.77,
            "account_receivable_turnover_ratio": null,
            "reinvestment_rate": 142.31,
            "research_to_sale_ratio": null,
            "price_fair": 47.44,
            "eps_avg_yearly": 1.36,
            "eps_latest_yearly": 2.04,
            "eps_growth_yearly": 95.44
        },
        "20074": {
            "year_quarter": 20074,
            "year": 2007,
            "quarter": 4,
            "eps": 0.27,
            "eps_growth_year": null,
            "eps_4q": 1.29,
            "eps_4q_growth_year": null,
            "roe": 1.79,
            "roe_4q": 11.709999999999999,
            "gross_profit": 33982,
            "gross_margin": 6.24,
            "gross_margin_4q_avg": 7.08,
            "net_income": 8986,
            "net_income_4q": null,
            "revenue": 544731,
            "revenue_4q": null,
            "common_shares": 404765,
            "book_valuer_per_share": 12.55,
            "book_valuer_per_share_4q_avg": 10.79,
            "equity": 507981,
            "current_ratio": 184.58,
            "debt_ratio": 46.88,
            "inventory_turnover_ratio": 3.91,
            "account_receivable_turnover_ratio": null,
            "reinvestment_rate": -181.97,
            "research_to_sale_ratio": null,
            "price_fair": 45.73,
            "eps_avg_yearly": 1.31,
            "eps_latest_yearly": 1.08,
            "eps_growth_yearly": 64.48
        },
        "20081": {
            "year_quarter": 20081,
            "year": 2008,
            "quarter": 1,
            "eps": 0.91,
            "eps_growth_year": 203.33,
            "eps_4q": 1.74,
            "eps_4q_growth_year": null,
            "roe": 6.99,
            "roe_4q": 15.42,
            "gross_profit": 93725,
            "gross_margin": 15.7,
            "gross_margin_4q_avg": 9.97,
            "net_income": 36724,
            "net_income_4q": null,
            "revenue": 596901,
            "revenue_4q": null,
            "common_shares": 404765,
            "book_valuer_per_share": 13.41,
            "book_valuer_per_share_4q_avg": 11.89,
            "equity": 542811,
            "current_ratio": 173.7,
            "debt_ratio": 50.85,
            "inventory_turnover_ratio": 3.85,
            "account_receivable_turnover_ratio": null,
            "reinvestment_rate": -38.97,
            "research_to_sale_ratio": null,
            "price_fair": 56.31,
            "eps_avg_yearly": 1.61,
            "eps_latest_yearly": 3.64,
            "eps_growth_yearly": 187.38
        },
        "20082": {
            "year_quarter": 20082,
            "year": 2008,
            "quarter": 2,
            "eps": 0.36,
            "eps_growth_year": 71.43,
            "eps_4q": 1.94,
            "eps_4q_growth_year": null,
            "roe": 2.63,
            "roe_4q": 15.79,
            "gross_profit": 106295,
            "gross_margin": 19.65,
            "gross_margin_4q_avg": 13.08,
            "net_income": 14449,
            "net_income_4q": null,
            "revenue": 540936,
            "revenue_4q": null,
            "common_shares": 404765,
            "book_valuer_per_share": 13.74,
            "book_valuer_per_share_4q_avg": 13.01,
            "equity": 556055,
            "current_ratio": 162.87,
            "debt_ratio": 55.22,
            "inventory_turnover_ratio": 2.9,
            "account_receivable_turnover_ratio": null,
            "reinvestment_rate": -39.38,
            "research_to_sale_ratio": null,
            "price_fair": 59.11,
            "eps_avg_yearly": 1.69,
            "eps_latest_yearly": 1.44,
            "eps_growth_yearly": 170.18
        },
        "20083": {
            "year_quarter": 20083,
            "year": 2008,
            "quarter": 3,
            "eps": 0.32,
            "eps_growth_year": -37.25,
            "eps_4q": 1.83,
            "eps_4q_growth_year": null,
            "roe": 2.26,
            "roe_4q": 13.669999999999998,
            "gross_profit": 18682,
            "gross_margin": 3.23,
            "gross_margin_4q_avg": 11.21,
            "net_income": 12751,
            "net_income_4q": null,
            "revenue": 579001,
            "revenue_4q": null,
            "common_shares": 404765,
            "book_valuer_per_share": 14.18,
            "book_valuer_per_share_4q_avg": 13.47,
            "equity": 573884,
            "current_ratio": 168.07,
            "debt_ratio": 53.66,
            "inventory_turnover_ratio": 3.49,
            "account_receivable_turnover_ratio": null,
            "reinvestment_rate": -66.7,
            "research_to_sale_ratio": null,
            "price_fair": 57.24,
            "eps_avg_yearly": 1.64,
            "eps_latest_yearly": 1.28,
            "eps_growth_yearly": 101.04
        },
        "20084": {
            "year_quarter": 20084,
            "year": 2008,
            "quarter": 4,
            "eps": -3.47,
            "eps_growth_year": -1385.19,
            "eps_4q": -1.89,
            "eps_4q_growth_year": -246.65,
            "roe": -27.99,
            "roe_4q": -16.11,
            "gross_profit": -79305,
            "gross_margin": -35.86,
            "gross_margin_4q_avg": 0.68,
            "net_income": -140363,
            "net_income_4q": null,
            "revenue": 221168,
            "revenue_4q": null,
            "common_shares": 404765,
            "book_valuer_per_share": 10.6,
            "book_valuer_per_share_4q_avg": 12.98,
            "equity": 429093,
            "current_ratio": 159.04,
            "debt_ratio": 55.47,
            "inventory_turnover_ratio": 1.73,
            "account_receivable_turnover_ratio": 0.8,
            "reinvestment_rate": null,
            "research_to_sale_ratio": null,
            "price_fair": 59.5,
            "eps_avg_yearly": 1.7,
            "eps_latest_yearly": 1.28,
            "eps_growth_yearly": 131.85
        },
        "20091": {
            "year_quarter": 20091,
            "year": 2009,
            "quarter": 1,
            "eps": 0.29,
            "eps_growth_year": -68.13,
            "eps_4q": -2.47,
            "eps_4q_growth_year": -241.82,
            "roe": 2.73,
            "roe_4q": -20.37,
            "gross_profit": 9534,
            "gross_margin": 3.45,
            "gross_margin_4q_avg": -2.38,
            "net_income": 11887,
            "net_income_4q": null,
            "revenue": 276129,
            "revenue_4q": null,
            "common_shares": 404765,
            "book_valuer_per_share": 10.88,
            "book_valuer_per_share_4q_avg": 12.35,
            "equity": 440245,
            "current_ratio": 158.2,
            "debt_ratio": 56.24,
            "inventory_turnover_ratio": 1.3,
            "account_receivable_turnover_ratio": 0.48,
            "reinvestment_rate": null,
            "research_to_sale_ratio": null,
            "price_fair": 59.5,
            "eps_avg_yearly": 1.7,
            "eps_latest_yearly": 1.28,
            "eps_growth_yearly": 131.85
        },
        "20092": {
            "year_quarter": 20092,
            "year": 2009,
            "quarter": 2,
            "eps": -0.75,
            "eps_growth_year": -308.33,
            "eps_4q": -3.61,
            "eps_4q_growth_year": -286.17,
            "roe": -7.15,
            "roe_4q": -30.15,
            "gross_profit": 5536,
            "gross_margin": 1.61,
            "gross_margin_4q_avg": -6.89,
            "net_income": -30433,
            "net_income_4q": null,
            "revenue": 342881,
            "revenue_4q": null,
            "common_shares": 404765,
            "book_valuer_per_share": 10.14,
            "book_valuer_per_share_4q_avg": 11.45,
            "equity": 410555,
            "current_ratio": 156.84,
            "debt_ratio": 56.49,
            "inventory_turnover_ratio": 1.56,
            "account_receivable_turnover_ratio": 0.63,
            "reinvestment_rate": null,
            "research_to_sale_ratio": null,
            "price_fair": 59.5,
            "eps_avg_yearly": 1.7,
            "eps_latest_yearly": 1.28,
            "eps_growth_yearly": 131.85
        },
        "20093": {
            "year_quarter": 20093,
            "year": 2009,
            "quarter": 3,
            "eps": -0.71,
            "eps_growth_year": -321.88,
            "eps_4q": -4.63,
            "eps_4q_growth_year": -353.3,
            "roe": -7.23,
            "roe_4q": -39.64,
            "gross_profit": -37397,
            "gross_margin": -11.47,
            "gross_margin_4q_avg": -10.57,
            "net_income": -28652,
            "net_income_4q": null,
            "revenue": 326013,
            "revenue_4q": null,
            "common_shares": 404765,
            "book_valuer_per_share": 9.43,
            "book_valuer_per_share_4q_avg": 10.26,
            "equity": 381731,
            "current_ratio": 151.77,
            "debt_ratio": 57.44,
            "inventory_turnover_ratio": 1.7,
            "account_receivable_turnover_ratio": 0.66,
            "reinvestment_rate": null,
            "research_to_sale_ratio": null,
            "price_fair": 57,
            "eps_avg_yearly": 1.63,
            "eps_latest_yearly": 1.28,
            "eps_growth_yearly": 103.07
        },
        "20094": {
            "year_quarter": 20094,
            "year": 2009,
            "quarter": 4,
            "eps": 0.64,
            "eps_growth_year": null,
            "eps_4q": -0.52,
            "eps_4q_growth_year": null,
            "roe": 6.59,
            "roe_4q": -5.0600000000000005,
            "gross_profit": 6711,
            "gross_margin": 1.61,
            "gross_margin_4q_avg": -1.2,
            "net_income": 26002,
            "net_income_4q": null,
            "revenue": 416544,
            "revenue_4q": null,
            "common_shares": 404765,
            "book_valuer_per_share": 10.07,
            "book_valuer_per_share_4q_avg": 10.13,
            "equity": 407276,
            "current_ratio": 168.5,
            "debt_ratio": 54.59,
            "inventory_turnover_ratio": 2.26,
            "account_receivable_turnover_ratio": 1.54,
            "reinvestment_rate": null,
            "research_to_sale_ratio": null,
            "price_fair": 60.2,
            "eps_avg_yearly": 1.72,
            "eps_latest_yearly": 1.28,
            "eps_growth_yearly": 154.19
        },
        "20101": {
            "year_quarter": 20101,
            "year": 2010,
            "quarter": 1,
            "eps": -0.2,
            "eps_growth_year": -168.66,
            "eps_4q": -1.02,
            "eps_4q_growth_year": null,
            "roe": -2,
            "roe_4q": -9.790000000000001,
            "gross_profit": 13121,
            "gross_margin": 4.14,
            "gross_margin_4q_avg": -1.03,
            "net_income": -8052,
            "net_income_4q": null,
            "revenue": 317069,
            "revenue_4q": null,
            "common_shares": 404765,
            "book_valuer_per_share": 9.85,
            "book_valuer_per_share_4q_avg": 9.87,
            "equity": 398497,
            "current_ratio": 166.29,
            "debt_ratio": 55.48,
            "inventory_turnover_ratio": 2.13,
            "account_receivable_turnover_ratio": 0.57,
            "reinvestment_rate": null,
            "research_to_sale_ratio": 0.84,
            "price_fair": 60.2,
            "eps_avg_yearly": 1.72,
            "eps_latest_yearly": 1.28,
            "eps_growth_yearly": 154.19
        },
        "20102": {
            "year_quarter": 20102,
            "year": 2010,
            "quarter": 2,
            "eps": -0.18,
            "eps_growth_year": null,
            "eps_4q": -0.44,
            "eps_4q_growth_year": null,
            "roe": -1.8,
            "roe_4q": -4.44,
            "gross_profit": 20388,
            "gross_margin": 6.45,
            "gross_margin_4q_avg": 0.18,
            "net_income": -7099,
            "net_income_4q": null,
            "revenue": 316040,
            "revenue_4q": null,
            "common_shares": 404765,
            "book_valuer_per_share": 9.7,
            "book_valuer_per_share_4q_avg": 9.76,
            "equity": 392323,
            "current_ratio": 162.62,
            "debt_ratio": 56.94,
            "inventory_turnover_ratio": 2.31,
            "account_receivable_turnover_ratio": 0.56,
            "reinvestment_rate": null,
            "research_to_sale_ratio": 0.94,
            "price_fair": 60.2,
            "eps_avg_yearly": 1.72,
            "eps_latest_yearly": 1.28,
            "eps_growth_yearly": 154.19
        },
        "20103": {
            "year_quarter": 20103,
            "year": 2010,
            "quarter": 3,
            "eps": -0.85,
            "eps_growth_year": null,
            "eps_4q": -0.58,
            "eps_4q_growth_year": null,
            "roe": -9.19,
            "roe_4q": -6.4,
            "gross_profit": 6524,
            "gross_margin": 1.71,
            "gross_margin_4q_avg": 3.48,
            "net_income": -34381,
            "net_income_4q": null,
            "revenue": 381216,
            "revenue_4q": null,
            "common_shares": 404765,
            "book_valuer_per_share": 8.8,
            "book_valuer_per_share_4q_avg": 9.61,
            "equity": 355698,
            "current_ratio": 153.77,
            "debt_ratio": 60.47,
            "inventory_turnover_ratio": 2.35,
            "account_receivable_turnover_ratio": 0.71,
            "reinvestment_rate": null,
            "research_to_sale_ratio": 0.76,
            "price_fair": 60.2,
            "eps_avg_yearly": 1.72,
            "eps_latest_yearly": 1.28,
            "eps_growth_yearly": 154.19
        },
        "20104": {
            "year_quarter": 20104,
            "year": 2010,
            "quarter": 4,
            "eps": -0.55,
            "eps_growth_year": -185.45,
            "eps_4q": -1.77,
            "eps_4q_growth_year": null,
            "roe": -6.48,
            "roe_4q": -19.47,
            "gross_profit": -23735,
            "gross_margin": -4.02,
            "gross_margin_4q_avg": 2.07,
            "net_income": -22116,
            "net_income_4q": null,
            "revenue": 589913,
            "revenue_4q": null,
            "common_shares": 404765,
            "book_valuer_per_share": 8.09,
            "book_valuer_per_share_4q_avg": 9.11,
            "equity": 327024,
            "current_ratio": 152.53,
            "debt_ratio": 60.24,
            "inventory_turnover_ratio": 5.12,
            "account_receivable_turnover_ratio": 1.18,
            "reinvestment_rate": null,
            "research_to_sale_ratio": 0.2,
            "price_fair": 60.2,
            "eps_avg_yearly": 1.72,
            "eps_latest_yearly": 1.28,
            "eps_growth_yearly": 154.19
        },
        "20111": {
            "year_quarter": 20111,
            "year": 2011,
            "quarter": 1,
            "eps": 0,
            "eps_growth_year": null,
            "eps_4q": -1.57,
            "eps_4q_growth_year": null,
            "roe": 0.03,
            "roe_4q": -17.44,
            "gross_profit": 23168,
            "gross_margin": 3.29,
            "gross_margin_4q_avg": 1.86,
            "net_income": 111,
            "net_income_4q": null,
            "revenue": 705033,
            "revenue_4q": null,
            "common_shares": 404765,
            "book_valuer_per_share": 8.16,
            "book_valuer_per_share_4q_avg": 8.69,
            "equity": 329857,
            "current_ratio": 150.52,
            "debt_ratio": 61.3,
            "inventory_turnover_ratio": 7.75,
            "account_receivable_turnover_ratio": 1.35,
            "reinvestment_rate": null,
            "research_to_sale_ratio": 0.28,
            "price_fair": 60.2,
            "eps_avg_yearly": 1.72,
            "eps_latest_yearly": 1.28,
            "eps_growth_yearly": 154.19
        },
        "20112": {
            "year_quarter": 20112,
            "year": 2011,
            "quarter": 2,
            "eps": -0.75,
            "eps_growth_year": null,
            "eps_4q": -2.14,
            "eps_4q_growth_year": null,
            "roe": -9.67,
            "roe_4q": -25.310000000000002,
            "gross_profit": -1852,
            "gross_margin": -0.21,
            "gross_margin_4q_avg": 0.19,
            "net_income": -30244,
            "net_income_4q": null,
            "revenue": 874586,
            "revenue_4q": null,
            "common_shares": 404765,
            "book_valuer_per_share": 7.32,
            "book_valuer_per_share_4q_avg": 8.09,
            "equity": 295875,
            "current_ratio": 144.88,
            "debt_ratio": 63.31,
            "inventory_turnover_ratio": 12.07,
            "account_receivable_turnover_ratio": 1.54,
            "reinvestment_rate": null,
            "research_to_sale_ratio": 0.21,
            "price_fair": 66.36,
            "eps_avg_yearly": 1.9,
            "eps_latest_yearly": 1.28,
            "eps_growth_yearly": 209.03
        },
        "20113": {
            "year_quarter": 20113,
            "year": 2011,
            "quarter": 3,
            "eps": 0.04,
            "eps_growth_year": null,
            "eps_4q": -1.25,
            "eps_4q_growth_year": null,
            "roe": 0.5,
            "roe_4q": -15.620000000000001,
            "gross_profit": 10621,
            "gross_margin": 1.81,
            "gross_margin_4q_avg": 0.22,
            "net_income": 1496,
            "net_income_4q": null,
            "revenue": 586097,
            "revenue_4q": null,
            "common_shares": 404365,
            "book_valuer_per_share": 7.42,
            "book_valuer_per_share_4q_avg": 7.75,
            "equity": 299956,
            "current_ratio": 146.77,
            "debt_ratio": 62.58,
            "inventory_turnover_ratio": 12.07,
            "account_receivable_turnover_ratio": 1.07,
            "reinvestment_rate": null,
            "research_to_sale_ratio": 0.3,
            "price_fair": 65.1,
            "eps_avg_yearly": 1.86,
            "eps_latest_yearly": 1.28,
            "eps_growth_yearly": 118.43
        },
        "20114": {
            "year_quarter": 20114,
            "year": 2011,
            "quarter": 4,
            "eps": 1.08,
            "eps_growth_year": null,
            "eps_4q": 0.38,
            "eps_4q_growth_year": null,
            "roe": 13.61,
            "roe_4q": 4.47,
            "gross_profit": 30596,
            "gross_margin": 4.38,
            "gross_margin_4q_avg": 2.32,
            "net_income": 43870,
            "net_income_4q": null,
            "revenue": 699091,
            "revenue_4q": null,
            "common_shares": 404365,
            "book_valuer_per_share": 8.53,
            "book_valuer_per_share_4q_avg": 7.86,
            "equity": 344941,
            "current_ratio": 159.91,
            "debt_ratio": 59.16,
            "inventory_turnover_ratio": 7.08,
            "account_receivable_turnover_ratio": 1.34,
            "reinvestment_rate": null,
            "research_to_sale_ratio": 0.21,
            "price_fair": 93.45,
            "eps_avg_yearly": 2.67,
            "eps_latest_yearly": 4.32,
            "eps_growth_yearly": 2765.49
        },
        "20121": {
            "year_quarter": 20121,
            "year": 2012,
            "quarter": 1,
            "eps": 0.09,
            "eps_growth_year": null,
            "eps_4q": 0.47,
            "eps_4q_growth_year": null,
            "roe": 1.08,
            "roe_4q": 5.52,
            "gross_profit": 15816,
            "gross_margin": 3.06,
            "gross_margin_4q_avg": 2.26,
            "net_income": 3736,
            "net_income_4q": null,
            "revenue": 516458,
            "revenue_4q": null,
            "common_shares": 404365,
            "book_valuer_per_share": 8.57,
            "book_valuer_per_share_4q_avg": 7.96,
            "equity": 346749,
            "current_ratio": 151.79,
            "debt_ratio": 62.46,
            "inventory_turnover_ratio": 4.48,
            "account_receivable_turnover_ratio": 0.88,
            "reinvestment_rate": null,
            "research_to_sale_ratio": 0.3,
            "price_fair": 64.75,
            "eps_avg_yearly": 1.85,
            "eps_latest_yearly": 0.36,
            "eps_growth_yearly": 2436.78
        },
        "20122": {
            "year_quarter": 20122,
            "year": 2012,
            "quarter": 2,
            "eps": -0.06,
            "eps_growth_year": null,
            "eps_4q": 1.15,
            "eps_4q_growth_year": null,
            "roe": -0.71,
            "roe_4q": 14.48,
            "gross_profit": 8409,
            "gross_margin": 1.09,
            "gross_margin_4q_avg": 2.59,
            "net_income": -2463,
            "net_income_4q": null,
            "revenue": 772989,
            "revenue_4q": null,
            "common_shares": 404365,
            "book_valuer_per_share": 8.54,
            "book_valuer_per_share_4q_avg": 8.27,
            "equity": 345308,
            "current_ratio": 147.74,
            "debt_ratio": 64.16,
            "inventory_turnover_ratio": 11.6,
            "account_receivable_turnover_ratio": 1.14,
            "reinvestment_rate": null,
            "research_to_sale_ratio": 0.19,
            "price_fair": 69.53,
            "eps_avg_yearly": 1.99,
            "eps_latest_yearly": 0.36,
            "eps_growth_yearly": 3329.63
        },
        "20123": {
            "year_quarter": 20123,
            "year": 2012,
            "quarter": 3,
            "eps": -0.37,
            "eps_growth_year": -1084.01,
            "eps_4q": 0.75,
            "eps_4q_growth_year": null,
            "roe": -4.38,
            "roe_4q": 9.6,
            "gross_profit": 11188,
            "gross_margin": 1.46,
            "gross_margin_4q_avg": 2.5,
            "net_income": -14761,
            "net_income_4q": null,
            "revenue": 767235,
            "revenue_4q": null,
            "common_shares": 404365,
            "book_valuer_per_share": 8.14,
            "book_valuer_per_share_4q_avg": 8.45,
            "equity": 329024,
            "current_ratio": 140.38,
            "debt_ratio": 67.5,
            "inventory_turnover_ratio": 8.96,
            "account_receivable_turnover_ratio": 1.11,
            "reinvestment_rate": null,
            "research_to_sale_ratio": 0.2,
            "price_fair": 81.9,
            "eps_avg_yearly": 2.34,
            "eps_latest_yearly": 0.36,
            "eps_growth_yearly": 5016.67
        },
        "20124": {
            "year_quarter": 20124,
            "year": 2012,
            "quarter": 4,
            "eps": 0.1,
            "eps_growth_year": -90.81,
            "eps_4q": -0.23,
            "eps_4q_growth_year": -162.08,
            "roe": 1.22,
            "roe_4q": -2.79,
            "gross_profit": 30343,
            "gross_margin": 3.43,
            "gross_margin_4q_avg": 2.26,
            "net_income": 4028,
            "net_income_4q": null,
            "revenue": 885065,
            "revenue_4q": null,
            "common_shares": 404365,
            "book_valuer_per_share": 8.22,
            "book_valuer_per_share_4q_avg": 8.37,
            "equity": 332356,
            "current_ratio": 139.54,
            "debt_ratio": 67.92,
            "inventory_turnover_ratio": 8.97,
            "account_receivable_turnover_ratio": 1.21,
            "reinvestment_rate": null,
            "research_to_sale_ratio": 0.16,
            "price_fair": 81.9,
            "eps_avg_yearly": 2.34,
            "eps_latest_yearly": 0.36,
            "eps_growth_yearly": 5016.67
        },
        "20131": {
            "year_quarter": 20131,
            "year": 2013,
            "quarter": 1,
            "eps": 0.34,
            "eps_growth_year": 277.78,
            "eps_4q": 0.01,
            "eps_4q_growth_year": -97.75,
            "roe": 4.03,
            "roe_4q": 0.16000000000000014,
            "gross_profit": 22999,
            "gross_margin": 2.83,
            "gross_margin_4q_avg": 2.2,
            "net_income": 13617,
            "net_income_4q": null,
            "revenue": 811492,
            "revenue_4q": null,
            "common_shares": 404365,
            "book_valuer_per_share": 8.48,
            "book_valuer_per_share_4q_avg": 8.35,
            "equity": 342858,
            "current_ratio": 140.9,
            "debt_ratio": 67.68,
            "inventory_turnover_ratio": 23.21,
            "account_receivable_turnover_ratio": 0.98,
            "reinvestment_rate": null,
            "research_to_sale_ratio": 0.19,
            "price_fair": 70.47,
            "eps_avg_yearly": 2.01,
            "eps_latest_yearly": 1.36,
            "eps_growth_yearly": 3664.44
        },
        "20132": {
            "year_quarter": 20132,
            "year": 2013,
            "quarter": 2,
            "eps": 0.22,
            "eps_growth_year": null,
            "eps_4q": 0.29,
            "eps_4q_growth_year": -74.87,
            "roe": 2.54,
            "roe_4q": 3.41,
            "gross_profit": 13747,
            "gross_margin": 1.42,
            "gross_margin_4q_avg": 2.29,
            "net_income": 8830,
            "net_income_4q": null,
            "revenue": 964719,
            "revenue_4q": null,
            "common_shares": 404365,
            "book_valuer_per_share": 8.71,
            "book_valuer_per_share_4q_avg": 8.39,
            "equity": 352029,
            "current_ratio": 141.73,
            "debt_ratio": 67.14,
            "inventory_turnover_ratio": 12.2,
            "account_receivable_turnover_ratio": 1.2,
            "reinvestment_rate": null,
            "research_to_sale_ratio": 0.16,
            "price_fair": 60.55,
            "eps_avg_yearly": 1.73,
            "eps_latest_yearly": 0.88,
            "eps_growth_yearly": 2713.04
        },
        "20133": {
            "year_quarter": 20133,
            "year": 2013,
            "quarter": 3,
            "eps": -0.17,
            "eps_growth_year": null,
            "eps_4q": 0.49,
            "eps_4q_growth_year": -34.53,
            "roe": -1.89,
            "roe_4q": 5.9,
            "gross_profit": 10187,
            "gross_margin": 1.02,
            "gross_margin_4q_avg": 2.18,
            "net_income": -6591,
            "net_income_4q": null,
            "revenue": 1001188,
            "revenue_4q": null,
            "common_shares": 404365,
            "book_valuer_per_share": 8.53,
            "book_valuer_per_share_4q_avg": 8.49,
            "equity": 344849,
            "current_ratio": 144.78,
            "debt_ratio": 65.42,
            "inventory_turnover_ratio": 7.41,
            "account_receivable_turnover_ratio": 1.4,
            "reinvestment_rate": null,
            "research_to_sale_ratio": 0.14,
            "price_fair": 60.55,
            "eps_avg_yearly": 1.73,
            "eps_latest_yearly": 0.88,
            "eps_growth_yearly": 2713.04
        },
        "20134": {
            "year_quarter": 20134,
            "year": 2013,
            "quarter": 4,
            "eps": 0.11,
            "eps_growth_year": 9.34,
            "eps_4q": 0.4,
            "eps_4q_growth_year": null,
            "roe": 1.31,
            "roe_4q": 5.99,
            "gross_profit": 14055,
            "gross_margin": 1.59,
            "gross_margin_4q_avg": 1.72,
            "net_income": 5876,
            "net_income_4q": null,
            "revenue": 881680,
            "revenue_4q": null,
            "common_shares": 539365,
            "book_valuer_per_share": 10.27,
            "book_valuer_per_share_4q_avg": 9,
            "equity": 554025,
            "current_ratio": 184.42,
            "debt_ratio": 52.08,
            "inventory_turnover_ratio": 7.01,
            "account_receivable_turnover_ratio": 1.16,
            "reinvestment_rate": null,
            "research_to_sale_ratio": 0.21,
            "price_fair": 60.55,
            "eps_avg_yearly": 1.73,
            "eps_latest_yearly": 0.88,
            "eps_growth_yearly": 2713.04
        },
        "20141": {
            "year_quarter": 20141,
            "year": 2014,
            "quarter": 1,
            "eps": 0.07,
            "eps_growth_year": -79.41,
            "eps_4q": 0.22,
            "eps_4q_growth_year": 1996.41,
            "roe": 0.68,
            "roe_4q": 2.6400000000000006,
            "gross_profit": 2736,
            "gross_margin": 0.47,
            "gross_margin_4q_avg": 1.13,
            "net_income": 3767,
            "net_income_4q": null,
            "revenue": 585535,
            "revenue_4q": null,
            "common_shares": 539365,
            "book_valuer_per_share": 10.36,
            "book_valuer_per_share_4q_avg": 9.47,
            "equity": 558750,
            "current_ratio": 195.3,
            "debt_ratio": 49.16,
            "inventory_turnover_ratio": 8.61,
            "account_receivable_turnover_ratio": 0.68,
            "reinvestment_rate": null,
            "research_to_sale_ratio": 0.22,
            "price_fair": 50.4,
            "eps_avg_yearly": 1.44,
            "eps_latest_yearly": 0.28,
            "eps_growth_yearly": 2141.34
        },
        "20142": {
            "year_quarter": 20142,
            "year": 2014,
            "quarter": 2,
            "eps": -0.26,
            "eps_growth_year": -218.18,
            "eps_4q": -0.2,
            "eps_4q_growth_year": -170.01,
            "roe": -2.54,
            "roe_4q": -2.4399999999999995,
            "gross_profit": 16654,
            "gross_margin": 2.39,
            "gross_margin_4q_avg": 1.37,
            "net_income": -13997,
            "net_income_4q": null,
            "revenue": 696722,
            "revenue_4q": null,
            "common_shares": 539365,
            "book_valuer_per_share": 10.09,
            "book_valuer_per_share_4q_avg": 9.81,
            "equity": 543962,
            "current_ratio": 195.41,
            "debt_ratio": 49.04,
            "inventory_turnover_ratio": 52.03,
            "account_receivable_turnover_ratio": 0.8,
            "reinvestment_rate": null,
            "research_to_sale_ratio": 0.15,
            "price_fair": 50.4,
            "eps_avg_yearly": 1.44,
            "eps_latest_yearly": 0.28,
            "eps_growth_yearly": 2141.34
        },
        "20143": {
            "year_quarter": 20143,
            "year": 2014,
            "quarter": 3,
            "eps": 0.12,
            "eps_growth_year": null,
            "eps_4q": 0.04,
            "eps_4q_growth_year": -92.27,
            "roe": 1.15,
            "roe_4q": 0.6,
            "gross_profit": 6506,
            "gross_margin": 1.43,
            "gross_margin_4q_avg": 1.47,
            "net_income": 6379,
            "net_income_4q": null,
            "revenue": 455827,
            "revenue_4q": null,
            "common_shares": 539365,
            "book_valuer_per_share": 10.22,
            "book_valuer_per_share_4q_avg": 10.24,
            "equity": 566005,
            "current_ratio": 176.57,
            "debt_ratio": 53.46,
            "inventory_turnover_ratio": 7.84,
            "account_receivable_turnover_ratio": 0.53,
            "reinvestment_rate": -6204.7,
            "research_to_sale_ratio": 0.26,
            "price_fair": 50.4,
            "eps_avg_yearly": 1.44,
            "eps_latest_yearly": 0.28,
            "eps_growth_yearly": 2141.34
        },
        "20144": {
            "year_quarter": 20144,
            "year": 2014,
            "quarter": 4,
            "eps": 0.36,
            "eps_growth_year": 231.3,
            "eps_4q": 0.29,
            "eps_4q_growth_year": -28.03,
            "roe": 3.36,
            "roe_4q": 2.65,
            "gross_profit": 5284,
            "gross_margin": 1.35,
            "gross_margin_4q_avg": 1.41,
            "net_income": 19409,
            "net_income_4q": null,
            "revenue": 390319,
            "revenue_4q": null,
            "common_shares": 539365,
            "book_valuer_per_share": 10.62,
            "book_valuer_per_share_4q_avg": 10.32,
            "equity": 587704,
            "current_ratio": 201.45,
            "debt_ratio": 46.81,
            "inventory_turnover_ratio": 6.73,
            "account_receivable_turnover_ratio": 0.44,
            "reinvestment_rate": -199.6,
            "research_to_sale_ratio": 0.29,
            "price_fair": 50.4,
            "eps_avg_yearly": 1.44,
            "eps_latest_yearly": 1.44,
            "eps_growth_yearly": 1917.78
        },
        "20151": {
            "year_quarter": 20151,
            "year": 2015,
            "quarter": 1,
            "eps": -0.55,
            "eps_growth_year": -885.71,
            "eps_4q": -0.33,
            "eps_4q_growth_year": -248.18,
            "roe": -5.11,
            "roe_4q": -3.1400000000000006,
            "gross_profit": 1230,
            "gross_margin": 0.31,
            "gross_margin_4q_avg": 1.37,
            "net_income": -29510,
            "net_income_4q": null,
            "revenue": 399601,
            "revenue_4q": null,
            "common_shares": 539365,
            "book_valuer_per_share": 10.23,
            "book_valuer_per_share_4q_avg": 10.29,
            "equity": 566466,
            "current_ratio": 206.32,
            "debt_ratio": 58.87,
            "inventory_turnover_ratio": 10.96,
            "account_receivable_turnover_ratio": 0.45,
            "reinvestment_rate": 188.66,
            "research_to_sale_ratio": 0.27,
            "price_fair": 50.4,
            "eps_avg_yearly": 1.44,
            "eps_latest_yearly": 1.44,
            "eps_growth_yearly": 1917.78
        },
        "20152": {
            "year_quarter": 20152,
            "year": 2015,
            "quarter": 2,
            "eps": -0.36,
            "eps_growth_year": null,
            "eps_4q": -0.42,
            "eps_4q_growth_year": null,
            "roe": -3.6,
            "roe_4q": -4.200000000000001,
            "gross_profit": 1497,
            "gross_margin": 0.25,
            "gross_margin_4q_avg": 0.84,
            "net_income": -20013,
            "net_income_4q": null,
            "revenue": 594112,
            "revenue_4q": null,
            "common_shares": 539365,
            "book_valuer_per_share": 9.86,
            "book_valuer_per_share_4q_avg": 10.23,
            "equity": 545848,
            "current_ratio": 208.47,
            "debt_ratio": 59.62,
            "inventory_turnover_ratio": 16.3,
            "account_receivable_turnover_ratio": 0.7,
            "reinvestment_rate": 100,
            "research_to_sale_ratio": 0.18,
            "price_fair": 50.4,
            "eps_avg_yearly": 1.44,
            "eps_latest_yearly": 1.44,
            "eps_growth_yearly": 1917.78
        },
        "20153": {
            "year_quarter": 20153,
            "year": 2015,
            "quarter": 3,
            "eps": -0.53,
            "eps_growth_year": -541.67,
            "eps_4q": -1.07,
            "eps_4q_growth_year": -2919.37,
            "roe": -5.46,
            "roe_4q": -10.810000000000002,
            "gross_profit": 5586,
            "gross_margin": 1.04,
            "gross_margin_4q_avg": 0.74,
            "net_income": -29214,
            "net_income_4q": null,
            "revenue": 536102,
            "revenue_4q": null,
            "common_shares": 539365,
            "book_valuer_per_share": 9.37,
            "book_valuer_per_share_4q_avg": 10.02,
            "equity": 525030,
            "current_ratio": 204.3,
            "debt_ratio": 60.73,
            "inventory_turnover_ratio": 11.56,
            "account_receivable_turnover_ratio": 0.7,
            "reinvestment_rate": null,
            "research_to_sale_ratio": 0.25,
            "price_fair": 50.4,
            "eps_avg_yearly": 1.44,
            "eps_latest_yearly": 1.44,
            "eps_growth_yearly": 1917.78
        },
        "20154": {
            "year_quarter": 20154,
            "year": 2015,
            "quarter": 4,
            "eps": 0.95,
            "eps_growth_year": 163.5,
            "eps_4q": -0.48,
            "eps_4q_growth_year": -266.19,
            "roe": 9.24,
            "roe_4q": -4.93,
            "gross_profit": 3133,
            "gross_margin": 0.45,
            "gross_margin_4q_avg": 0.51,
            "net_income": 50560,
            "net_income_4q": null,
            "revenue": 694157,
            "revenue_4q": null,
            "common_shares": 539365,
            "book_valuer_per_share": 10.21,
            "book_valuer_per_share_4q_avg": 9.92,
            "equity": 569246,
            "current_ratio": 230.12,
            "debt_ratio": 56.85,
            "inventory_turnover_ratio": 7.71,
            "account_receivable_turnover_ratio": 1.08,
            "reinvestment_rate": 464.46,
            "research_to_sale_ratio": 0.09,
            "price_fair": 30.24,
            "eps_avg_yearly": 0.86,
            "eps_latest_yearly": 1.44,
            "eps_growth_yearly": 221.34
        },
        "20161": {
            "year_quarter": 20161,
            "year": 2016,
            "quarter": 1,
            "eps": -0.2,
            "eps_growth_year": null,
            "eps_4q": -0.13,
            "eps_4q_growth_year": null,
            "roe": -2.01,
            "roe_4q": -1.8299999999999996,
            "gross_profit": 3610,
            "gross_margin": 0.51,
            "gross_margin_4q_avg": 0.56,
            "net_income": -11301,
            "net_income_4q": null,
            "revenue": 705863,
            "revenue_4q": null,
            "common_shares": 539365,
            "book_valuer_per_share": 10,
            "book_valuer_per_share_4q_avg": 9.86,
            "equity": 557209,
            "current_ratio": 249.11,
            "debt_ratio": 55.03,
            "inventory_turnover_ratio": 8.15,
            "account_receivable_turnover_ratio": 1.2,
            "reinvestment_rate": null,
            "research_to_sale_ratio": 0.06,
            "price_fair": 34.65,
            "eps_avg_yearly": 0.99,
            "eps_latest_yearly": 1.44,
            "eps_growth_yearly": 368.34
        },
        "20162": {
            "year_quarter": 20162,
            "year": 2016,
            "quarter": 2,
            "eps": 0.27,
            "eps_growth_year": null,
            "eps_4q": 0.5,
            "eps_4q_growth_year": null,
            "roe": 2.56,
            "roe_4q": 4.330000000000001,
            "gross_profit": 26514,
            "gross_margin": 3.2,
            "gross_margin_4q_avg": 1.3,
            "net_income": 14446,
            "net_income_4q": null,
            "revenue": 828828,
            "revenue_4q": null,
            "common_shares": 539365,
            "book_valuer_per_share": 10.27,
            "book_valuer_per_share_4q_avg": 9.96,
            "equity": 571736,
            "current_ratio": 248.2,
            "debt_ratio": 54.93,
            "inventory_turnover_ratio": 11.03,
            "account_receivable_turnover_ratio": 1.36,
            "reinvestment_rate": 105.49,
            "research_to_sale_ratio": 0.07,
            "price_fair": 34.65,
            "eps_avg_yearly": 0.99,
            "eps_latest_yearly": 1.44,
            "eps_growth_yearly": 368.34
        },
        "20163": {
            "year_quarter": 20163,
            "year": 2016,
            "quarter": 3,
            "eps": 0.05,
            "eps_growth_year": null,
            "eps_4q": 1.08,
            "eps_4q_growth_year": null,
            "roe": 0.32,
            "roe_4q": 10.11,
            "gross_profit": 19386,
            "gross_margin": 3.04,
            "gross_margin_4q_avg": 1.8,
            "net_income": 1818,
            "net_income_4q": null,
            "revenue": 637273,
            "revenue_4q": null,
            "common_shares": 539365,
            "book_valuer_per_share": 10.29,
            "book_valuer_per_share_4q_avg": 10.19,
            "equity": 572156,
            "current_ratio": 264.93,
            "debt_ratio": 53.39,
            "inventory_turnover_ratio": 6.95,
            "account_receivable_turnover_ratio": 1.14,
            "reinvestment_rate": 32.6,
            "research_to_sale_ratio": 0.08,
            "price_fair": 29.12,
            "eps_avg_yearly": 0.83,
            "eps_latest_yearly": 0.2,
            "eps_growth_yearly": 229.49
        },
        "20164": {
            "year_quarter": 20164,
            "year": 2016,
            "quarter": 4,
            "eps": 0.37,
            "eps_growth_year": -60.91,
            "eps_4q": 0.5,
            "eps_4q_growth_year": null,
            "roe": 3.23,
            "roe_4q": 4.1,
            "gross_profit": 16852,
            "gross_margin": 2.15,
            "gross_margin_4q_avg": 2.23,
            "net_income": 18799,
            "net_income_4q": null,
            "revenue": 783091,
            "revenue_4q": null,
            "common_shares": 539365,
            "book_valuer_per_share": 10.65,
            "book_valuer_per_share_4q_avg": 10.3,
            "equity": 590196,
            "current_ratio": 510.4,
            "debt_ratio": 41.95,
            "inventory_turnover_ratio": 10.43,
            "account_receivable_turnover_ratio": 1.61,
            "reinvestment_rate": 134.67,
            "research_to_sale_ratio": 0.82,
            "price_fair": 32.9,
            "eps_avg_yearly": 0.94,
            "eps_latest_yearly": 1.48,
            "eps_growth_yearly": 617.91
        },
        "20171": {
            "year_quarter": 20171,
            "year": 2017,
            "quarter": 1,
            "eps": -0.63,
            "eps_growth_year": null,
            "eps_4q": 0.06,
            "eps_4q_growth_year": null,
            "roe": -6.1,
            "roe_4q": 0.010000000000000231,
            "gross_profit": 2575,
            "gross_margin": 0.44,
            "gross_margin_4q_avg": 2.21,
            "net_income": -34862,
            "net_income_4q": null,
            "revenue": 581008,
            "revenue_4q": null,
            "common_shares": 539365,
            "book_valuer_per_share": 9.97,
            "book_valuer_per_share_4q_avg": 10.3,
            "equity": 552872,
            "current_ratio": 208.44,
            "debt_ratio": 41.27,
            "inventory_turnover_ratio": 8.17,
            "account_receivable_turnover_ratio": 1.35,
            "reinvestment_rate": null,
            "research_to_sale_ratio": 0.3,
            "price_fair": 29.96,
            "eps_avg_yearly": 0.86,
            "eps_latest_yearly": 1.48,
            "eps_growth_yearly": 549.49
        },
        "20172": {
            "year_quarter": 20172,
            "year": 2017,
            "quarter": 2,
            "eps": 0.07,
            "eps_growth_year": -74.07,
            "eps_4q": -0.14,
            "eps_4q_growth_year": -128.42,
            "roe": 0.43,
            "roe_4q": -2.12,
            "gross_profit": 2246,
            "gross_margin": 0.32,
            "gross_margin_4q_avg": 1.49,
            "net_income": 2358,
            "net_income_4q": null,
            "revenue": 707271,
            "revenue_4q": null,
            "common_shares": 539365,
            "book_valuer_per_share": 10.03,
            "book_valuer_per_share_4q_avg": 10.24,
            "equity": 554353,
            "current_ratio": 182.56,
            "debt_ratio": 45.08,
            "inventory_turnover_ratio": 7.63,
            "account_receivable_turnover_ratio": 1.55,
            "reinvestment_rate": null,
            "research_to_sale_ratio": 0.27,
            "price_fair": 29.75,
            "eps_avg_yearly": 0.85,
            "eps_latest_yearly": 1.48,
            "eps_growth_yearly": 722.15
        },
        "20173": {
            "year_quarter": 20173,
            "year": 2017,
            "quarter": 3,
            "eps": -0.02,
            "eps_growth_year": -140,
            "eps_4q": -0.2,
            "eps_4q_growth_year": -118.99,
            "roe": -0.39,
            "roe_4q": -2.8299999999999996,
            "gross_profit": 7050,
            "gross_margin": 1.02,
            "gross_margin_4q_avg": 0.98,
            "net_income": -2154,
            "net_income_4q": null,
            "revenue": 690998,
            "revenue_4q": null,
            "common_shares": 539365,
            "book_valuer_per_share": 10,
            "book_valuer_per_share_4q_avg": 10.16,
            "equity": 551869,
            "current_ratio": 156.49,
            "debt_ratio": 53.65,
            "inventory_turnover_ratio": 6.23,
            "account_receivable_turnover_ratio": 1.37,
            "reinvestment_rate": null,
            "research_to_sale_ratio": 0.28,
            "price_fair": 29.75,
            "eps_avg_yearly": 0.85,
            "eps_latest_yearly": 1.48,
            "eps_growth_yearly": 722.15
        },
        "20174": {
            "year_quarter": 20174,
            "year": 2017,
            "quarter": 4,
            "eps": 0.93,
            "eps_growth_year": 151.36,
            "eps_4q": 0.36,
            "eps_4q_growth_year": -27.77,
            "roe": 8.41,
            "roe_4q": 2.3499999999999996,
            "gross_profit": 44204,
            "gross_margin": 5.12,
            "gross_margin_4q_avg": 1.73,
            "net_income": 50365,
            "net_income_4q": null,
            "revenue": 862700,
            "revenue_4q": null,
            "common_shares": 539365,
            "book_valuer_per_share": 11.1,
            "book_valuer_per_share_4q_avg": 10.28,
            "equity": 645605,
            "current_ratio": 138.61,
            "debt_ratio": 60.38,
            "inventory_turnover_ratio": 7.87,
            "account_receivable_turnover_ratio": 1.63,
            "reinvestment_rate": 790.11,
            "research_to_sale_ratio": 0.32,
            "price_fair": 29.75,
            "eps_avg_yearly": 0.85,
            "eps_latest_yearly": 1.48,
            "eps_growth_yearly": 722.15
        },
        "20181": {
            "year_quarter": 20181,
            "year": 2018,
            "quarter": 1,
            "eps": -0.06,
            "eps_growth_year": null,
            "eps_4q": 0.74,
            "eps_4q_growth_year": 1105.22,
            "roe": -0.14,
            "roe_4q": 8.31,
            "gross_profit": 58087,
            "gross_margin": 8.6,
            "gross_margin_4q_avg": 3.77,
            "net_income": -1080,
            "net_income_4q": null,
            "revenue": 675323,
            "revenue_4q": null,
            "common_shares": 670944,
            "book_valuer_per_share": 12.59,
            "book_valuer_per_share_4q_avg": 10.93,
            "equity": 894566,
            "current_ratio": 283.4,
            "debt_ratio": 35.77,
            "inventory_turnover_ratio": 7.45,
            "account_receivable_turnover_ratio": 1.34,
            "reinvestment_rate": 1009.77,
            "research_to_sale_ratio": 0.31,
            "price_fair": 36.4,
            "eps_avg_yearly": 1.04,
            "eps_latest_yearly": 1.48,
            "eps_growth_yearly": 1011.36
        },
        "20182": {
            "year_quarter": 20182,
            "year": 2018,
            "quarter": 2,
            "eps": 0.18,
            "eps_growth_year": 157.14,
            "eps_4q": 0.84,
            "eps_4q_growth_year": null,
            "roe": 1.22,
            "roe_4q": 9.1,
            "gross_profit": 38655,
            "gross_margin": 5.49,
            "gross_margin_4q_avg": 5.06,
            "net_income": 10939,
            "net_income_4q": null,
            "revenue": 703494,
            "revenue_4q": null,
            "common_shares": 670944,
            "book_valuer_per_share": 12.81,
            "book_valuer_per_share_4q_avg": 11.63,
            "equity": 897219,
            "current_ratio": 241.99,
            "debt_ratio": 39.72,
            "inventory_turnover_ratio": 5.59,
            "account_receivable_turnover_ratio": 1.48,
            "reinvestment_rate": 527.06,
            "research_to_sale_ratio": 0.33,
            "price_fair": 36.4,
            "eps_avg_yearly": 1.04,
            "eps_latest_yearly": 1.48,
            "eps_growth_yearly": 1011.36
        },
        "20183": {
            "year_quarter": 20183,
            "year": 2018,
            "quarter": 3,
            "eps": -0.25,
            "eps_growth_year": null,
            "eps_4q": 0.61,
            "eps_4q_growth_year": null,
            "roe": -1.85,
            "roe_4q": 7.64,
            "gross_profit": 30637,
            "gross_margin": 4.75,
            "gross_margin_4q_avg": 5.99,
            "net_income": -16424,
            "net_income_4q": null,
            "revenue": 645288,
            "revenue_4q": null,
            "common_shares": 670944,
            "book_valuer_per_share": 12.57,
            "book_valuer_per_share_4q_avg": 12.27,
            "equity": 880910,
            "current_ratio": 229.64,
            "debt_ratio": 41.38,
            "inventory_turnover_ratio": 3.11,
            "account_receivable_turnover_ratio": 1.24,
            "reinvestment_rate": 905.71,
            "research_to_sale_ratio": 0.26,
            "price_fair": 36.4,
            "eps_avg_yearly": 1.04,
            "eps_latest_yearly": 1.48,
            "eps_growth_yearly": 1011.36
        },
        "20184": {
            "year_quarter": 20184,
            "year": 2018,
            "quarter": 4,
            "eps": -0.29,
            "eps_growth_year": -131.39,
            "eps_4q": -0.42,
            "eps_4q_growth_year": -217.25,
            "roe": -2.36,
            "roe_4q": -3.1300000000000003,
            "gross_profit": 27519,
            "gross_margin": 4.17,
            "gross_margin_4q_avg": 5.75,
            "net_income": -20387,
            "net_income_4q": null,
            "revenue": 659900,
            "revenue_4q": null,
            "common_shares": 670944,
            "book_valuer_per_share": 12.11,
            "book_valuer_per_share_4q_avg": 12.52,
            "equity": 849358,
            "current_ratio": 241.54,
            "debt_ratio": 40.62,
            "inventory_turnover_ratio": 3.17,
            "account_receivable_turnover_ratio": 1.25,
            "reinvestment_rate": null,
            "research_to_sale_ratio": 0.35,
            "price_fair": 29.4,
            "eps_avg_yearly": 0.84,
            "eps_latest_yearly": 1.48,
            "eps_growth_yearly": 1117.04
        },
        "20191": {
            "year_quarter": 20191,
            "year": 2019,
            "quarter": 1,
            "eps": -0.28,
            "eps_growth_year": null,
            "eps_4q": -0.64,
            "eps_4q_growth_year": -187.41,
            "roe": -2.18,
            "roe_4q": -5.170000000000001,
            "gross_profit": 26642,
            "gross_margin": 5.68,
            "gross_margin_4q_avg": 5.02,
            "net_income": -17788,
            "net_income_4q": null,
            "revenue": 468794,
            "revenue_4q": null,
            "common_shares": 670944,
            "book_valuer_per_share": 11.34,
            "book_valuer_per_share_4q_avg": 12.21,
            "equity": 779756,
            "current_ratio": 205.42,
            "debt_ratio": 45.39,
            "inventory_turnover_ratio": 2.57,
            "account_receivable_turnover_ratio": 1,
            "reinvestment_rate": 6665.9,
            "research_to_sale_ratio": 0,
            "price_fair": 29.4,
            "eps_avg_yearly": 0.84,
            "eps_latest_yearly": 1.48,
            "eps_growth_yearly": 1117.04
        },
        "20192": {
            "year_quarter": 20192,
            "year": 2019,
            "quarter": 2,
            "eps": -0.13,
            "eps_growth_year": -172.22,
            "eps_4q": -0.95,
            "eps_4q_growth_year": -213.35,
            "roe": -1.42,
            "roe_4q": -7.8100000000000005,
            "gross_profit": 29442,
            "gross_margin": 5.29,
            "gross_margin_4q_avg": 4.97,
            "net_income": -10976,
            "net_income_4q": null,
            "revenue": 556839,
            "revenue_4q": null,
            "common_shares": 670944,
            "book_valuer_per_share": 11.22,
            "book_valuer_per_share_4q_avg": 11.81,
            "equity": 766786,
            "current_ratio": 190.06,
            "debt_ratio": 48.19,
            "inventory_turnover_ratio": 2.42,
            "account_receivable_turnover_ratio": 1.35,
            "reinvestment_rate": 1381.12,
            "research_to_sale_ratio": 0,
            "price_fair": 29.4,
            "eps_avg_yearly": 0.84,
            "eps_latest_yearly": 1.48,
            "eps_growth_yearly": 1117.04
        },
        "20193": {
            "year_quarter": 20193,
            "year": 2019,
            "quarter": 3,
            "eps": -0.17,
            "eps_growth_year": null,
            "eps_4q": -0.88,
            "eps_4q_growth_year": -242.99,
            "roe": -1.69,
            "roe_4q": -7.65,
            "gross_profit": 30268,
            "gross_margin": 5.97,
            "gross_margin_4q_avg": 5.28,
            "net_income": -12882,
            "net_income_4q": null,
            "revenue": 507370,
            "revenue_4q": null,
            "common_shares": 670944,
            "book_valuer_per_share": 11.05,
            "book_valuer_per_share_4q_avg": 11.43,
            "equity": 753686,
            "current_ratio": 185.93,
            "debt_ratio": 49.08,
            "inventory_turnover_ratio": 1.77,
            "account_receivable_turnover_ratio": 1.25,
            "reinvestment_rate": 588.32,
            "research_to_sale_ratio": 0,
            "price_fair": 29.4,
            "eps_avg_yearly": 0.84,
            "eps_latest_yearly": 1.48,
            "eps_growth_yearly": 1117.04
        },
        "20194": {
            "year_quarter": 20194,
            "year": 2019,
            "quarter": 4,
            "eps": -3.14,
            "eps_growth_year": null,
            "eps_4q": -3.72,
            "eps_4q_growth_year": null,
            "roe": -32.76,
            "roe_4q": -38.05,
            "gross_profit": 38168,
            "gross_margin": 7.41,
            "gross_margin_4q_avg": 6.09,
            "net_income": -212604,
            "net_income_4q": null,
            "revenue": 514990,
            "revenue_4q": null,
            "common_shares": 670944,
            "book_valuer_per_share": 7.96,
            "book_valuer_per_share_4q_avg": 10.39,
            "equity": 544245,
            "current_ratio": 129.96,
            "debt_ratio": 56.96,
            "inventory_turnover_ratio": 1.56,
            "account_receivable_turnover_ratio": 1.37,
            "reinvestment_rate": null,
            "research_to_sale_ratio": 0,
            "price_fair": 29.4,
            "eps_avg_yearly": 0.84,
            "eps_latest_yearly": 1.48,
            "eps_growth_yearly": 1117.04
        },
        "20201": {
            "year_quarter": 20201,
            "year": 2020,
            "quarter": 1,
            "eps": -1.16,
            "eps_growth_year": null,
            "eps_4q": -4.6,
            "eps_4q_growth_year": null,
            "roe": -15.62,
            "roe_4q": -51.489999999999995,
            "gross_profit": -1745,
            "gross_margin": -0.85,
            "gross_margin_4q_avg": 4.46,
            "net_income": -78918,
            "net_income_4q": null,
            "revenue": 204216,
            "revenue_4q": null,
            "common_shares": 670944,
            "book_valuer_per_share": 6.81,
            "book_valuer_per_share_4q_avg": 9.26,
            "equity": 466012,
            "current_ratio": 120.87,
            "debt_ratio": 59.83,
            "inventory_turnover_ratio": 0.56,
            "account_receivable_turnover_ratio": 0.8,
            "reinvestment_rate": null,
            "research_to_sale_ratio": null,
            "price_fair": 29.4,
            "eps_avg_yearly": 0.84,
            "eps_latest_yearly": 1.48,
            "eps_growth_yearly": 1117.04
        },
        "20202": {
            "year_quarter": 20202,
            "year": 2020,
            "quarter": 2,
            "eps": -0.74,
            "eps_growth_year": null,
            "eps_4q": -5.21,
            "eps_4q_growth_year": null,
            "roe": -11.48,
            "roe_4q": -61.55,
            "gross_profit": 25044,
            "gross_margin": 10.07,
            "gross_margin_4q_avg": 5.65,
            "net_income": -50478,
            "net_income_4q": null,
            "revenue": 248769,
            "revenue_4q": null,
            "common_shares": 670944,
            "book_valuer_per_share": 6.05,
            "book_valuer_per_share_4q_avg": 7.97,
            "equity": 413497,
            "current_ratio": 142.03,
            "debt_ratio": 63.24,
            "inventory_turnover_ratio": 0.53,
            "account_receivable_turnover_ratio": 1.63,
            "reinvestment_rate": null,
            "research_to_sale_ratio": 0,
            "price_fair": 29.4,
            "eps_avg_yearly": 0.84,
            "eps_latest_yearly": 1.48,
            "eps_growth_yearly": 1117.04
        },
        "20203": {
            "year_quarter": 20203,
            "year": 2020,
            "quarter": 3,
            "eps": 0.1,
            "eps_growth_year": null,
            "eps_4q": -4.93,
            "eps_4q_growth_year": null,
            "roe": 1.79,
            "roe_4q": -58.07,
            "gross_profit": 15396,
            "gross_margin": 5.38,
            "gross_margin_4q_avg": 5.5,
            "net_income": 7463,
            "net_income_4q": null,
            "revenue": 286215,
            "revenue_4q": null,
            "common_shares": 670944,
            "book_valuer_per_share": 6.14,
            "book_valuer_per_share_4q_avg": 6.74,
            "equity": 420028,
            "current_ratio": 144.35,
            "debt_ratio": 63.43,
            "inventory_turnover_ratio": 0.77,
            "account_receivable_turnover_ratio": 1.7,
            "reinvestment_rate": null,
            "research_to_sale_ratio": null,
            "price_fair": 51.8,
            "eps_avg_yearly": 1.48,
            "eps_latest_yearly": 1.48,
            "eps_growth_yearly": 2560
        },
        "20204": {
            "year_quarter": 20204,
            "year": 2020,
            "quarter": 4,
            "eps": -0.72,
            "eps_growth_year": null,
            "eps_4q": -2.45,
            "eps_4q_growth_year": null,
            "roe": -11.78,
            "roe_4q": -37.089999999999996,
            "gross_profit": -108118,
            "gross_margin": -146.95,
            "gross_margin_4q_avg": -33.09,
            "net_income": -49884,
            "net_income_4q": null,
            "revenue": 73574,
            "revenue_4q": null,
            "common_shares": 695142,
            "book_valuer_per_share": 6.14,
            "book_valuer_per_share_4q_avg": 6.29,
            "equity": 426882,
            "current_ratio": 151.11,
            "debt_ratio": 51.62,
            "inventory_turnover_ratio": 0.73,
            "account_receivable_turnover_ratio": 0.37,
            "reinvestment_rate": null,
            "research_to_sale_ratio": null,
            "price_fair": 0,
            "eps_avg_yearly": 0,
            "eps_latest_yearly": 0,
            "eps_growth_yearly": 0
        },
        "20211": {
            "year_quarter": 20211,
            "year": 2021,
            "quarter": 1,
            "eps": -0.07,
            "eps_growth_year": null,
            "eps_4q": -1.4,
            "eps_4q_growth_year": null,
            "roe": -0.97,
            "roe_4q": -22.44,
            "gross_profit": 41524,
            "gross_margin": 20.18,
            "gross_margin_4q_avg": -27.83,
            "net_income": -4141,
            "net_income_4q": null,
            "revenue": 205726,
            "revenue_4q": null,
            "common_shares": 695142,
            "book_valuer_per_share": 6.07,
            "book_valuer_per_share_4q_avg": 6.1,
            "equity": 428723,
            "current_ratio": 168.29,
            "debt_ratio": 60.49,
            "inventory_turnover_ratio": 0.65,
            "account_receivable_turnover_ratio": 1.35,
            "reinvestment_rate": null,
            "research_to_sale_ratio": null,
            "price_fair": 0,
            "eps_avg_yearly": 0,
            "eps_latest_yearly": 0,
            "eps_growth_yearly": 0
        },
        "20212": {
            "year_quarter": 20212,
            "year": 2021,
            "quarter": 2,
            "eps": -0.09,
            "eps_growth_year": null,
            "eps_4q": -0.78,
            "eps_4q_growth_year": null,
            "roe": -2.6,
            "roe_4q": -13.559999999999999,
            "gross_profit": 23085,
            "gross_margin": 11.76,
            "gross_margin_4q_avg": -27.41,
            "net_income": -11079,
            "net_income_4q": null,
            "revenue": 196250,
            "revenue_4q": null,
            "common_shares": 695142,
            "book_valuer_per_share": 5.85,
            "book_valuer_per_share_4q_avg": 6.05,
            "equity": 424330,
            "current_ratio": 123.22,
            "debt_ratio": 63.01,
            "inventory_turnover_ratio": 0.56,
            "account_receivable_turnover_ratio": 1.71,
            "reinvestment_rate": null,
            "research_to_sale_ratio": null,
            "price_fair": 0,
            "eps_avg_yearly": 0,
            "eps_latest_yearly": 0,
            "eps_growth_yearly": 0
        },
        "20213": {
            "year_quarter": 20213,
            "year": 2021,
            "quarter": 3,
            "eps": -0.38,
            "eps_growth_year": -480,
            "eps_4q": -1.26,
            "eps_4q_growth_year": null,
            "roe": -7.18,
            "roe_4q": -22.53,
            "gross_profit": 5606,
            "gross_margin": 3.35,
            "gross_margin_4q_avg": -27.92,
            "net_income": -29400,
            "net_income_4q": null,
            "revenue": 167265,
            "revenue_4q": null,
            "common_shares": 695142,
            "book_valuer_per_share": 5.47,
            "book_valuer_per_share_4q_avg": 5.88,
            "equity": 394758,
            "current_ratio": 117.4,
            "debt_ratio": 64.18,
            "inventory_turnover_ratio": 0.5,
            "account_receivable_turnover_ratio": 1.4,
            "reinvestment_rate": null,
            "research_to_sale_ratio": null,
            "price_fair": 0,
            "eps_avg_yearly": 0,
            "eps_latest_yearly": 0,
            "eps_growth_yearly": 0
        },
        "20214": {
            "year_quarter": 20214,
            "year": 2021,
            "quarter": 4,
            "eps": -0.3,
            "eps_growth_year": null,
            "eps_4q": -0.84,
            "eps_4q_growth_year": null,
            "roe": -5.33,
            "roe_4q": -16.08,
            "gross_profit": 20535,
            "gross_margin": 7.27,
            "gross_margin_4q_avg": 10.64,
            "net_income": -20526,
            "net_income_4q": null,
            "revenue": 282632,
            "revenue_4q": null,
            "common_shares": 695142,
            "book_valuer_per_share": 5.19,
            "book_valuer_per_share_4q_avg": 5.65,
            "equity": 375283,
            "current_ratio": 108.91,
            "debt_ratio": 69.13,
            "inventory_turnover_ratio": 0.9,
            "account_receivable_turnover_ratio": 1.95,
            "reinvestment_rate": null,
            "research_to_sale_ratio": null,
            "price_fair": 0,
            "eps_avg_yearly": 0,
            "eps_latest_yearly": 0,
            "eps_growth_yearly": 0
        },
        "20221": {
            "year_quarter": 20221,
            "year": 2022,
            "quarter": 1,
            "eps": 0.76,
            "eps_growth_year": null,
            "eps_4q": -0,
            "eps_4q_growth_year": null,
            "roe": 13.33,
            "roe_4q": -1.7799999999999998,
            "gross_profit": 85210,
            "gross_margin": 32.86,
            "gross_margin_4q_avg": 13.81,
            "net_income": 53700,
            "net_income_4q": null,
            "revenue": 259306,
            "revenue_4q": null,
            "common_shares": 695142,
            "book_valuer_per_share": 5.97,
            "book_valuer_per_share_4q_avg": 5.62,
            "equity": 430716,
            "current_ratio": 135.54,
            "debt_ratio": 66.2,
            "inventory_turnover_ratio": 0.64,
            "account_receivable_turnover_ratio": 1.47,
            "reinvestment_rate": null,
            "research_to_sale_ratio": null,
            "price_fair": 0,
            "eps_avg_yearly": 0,
            "eps_latest_yearly": 0,
            "eps_growth_yearly": 0
        },
        "20222": {
            "year_quarter": 20222,
            "year": 2022,
            "quarter": 2,
            "eps": -0.17,
            "eps_growth_year": null,
            "eps_4q": -0.08,
            "eps_4q_growth_year": null,
            "roe": -3.72,
            "roe_4q": -2.9000000000000004,
            "gross_profit": 8819,
            "gross_margin": 4.53,
            "gross_margin_4q_avg": 12,
            "net_income": -15787,
            "net_income_4q": null,
            "revenue": 194491,
            "revenue_4q": null,
            "common_shares": 695142,
            "book_valuer_per_share": 5.83,
            "book_valuer_per_share_4q_avg": 5.62,
            "equity": 416906,
            "current_ratio": 125.54,
            "debt_ratio": 66.73,
            "inventory_turnover_ratio": 0.59,
            "account_receivable_turnover_ratio": 1.26,
            "reinvestment_rate": null,
            "research_to_sale_ratio": null,
            "price_fair": 0,
            "eps_avg_yearly": 0,
            "eps_latest_yearly": 0,
            "eps_growth_yearly": 0
        },
        "20223": {
            "year_quarter": 20223,
            "year": 2022,
            "quarter": 3,
            "eps": -0.52,
            "eps_growth_year": null,
            "eps_4q": -0.23,
            "eps_4q_growth_year": null,
            "roe": -9.14,
            "roe_4q": -4.860000000000001,
            "gross_profit": 24107,
            "gross_margin": 9.2,
            "gross_margin_4q_avg": 13.47,
            "net_income": -36613,
            "net_income_4q": null,
            "revenue": 261891,
            "revenue_4q": null,
            "common_shares": 695142,
            "book_valuer_per_share": 5.36,
            "book_valuer_per_share_4q_avg": 5.59,
            "equity": 383826,
            "current_ratio": 116.72,
            "debt_ratio": 70.63,
            "inventory_turnover_ratio": 0.66,
            "account_receivable_turnover_ratio": 1.71,
            "reinvestment_rate": null,
            "research_to_sale_ratio": null,
            "price_fair": 0,
            "eps_avg_yearly": 0,
            "eps_latest_yearly": 0,
            "eps_growth_yearly": 0
        },
        "20224": {
            "year_quarter": 20224,
            "year": 2022,
            "quarter": 4,
            "eps": 0.76,
            "eps_growth_year": null,
            "eps_4q": 0.83,
            "eps_4q_growth_year": null,
            "roe": 13.11,
            "roe_4q": 13.579999999999998,
            "gross_profit": 65919,
            "gross_margin": 14.87,
            "gross_margin_4q_avg": 15.37,
            "net_income": 52255,
            "net_income_4q": null,
            "revenue": 443418,
            "revenue_4q": null,
            "common_shares": 695142,
            "book_valuer_per_share": 5.79,
            "book_valuer_per_share_4q_avg": 5.74,
            "equity": 413190,
            "current_ratio": 137.26,
            "debt_ratio": 64.78,
            "inventory_turnover_ratio": 1.25,
            "account_receivable_turnover_ratio": 2.17,
            "reinvestment_rate": null,
            "research_to_sale_ratio": null,
            "price_fair": 0,
            "eps_avg_yearly": 0,
            "eps_latest_yearly": 0,
            "eps_growth_yearly": 0
        },
        "20231": {
            "year_quarter": 20231,
            "year": 2023,
            "quarter": 1,
            "eps": -0.76,
            "eps_growth_year": -200,
            "eps_4q": -0.7,
            "eps_4q_growth_year": null,
            "roe": -13.16,
            "roe_4q": -12.910000000000002,
            "gross_profit": 62879,
            "gross_margin": 21.98,
            "gross_margin_4q_avg": 12.65,
            "net_income": -50701,
            "net_income_4q": null,
            "revenue": 286098,
            "revenue_4q": null,
            "common_shares": 695142,
            "book_valuer_per_share": 5.01,
            "book_valuer_per_share_4q_avg": 5.5,
            "equity": 357259,
            "current_ratio": 134.23,
            "debt_ratio": 65.85,
            "inventory_turnover_ratio": 0.96,
            "account_receivable_turnover_ratio": 1.31,
            "reinvestment_rate": null,
            "research_to_sale_ratio": 1.19,
            "price_fair": 0,
            "eps_avg_yearly": 0,
            "eps_latest_yearly": 0,
            "eps_growth_yearly": 0
        },
        "20232": {
            "year_quarter": 20232,
            "year": 2023,
            "quarter": 2,
            "eps": 0.3,
            "eps_growth_year": null,
            "eps_4q": -0.23,
            "eps_4q_growth_year": null,
            "roe": 5.75,
            "roe_4q": -3.4400000000000013,
            "gross_profit": 44606,
            "gross_margin": 31.97,
            "gross_margin_4q_avg": 19.51,
            "net_income": 21288,
            "net_income_4q": null,
            "revenue": 139530,
            "revenue_4q": null,
            "common_shares": 695142,
            "book_valuer_per_share": 5.37,
            "book_valuer_per_share_4q_avg": 5.38,
            "equity": 382791,
            "current_ratio": 147.83,
            "debt_ratio": 62.22,
            "inventory_turnover_ratio": 0.41,
            "account_receivable_turnover_ratio": 0.71,
            "reinvestment_rate": null,
            "research_to_sale_ratio": 3.32,
            "price_fair": 0,
            "eps_avg_yearly": 0,
            "eps_latest_yearly": 0,
            "eps_growth_yearly": 0
        },
        "20233": {
            "year_quarter": 20233,
            "year": 2023,
            "quarter": 3,
            "eps": -0.26,
            "eps_growth_year": null,
            "eps_4q": 0.03,
            "eps_4q_growth_year": null,
            "roe": -4.91,
            "roe_4q": 0.7899999999999991,
            "gross_profit": 53342,
            "gross_margin": 34.1,
            "gross_margin_4q_avg": 25.73,
            "net_income": -18430,
            "net_income_4q": null,
            "revenue": 156416,
            "revenue_4q": null,
            "common_shares": 695142,
            "book_valuer_per_share": 5.16,
            "book_valuer_per_share_4q_avg": 5.33,
            "equity": 368301,
            "current_ratio": 142.86,
            "debt_ratio": 64.51,
            "inventory_turnover_ratio": 0.41,
            "account_receivable_turnover_ratio": 0.89,
            "reinvestment_rate": null,
            "research_to_sale_ratio": 3.36,
            "price_fair": 0,
            "eps_avg_yearly": 0,
            "eps_latest_yearly": 0,
            "eps_growth_yearly": 0
        }
    },
    "months": {
        "2003-12": {
            "month": "2003-12",
            "price": "21.05",
            "revenue": 92202
        },
        "2004-01": {
            "month": "2004-01",
            "price": "20.25",
            "revenue": 68486
        },
        "2004-02": {
            "month": "2004-02",
            "price": "22.24",
            "revenue": 77601
        },
        "2004-03": {
            "month": "2004-03",
            "price": "24.41",
            "revenue": 80424
        },
        "2004-04": {
            "month": "2004-04",
            "price": "24.98",
            "revenue": 88916
        },
        "2004-05": {
            "month": "2004-05",
            "price": "24.97",
            "revenue": 84941
        },
        "2004-06": {
            "month": "2004-06",
            "price": "25.82",
            "revenue": 61119
        },
        "2004-07": {
            "month": "2004-07",
            "price": "25.65",
            "revenue": 72606
        },
        "2004-08": {
            "month": "2004-08",
            "price": "25.52",
            "revenue": 70381
        },
        "2004-09": {
            "month": "2004-09",
            "price": "24.30",
            "revenue": 107644
        },
        "2004-10": {
            "month": "2004-10",
            "price": "22.44",
            "revenue": 82004
        },
        "2004-11": {
            "month": "2004-11",
            "price": "21.13",
            "revenue": 72487
        },
        "2004-12": {
            "month": "2004-12",
            "price": "18.05",
            "revenue": 99450
        },
        "2005-01": {
            "month": "2005-01",
            "price": "18.01",
            "revenue": 53332
        },
        "2005-02": {
            "month": "2005-02",
            "price": "18.08",
            "revenue": 41396
        },
        "2005-03": {
            "month": "2005-03",
            "price": "18.62",
            "revenue": 63919
        },
        "2005-04": {
            "month": "2005-04",
            "price": "18.95",
            "revenue": 85609
        },
        "2005-05": {
            "month": "2005-05",
            "price": "18.52",
            "revenue": 96090
        },
        "2005-06": {
            "month": "2005-06",
            "price": "18.07",
            "revenue": 90512
        },
        "2005-07": {
            "month": "2005-07",
            "price": "17.07",
            "revenue": 111279
        },
        "2005-08": {
            "month": "2005-08",
            "price": "18.41",
            "revenue": 95525
        },
        "2005-09": {
            "month": "2005-09",
            "price": "17.58",
            "revenue": 99028
        },
        "2005-10": {
            "month": "2005-10",
            "price": "17.20",
            "revenue": 93507
        },
        "2005-11": {
            "month": "2005-11",
            "price": "17.20",
            "revenue": 102532
        },
        "2005-12": {
            "month": "2005-12",
            "price": "18.37",
            "revenue": 103536
        },
        "2006-01": {
            "month": "2006-01",
            "price": "25.06",
            "revenue": 80885
        },
        "2006-02": {
            "month": "2006-02",
            "price": "26.59",
            "revenue": 78338
        },
        "2006-03": {
            "month": "2006-03",
            "price": "24.89",
            "revenue": 86566
        },
        "2006-04": {
            "month": "2006-04",
            "price": "24.44",
            "revenue": 85745
        },
        "2006-05": {
            "month": "2006-05",
            "price": "20.05",
            "revenue": 101696
        },
        "2006-06": {
            "month": "2006-06",
            "price": "20.07",
            "revenue": 99950
        },
        "2006-07": {
            "month": "2006-07",
            "price": "18.57",
            "revenue": 107060
        },
        "2006-08": {
            "month": "2006-08",
            "price": "18.34",
            "revenue": 96813
        },
        "2006-09": {
            "month": "2006-09",
            "price": "16.78",
            "revenue": 99582
        },
        "2006-10": {
            "month": "2006-10",
            "price": "16.62",
            "revenue": 107022
        },
        "2006-11": {
            "month": "2006-11",
            "price": "16.62",
            "revenue": 108644
        },
        "2006-12": {
            "month": "2006-12",
            "price": "16.76",
            "revenue": 98203
        },
        "2007-01": {
            "month": "2007-01",
            "price": "17.17",
            "revenue": 131820
        },
        "2007-02": {
            "month": "2007-02",
            "price": "16.92",
            "revenue": 90664
        },
        "2007-03": {
            "month": "2007-03",
            "price": "19.26",
            "revenue": 110545
        },
        "2007-04": {
            "month": "2007-04",
            "price": "19.26",
            "revenue": 113815
        },
        "2007-05": {
            "month": "2007-05",
            "price": "18.47",
            "revenue": 140189
        },
        "2007-06": {
            "month": "2007-06",
            "price": "23.52",
            "revenue": 133577
        },
        "2007-07": {
            "month": "2007-07",
            "price": "33.71",
            "revenue": 125070
        },
        "2007-08": {
            "month": "2007-08",
            "price": "34.38",
            "revenue": 152401
        },
        "2007-09": {
            "month": "2007-09",
            "price": "34.93",
            "revenue": 170656
        },
        "2007-10": {
            "month": "2007-10",
            "price": "33.77",
            "revenue": 183472
        },
        "2007-11": {
            "month": "2007-11",
            "price": "30.89",
            "revenue": 192703
        },
        "2007-12": {
            "month": "2007-12",
            "price": "32.01",
            "revenue": 168316
        },
        "2008-01": {
            "month": "2008-01",
            "price": "30.71",
            "revenue": 204088
        },
        "2008-02": {
            "month": "2008-02",
            "price": "31.44",
            "revenue": 158551
        },
        "2008-03": {
            "month": "2008-03",
            "price": "30.50",
            "revenue": 221067
        },
        "2008-04": {
            "month": "2008-04",
            "price": "37.65",
            "revenue": 235314
        },
        "2008-05": {
            "month": "2008-05",
            "price": "44.04",
            "revenue": 228547
        },
        "2008-06": {
            "month": "2008-06",
            "price": "35.17",
            "revenue": 185698
        },
        "2008-07": {
            "month": "2008-07",
            "price": "30.53",
            "revenue": 189017
        },
        "2008-08": {
            "month": "2008-08",
            "price": "30.80",
            "revenue": 152647
        },
        "2008-09": {
            "month": "2008-09",
            "price": "23.55",
            "revenue": 177839
        },
        "2008-10": {
            "month": "2008-10",
            "price": "17.00",
            "revenue": 152034
        },
        "2008-11": {
            "month": "2008-11",
            "price": "17.38",
            "revenue": 132061
        },
        "2008-12": {
            "month": "2008-12",
            "price": "17.96",
            "revenue": 115193
        },
        "2009-01": {
            "month": "2009-01",
            "price": "18.00",
            "revenue": 63676
        },
        "2009-02": {
            "month": "2009-02",
            "price": "17.95",
            "revenue": 100230
        },
        "2009-03": {
            "month": "2009-03",
            "price": "21.26",
            "revenue": 112049
        },
        "2009-04": {
            "month": "2009-04",
            "price": "20.81",
            "revenue": 116029
        },
        "2009-05": {
            "month": "2009-05",
            "price": "17.46",
            "revenue": 116047
        },
        "2009-06": {
            "month": "2009-06",
            "price": "15.87",
            "revenue": 107249
        },
        "2009-07": {
            "month": "2009-07",
            "price": "16.31",
            "revenue": 117703
        },
        "2009-08": {
            "month": "2009-08",
            "price": "16.58",
            "revenue": 112875
        },
        "2009-09": {
            "month": "2009-09",
            "price": "13.97",
            "revenue": 101971
        },
        "2009-10": {
            "month": "2009-10",
            "price": "13.99",
            "revenue": 115726
        },
        "2009-11": {
            "month": "2009-11",
            "price": "12.23",
            "revenue": 97227
        },
        "2009-12": {
            "month": "2009-12",
            "price": "13.98",
            "revenue": 181470
        },
        "2010-01": {
            "month": "2010-01",
            "price": "15.58",
            "revenue": 112619
        },
        "2010-02": {
            "month": "2010-02",
            "price": "13.28",
            "revenue": 91371
        },
        "2010-03": {
            "month": "2010-03",
            "price": "13.93",
            "revenue": 113064
        },
        "2010-04": {
            "month": "2010-04",
            "price": "15.35",
            "revenue": 83697
        },
        "2010-05": {
            "month": "2010-05",
            "price": "14.35",
            "revenue": 112890
        },
        "2010-06": {
            "month": "2010-06",
            "price": "12.86",
            "revenue": 91668
        },
        "2010-07": {
            "month": "2010-07",
            "price": "13.32",
            "revenue": 135729
        },
        "2010-08": {
            "month": "2010-08",
            "price": "12.77",
            "revenue": 126699
        },
        "2010-09": {
            "month": "2010-09",
            "price": "11.99",
            "revenue": 116131
        },
        "2010-10": {
            "month": "2010-10",
            "price": "10.81",
            "revenue": 159390
        },
        "2010-11": {
            "month": "2010-11",
            "price": "9.41",
            "revenue": 151904
        },
        "2010-12": {
            "month": "2010-12",
            "price": "13.15",
            "revenue": 276271
        },
        "2011-01": {
            "month": "2011-01",
            "price": "14.14",
            "revenue": 226546
        },
        "2011-02": {
            "month": "2011-02",
            "price": "13.49",
            "revenue": 217030
        },
        "2011-03": {
            "month": "2011-03",
            "price": "14.30",
            "revenue": 261308
        },
        "2011-04": {
            "month": "2011-04",
            "price": "14.57",
            "revenue": 269962
        },
        "2011-05": {
            "month": "2011-05",
            "price": "13.24",
            "revenue": 277159
        },
        "2011-06": {
            "month": "2011-06",
            "price": "12.88",
            "revenue": 355478
        },
        "2011-07": {
            "month": "2011-07",
            "price": "13.50",
            "revenue": 180355
        },
        "2011-08": {
            "month": "2011-08",
            "price": "11.92",
            "revenue": 205932
        },
        "2011-09": {
            "month": "2011-09",
            "price": "10.03",
            "revenue": 199370
        },
        "2011-10": {
            "month": "2011-10",
            "price": "9.96",
            "revenue": 207437
        },
        "2011-11": {
            "month": "2011-11",
            "price": "9.34",
            "revenue": 242177
        },
        "2011-12": {
            "month": "2011-12",
            "price": "8.11",
            "revenue": 238229
        },
        "2012-01": {
            "month": "2012-01",
            "price": "7.72",
            "revenue": 153257
        },
        "2012-02": {
            "month": "2012-02",
            "price": "9.53",
            "revenue": 152289
        },
        "2012-03": {
            "month": "2012-03",
            "price": "9.42",
            "revenue": 210983
        },
        "2012-04": {
            "month": "2012-04",
            "price": "8.76",
            "revenue": 212111
        },
        "2012-05": {
            "month": "2012-05",
            "price": "8.13",
            "revenue": 280655
        },
        "2012-06": {
            "month": "2012-06",
            "price": "7.67",
            "revenue": 274890
        },
        "2012-07": {
            "month": "2012-07",
            "price": "7.66",
            "revenue": 224435
        },
        "2012-08": {
            "month": "2012-08",
            "price": "7.57",
            "revenue": 273048
        },
        "2012-09": {
            "month": "2012-09",
            "price": "7.82",
            "revenue": 269302
        },
        "2012-10": {
            "month": "2012-10",
            "price": "7.21",
            "revenue": 290877
        },
        "2012-11": {
            "month": "2012-11",
            "price": "6.23",
            "revenue": 294191
        },
        "2012-12": {
            "month": "2012-12",
            "price": "6.01",
            "revenue": 305280
        },
        "2013-01": {
            "month": "2013-01",
            "price": "6.40",
            "revenue": 290953
        },
        "2013-02": {
            "month": "2013-02",
            "price": "6.47",
            "revenue": 187695
        },
        "2013-03": {
            "month": "2013-03",
            "price": "6.72",
            "revenue": 332918
        },
        "2013-04": {
            "month": "2013-04",
            "price": "7.80",
            "revenue": 305521
        },
        "2013-05": {
            "month": "2013-05",
            "price": "9.08",
            "revenue": 336421
        },
        "2013-06": {
            "month": "2013-06",
            "price": "8.97",
            "revenue": 322350
        },
        "2013-07": {
            "month": "2013-07",
            "price": "9.56",
            "revenue": 321518
        },
        "2013-08": {
            "month": "2013-08",
            "price": "11.08",
            "revenue": 335788
        },
        "2013-09": {
            "month": "2013-09",
            "price": "13.80",
            "revenue": 343693
        },
        "2013-10": {
            "month": "2013-10",
            "price": "14.04",
            "revenue": 291218
        },
        "2013-11": {
            "month": "2013-11",
            "price": "15.44",
            "revenue": 290373
        },
        "2013-12": {
            "month": "2013-12",
            "price": "18.84",
            "revenue": 300153
        },
        "2014-01": {
            "month": "2014-01",
            "price": "20.28",
            "revenue": 251885
        },
        "2014-02": {
            "month": "2014-02",
            "price": "24.06",
            "revenue": 156658
        },
        "2014-03": {
            "month": "2014-03",
            "price": "26.76",
            "revenue": 176966
        },
        "2014-04": {
            "month": "2014-04",
            "price": "27.56",
            "revenue": 237366
        },
        "2014-05": {
            "month": "2014-05",
            "price": "29.04",
            "revenue": 245054
        },
        "2014-06": {
            "month": "2014-06",
            "price": "31.88",
            "revenue": 214321
        },
        "2014-07": {
            "month": "2014-07",
            "price": "30.52",
            "revenue": 128809
        },
        "2014-08": {
            "month": "2014-08",
            "price": "27.50",
            "revenue": 178523
        },
        "2014-09": {
            "month": "2014-09",
            "price": "25.74",
            "revenue": 148621
        },
        "2014-10": {
            "month": "2014-10",
            "price": "23.85",
            "revenue": 155949
        },
        "2014-11": {
            "month": "2014-11",
            "price": "24.04",
            "revenue": 120712
        },
        "2014-12": {
            "month": "2014-12",
            "price": "23.75",
            "revenue": 113357
        },
        "2015-01": {
            "month": "2015-01",
            "price": "23.89",
            "revenue": 133325
        },
        "2015-02": {
            "month": "2015-02",
            "price": "24.80",
            "revenue": 78156
        },
        "2015-03": {
            "month": "2015-03",
            "price": "26.00",
            "revenue": 188044
        },
        "2015-04": {
            "month": "2015-04",
            "price": "25.86",
            "revenue": 157753
        },
        "2015-05": {
            "month": "2015-05",
            "price": "24.21",
            "revenue": 191275
        },
        "2015-06": {
            "month": "2015-06",
            "price": "24.35",
            "revenue": 245129
        },
        "2015-07": {
            "month": "2015-07",
            "price": "23.95",
            "revenue": 159061
        },
        "2015-08": {
            "month": "2015-08",
            "price": "21.71",
            "revenue": 189355
        },
        "2015-09": {
            "month": "2015-09",
            "price": "19.36",
            "revenue": 187141
        },
        "2015-10": {
            "month": "2015-10",
            "price": "19.35",
            "revenue": 219464
        },
        "2015-11": {
            "month": "2015-11",
            "price": "23.27",
            "revenue": 200858
        },
        "2015-12": {
            "month": "2015-12",
            "price": "23.28",
            "revenue": 272743
        },
        "2016-01": {
            "month": "2016-01",
            "price": "24.46",
            "revenue": 229497
        },
        "2016-02": {
            "month": "2016-02",
            "price": "24.70",
            "revenue": 165616
        },
        "2016-03": {
            "month": "2016-03",
            "price": "28.65",
            "revenue": 310709
        },
        "2016-04": {
            "month": "2016-04",
            "price": "29.65",
            "revenue": 280564
        },
        "2016-05": {
            "month": "2016-05",
            "price": "28.53",
            "revenue": 236896
        },
        "2016-06": {
            "month": "2016-06",
            "price": "30.90",
            "revenue": 310487
        },
        "2016-07": {
            "month": "2016-07",
            "price": "33.01",
            "revenue": 193729
        },
        "2016-08": {
            "month": "2016-08",
            "price": "32.36",
            "revenue": 228176
        },
        "2016-09": {
            "month": "2016-09",
            "price": "32.01",
            "revenue": 216631
        },
        "2016-10": {
            "month": "2016-10",
            "price": "32.04",
            "revenue": 262509
        },
        "2016-11": {
            "month": "2016-11",
            "price": "31.92",
            "revenue": 223667
        },
        "2016-12": {
            "month": "2016-12",
            "price": "31.97",
            "revenue": 296420
        },
        "2017-01": {
            "month": "2017-01",
            "price": "32.66",
            "revenue": 209895
        },
        "2017-02": {
            "month": "2017-02",
            "price": "34.82",
            "revenue": 153942
        },
        "2017-03": {
            "month": "2017-03",
            "price": "35.25",
            "revenue": 217170
        },
        "2017-04": {
            "month": "2017-04",
            "price": "32.77",
            "revenue": 165093
        },
        "2017-05": {
            "month": "2017-05",
            "price": "31.80",
            "revenue": 232635
        },
        "2017-06": {
            "month": "2017-06",
            "price": "31.96",
            "revenue": 309405
        },
        "2017-07": {
            "month": "2017-07",
            "price": "31.70",
            "revenue": 239364
        },
        "2017-08": {
            "month": "2017-08",
            "price": "31.42",
            "revenue": 216942
        },
        "2017-09": {
            "month": "2017-09",
            "price": "29.92",
            "revenue": 234520
        },
        "2017-10": {
            "month": "2017-10",
            "price": "30.82",
            "revenue": 212215
        },
        "2017-11": {
            "month": "2017-11",
            "price": "36.52",
            "revenue": 306571
        },
        "2017-12": {
            "month": "2017-12",
            "price": "37.99",
            "revenue": 343619
        },
        "2018-01": {
            "month": "2018-01",
            "price": "40.65",
            "revenue": 252978
        },
        "2018-02": {
            "month": "2018-02",
            "price": "41.28",
            "revenue": 126196
        },
        "2018-03": {
            "month": "2018-03",
            "price": "41.76",
            "revenue": 296563
        },
        "2018-04": {
            "month": "2018-04",
            "price": "41.76",
            "revenue": 202491
        },
        "2018-05": {
            "month": "2018-05",
            "price": "40.36",
            "revenue": 207949
        },
        "2018-06": {
            "month": "2018-06",
            "price": "39.64",
            "revenue": 290570
        },
        "2018-07": {
            "month": "2018-07",
            "price": "39.27",
            "revenue": 232269
        },
        "2018-08": {
            "month": "2018-08",
            "price": "39.74",
            "revenue": 217733
        },
        "2018-09": {
            "month": "2018-09",
            "price": "39.14",
            "revenue": 197713
        },
        "2018-10": {
            "month": "2018-10",
            "price": "38.00",
            "revenue": 157834
        },
        "2018-11": {
            "month": "2018-11",
            "price": "41.85",
            "revenue": 204612
        },
        "2018-12": {
            "month": "2018-12",
            "price": "42.11",
            "revenue": 296094
        },
        "2019-01": {
            "month": "2019-01",
            "price": "40.84",
            "revenue": 194858
        },
        "2019-02": {
            "month": "2019-02",
            "price": "40.15",
            "revenue": 105232
        },
        "2019-03": {
            "month": "2019-03",
            "price": "38.26",
            "revenue": 167777
        },
        "2019-04": {
            "month": "2019-04",
            "price": "38.27",
            "revenue": 205942
        },
        "2019-05": {
            "month": "2019-05",
            "price": "36.71",
            "revenue": 171812
        },
        "2019-06": {
            "month": "2019-06",
            "price": "35.54",
            "revenue": 180036
        },
        "2019-07": {
            "month": "2019-07",
            "price": "26.92",
            "revenue": 145029
        },
        "2019-08": {
            "month": "2019-08",
            "price": "21.38",
            "revenue": 186723
        },
        "2019-09": {
            "month": "2019-09",
            "price": "23.47",
            "revenue": 175699
        },
        "2019-10": {
            "month": "2019-10",
            "price": "22.12",
            "revenue": 166079
        },
        "2019-11": {
            "month": "2019-11",
            "price": "20.18",
            "revenue": 163270
        },
        "2019-12": {
            "month": "2019-12",
            "price": "19.95",
            "revenue": 185791
        },
        "2020-01": {
            "month": "2020-01",
            "price": "20.00",
            "revenue": 115192
        },
        "2020-02": {
            "month": "2020-02",
            "price": "20.01",
            "revenue": 45303
        },
        "2020-03": {
            "month": "2020-03",
            "price": "23.51",
            "revenue": 43723
        },
        "2020-04": {
            "month": "2020-04",
            "price": "29.46",
            "revenue": 61887
        },
        "2020-05": {
            "month": "2020-05",
            "price": "43.45",
            "revenue": 91308
        },
        "2020-06": {
            "month": "2020-06",
            "price": "49.24",
            "revenue": 95601
        },
        "2020-07": {
            "month": "2020-07",
            "price": "48.05",
            "revenue": 93641
        },
        "2020-08": {
            "month": "2020-08",
            "price": "45.59",
            "revenue": 95003
        },
        "2020-09": {
            "month": "2020-09",
            "price": "46.58",
            "revenue": 97542
        },
        "2020-10": {
            "month": "2020-10",
            "price": "64.45",
            "revenue": 70514
        },
        "2020-11": {
            "month": "2020-11",
            "price": "65.23",
            "revenue": 99832
        },
        "2020-12": {
            "month": "2020-12",
            "price": "69.73",
            "revenue": 112851
        },
        "2021-01": {
            "month": "2021-01",
            "price": "91.02",
            "revenue": 66213
        },
        "2021-02": {
            "month": "2021-02",
            "price": "80.53",
            "revenue": 62904
        },
        "2021-03": {
            "month": "2021-03",
            "price": "84.85",
            "revenue": 76664
        },
        "2021-04": {
            "month": "2021-04",
            "price": "81.21",
            "revenue": 65615
        },
        "2021-05": {
            "month": "2021-05",
            "price": "72.40",
            "revenue": 67614
        },
        "2021-06": {
            "month": "2021-06",
            "price": "81.24",
            "revenue": 62742
        },
        "2021-07": {
            "month": "2021-07",
            "price": "79.17",
            "revenue": 48145
        },
        "2021-08": {
            "month": "2021-08",
            "price": "78.35",
            "revenue": 52292
        },
        "2021-09": {
            "month": "2021-09",
            "price": "75.71",
            "revenue": 66819
        },
        "2021-10": {
            "month": "2021-10",
            "price": "72.21",
            "revenue": 62712
        },
        "2021-11": {
            "month": "2021-11",
            "price": "65.29",
            "revenue": 87478
        },
        "2021-12": {
            "month": "2021-12",
            "price": "61.84",
            "revenue": 132576
        },
        "2022-01": {
            "month": "2022-01",
            "price": "59.83",
            "revenue": 74455
        },
        "2022-02": {
            "month": "2022-02",
            "price": "62.07",
            "revenue": 85683
        },
        "2022-03": {
            "month": "2022-03",
            "price": "67.24",
            "revenue": 89343
        },
        "2022-04": {
            "month": "2022-04",
            "price": "75.84",
            "revenue": 71602
        },
        "2022-05": {
            "month": "2022-05",
            "price": "78.90",
            "revenue": 57845
        },
        "2022-06": {
            "month": "2022-06",
            "price": "82.03",
            "revenue": 74897
        },
        "2022-07": {
            "month": "2022-07",
            "price": "83.26",
            "revenue": 69712
        },
        "2022-08": {
            "month": "2022-08",
            "price": "85.43",
            "revenue": 95177
        },
        "2022-09": {
            "month": "2022-09",
            "price": "116.83",
            "revenue": 96997
        },
        "2022-10": {
            "month": "2022-10",
            "price": "106.96",
            "revenue": 107324
        },
        "2022-11": {
            "month": "2022-11",
            "price": "109.71",
            "revenue": 156003
        },
        "2022-12": {
            "month": "2022-12",
            "price": "112.95",
            "revenue": 180263
        },
        "2023-01": {
            "month": "2023-01",
            "price": "103.34",
            "revenue": 101506
        },
        "2023-02": {
            "month": "2023-02",
            "price": "98.82",
            "revenue": 85462
        },
        "2023-03": {
            "month": "2023-03",
            "price": "102.63",
            "revenue": 99161
        },
        "2023-04": {
            "month": "2023-04",
            "price": "104.74",
            "revenue": 73451
        },
        "2023-05": {
            "month": "2023-05",
            "price": "99.48",
            "revenue": 35329
        },
        "2023-06": {
            "month": "2023-06",
            "price": "79.00",
            "revenue": 30453
        },
        "2023-07": {
            "month": "2023-07",
            "price": "86.93",
            "revenue": 32823
        },
        "2023-08": {
            "month": "2023-08",
            "price": "84.18",
            "revenue": 57934
        },
        "2023-09": {
            "month": "2023-09",
            "price": "75.38",
            "revenue": 65866
        },
        "2023-10": {
            "month": "2023-10",
            "price": "77.56",
            "revenue": 101185
        },
        "2023-11": {
            "month": "2023-11",
            "price": "86.62",
            "revenue": 207184
        },
        "2023-12": {
            "month": "2023-12",
            "price": "97.34",
            "revenue": 56698
        }
    }
}
