{
    "summary": {
        "stock_name": "福華",
        "stock_id": "8085",
        "category": "其他電子",
        "main_business": "LED封裝與照明應用、背光模組、數位電視模組、視訊盒<br>可變電阻器、開關、編碼器、感測器<br>藍芽滑鼠/耳機/遙控器、讀卡機、液晶顯示器模組",
        "website_url": "http://www.fwd.com.tw",
        "ceo": "沈英奕",
        "pe_ratio": 100,
        "report_year_from": 2001,
        "report_year_to": 2023,
        "age": 23,
        "eps_negative_percentage": 50,
        "eps_growth_avg": {
            "last_all": -30.23,
            "last_2y": 0,
            "last_4y": 0,
            "last_8y": -58.73,
            "last_12y": -58.73,
            "last_16y": -65.83,
            "last_20y": -30.23,
            "at_2006_last_3y": 32.06,
            "at_2007_last_3y": -6.24,
            "at_2008_last_3y": -38.59,
            "at_2009_last_3y": -41.46,
            "at_2010_last_3y": -83.57,
            "at_2011_last_3y": -100,
            "at_2012_last_3y": null,
            "at_2013_last_3y": null,
            "at_2014_last_3y": null,
            "at_2015_last_3y": -100,
            "at_2016_last_3y": -100,
            "at_2017_last_3y": -96.83,
            "at_2018_last_3y": -97.88,
            "at_2019_last_3y": -96.83,
            "at_2020_last_3y": -96.83,
            "at_2021_last_3y": -100,
            "at_2022_last_3y": 100,
            "at_2023_last_3y": 0,
            "at_2024_last_3y": 0,
            "at_2006_last_all": 32.06,
            "at_2007_last_all": 12.22,
            "at_2008_last_all": -6.49,
            "at_2009_last_all": -6.49,
            "at_2010_last_all": -6.49,
            "at_2011_last_all": -6.49,
            "at_2012_last_all": -6.49,
            "at_2013_last_all": -6.49,
            "at_2014_last_all": -6.49,
            "at_2015_last_all": -19.85,
            "at_2016_last_all": -19.85,
            "at_2017_last_all": -29.07,
            "at_2018_last_all": -36.95,
            "at_2019_last_all": -36.95,
            "at_2020_last_all": -36.95,
            "at_2021_last_all": -36.95,
            "at_2022_last_all": -23.26,
            "at_2023_last_all": -30.23,
            "at_2024_last_all": -30.23
        },
        "latest_eps": 0.13,
        "latest_price": 72,
        "latest_roe": 1.07,
        "latest_gross_margin": 0.42,
        "latest_equity": 1857419,
        "latest_revenue": 171966,
        "latest_gross_profit": 728,
        "latest_net_income": -10491,
        "latest_debt_ratio": 38.67,
        "latest_current_ratio": 526.43,
        "latest_account_receivable_turnover_ratio": 0.6,
        "latest_inventory_turnover_ratio": 1.68,
        "latest_reinvestment_rate": 566.54,
        "latest_research_to_sale_ratio": 2.12
    },
    "eps_dividends": {
        "2001": {
            "cash": 0,
            "stock": 0,
            "eps": 0
        },
        "2002": {
            "cash": 0,
            "stock": 0,
            "eps": 0.86
        },
        "2003": {
            "cash": 0,
            "stock": 2.5,
            "eps": 1.6
        },
        "2004": {
            "cash": 0.7,
            "stock": 0.3,
            "eps": 2.07
        },
        "2005": {
            "cash": 1,
            "stock": 0.3,
            "eps": 1.45
        },
        "2006": {
            "cash": 1,
            "stock": 40,
            "eps": 2.07
        },
        "2007": {
            "cash": 0.96,
            "stock": 0.36,
            "eps": 0.68
        },
        "2008": {
            "cash": 0.4,
            "stock": 0.3,
            "eps": -0.47
        },
        "2009": {
            "cash": 0,
            "stock": 0,
            "eps": -2.82
        },
        "2010": {
            "cash": 0,
            "stock": 0,
            "eps": -0.15
        },
        "2011": {
            "cash": 0,
            "stock": 0,
            "eps": -1.7
        },
        "2012": {
            "cash": 0,
            "stock": 0,
            "eps": -2.09
        },
        "2013": {
            "cash": 0,
            "stock": 0,
            "eps": -2.04
        },
        "2014": {
            "cash": 0,
            "stock": 0,
            "eps": 0.07
        },
        "2015": {
            "cash": 0,
            "stock": 0,
            "eps": -1.18
        },
        "2016": {
            "cash": 0,
            "stock": 0,
            "eps": 0.63
        },
        "2017": {
            "cash": 0,
            "stock": 0,
            "eps": 0.04
        },
        "2018": {
            "cash": 0,
            "stock": 0,
            "eps": -1.21
        },
        "2019": {
            "cash": 0,
            "stock": 0,
            "eps": -0.91
        },
        "2020": {
            "cash": 0,
            "stock": 0,
            "eps": -0.47
        },
        "2021": {
            "cash": 0,
            "stock": 0,
            "eps": 0.22
        },
        "2022": {
            "cash": 0.2,
            "stock": 0,
            "eps": 1.23
        },
        "2023": {
            "cash": 0.1,
            "stock": 0,
            "eps": -0.22
        }
    },
    "dividends": {
        "2003-04-29": {
            "cash": 0,
            "stock": 2.5
        },
        "2004-03-23": {
            "cash": 0.7,
            "stock": 0.3
        },
        "2005-03-17": {
            "cash": 1,
            "stock": 0.3
        },
        "2006-04-17": {
            "cash": 1,
            "stock": 40
        },
        "2007-03-22": {
            "cash": 0.96,
            "stock": 0.36
        },
        "2008-04-09": {
            "cash": 0.4,
            "stock": 0.3
        },
        "2022-08-31": {
            "cash": 0.2,
            "stock": 0
        },
        "2023-08-10": {
            "cash": 0.1,
            "stock": 0
        }
    },
    "prices": {
        "200101": "無",
        "200102": "無",
        "200103": "無",
        "200104": "無",
        "200105": "無",
        "200106": "無",
        "200107": "無",
        "200108": "無",
        "200109": "無",
        "200110": "無",
        "200111": "無",
        "200112": "無",
        "200201": "無",
        "200202": "無",
        "200203": "無",
        "200204": "無",
        "200205": "無",
        "200206": "無",
        "200207": "無",
        "200208": "無",
        "200209": "無",
        "200210": "無",
        "200211": "無",
        "200212": "無",
        "200301": "無",
        "200302": "無",
        "200303": "無",
        "200304": "無",
        "200305": "無",
        "200306": "無",
        "200307": "無",
        "200308": "無",
        "200309": "無",
        "200310": "18.00",
        "200311": "無",
        "200312": "16.95",
        "200401": "18.74",
        "200402": "21.39",
        "200403": "24.73",
        "200404": "29.38",
        "200405": "25.57",
        "200406": "23.22",
        "200407": "19.42",
        "200408": "18.26",
        "200409": "21.52",
        "200410": "19.38",
        "200411": "18.14",
        "200412": "17.94",
        "200501": "16.55",
        "200502": "17.11",
        "200503": "18.07",
        "200504": "22.64",
        "200505": "22.08",
        "200506": "22.87",
        "200507": "23.35",
        "200508": "20.82",
        "200509": "20.45",
        "200510": "17.55",
        "200511": "18.10",
        "200512": "19.95",
        "200601": "20.19",
        "200602": "19.65",
        "200603": "19.93",
        "200604": "20.71",
        "200605": "22.64",
        "200606": "20.09",
        "200607": "19.60",
        "200608": "18.33",
        "200609": "17.85",
        "200610": "18.10",
        "200611": "18.50",
        "200612": "19.53",
        "200701": "19.38",
        "200702": "20.24",
        "200703": "19.91",
        "200704": "23.32",
        "200705": "24.59",
        "200706": "37.85",
        "200707": "44.99",
        "200708": "34.94",
        "200709": "34.17",
        "200710": "36.94",
        "200711": "30.00",
        "200712": "24.51",
        "200801": "17.43",
        "200802": "16.01",
        "200803": "19.13",
        "200804": "21.23",
        "200805": "20.03",
        "200806": "16.99",
        "200807": "13.67",
        "200808": "12.76",
        "200809": "10.02",
        "200810": "7.99",
        "200811": "5.86",
        "200812": "5.69",
        "200901": "5.97",
        "200902": "6.74",
        "200903": "8.80",
        "200904": "10.21",
        "200905": "10.36",
        "200906": "10.40",
        "200907": "10.61",
        "200908": "11.99",
        "200909": "11.19",
        "200910": "11.65",
        "200911": "10.71",
        "200912": "12.53",
        "201001": "12.56",
        "201002": "10.68",
        "201003": "11.10",
        "201004": "11.66",
        "201005": "9.91",
        "201006": "9.74",
        "201007": "10.16",
        "201008": "10.08",
        "201009": "9.44",
        "201010": "9.37",
        "201011": "8.68",
        "201012": "9.50",
        "201101": "11.26",
        "201102": "10.38",
        "201103": "10.08",
        "201104": "9.99",
        "201105": "8.91",
        "201106": "8.29",
        "201107": "7.41",
        "201108": "5.96",
        "201109": "5.10",
        "201110": "4.60",
        "201111": "4.04",
        "201112": "3.58",
        "201201": "3.79",
        "201202": "5.29",
        "201203": "5.14",
        "201204": "4.51",
        "201205": "4.52",
        "201206": "3.98",
        "201207": "4.41",
        "201208": "4.40",
        "201209": "4.45",
        "201210": "4.02",
        "201211": "3.70",
        "201212": "4.06",
        "201301": "5.01",
        "201302": "5.44",
        "201303": "5.32",
        "201304": "4.78",
        "201305": "4.95",
        "201306": "4.88",
        "201307": "4.55",
        "201308": "4.16",
        "201309": "4.04",
        "201310": "4.02",
        "201311": "3.99",
        "201312": "4.13",
        "201401": "4.59",
        "201402": "4.54",
        "201403": "4.88",
        "201404": "4.48",
        "201405": "4.44",
        "201406": "4.89",
        "201407": "5.89",
        "201408": "5.99",
        "201409": "6.52",
        "201410": "7.04",
        "201411": "7.55",
        "201412": "10.01",
        "201501": "9.96",
        "201502": "10.22",
        "201503": "10.46",
        "201504": "10.30",
        "201505": "10.03",
        "201506": "9.90",
        "201507": "8.25",
        "201508": "4.42",
        "201509": "4.26",
        "201510": "4.78",
        "201511": "4.42",
        "201512": "3.97",
        "201601": "3.78",
        "201602": "3.68",
        "201603": "3.96",
        "201604": "3.69",
        "201605": "3.30",
        "201606": "3.26",
        "201607": "3.82",
        "201608": "3.71",
        "201609": "4.27",
        "201610": "4.49",
        "201611": "4.38",
        "201612": "4.39",
        "201701": "5.62",
        "201702": "6.60",
        "201703": "7.03",
        "201704": "7.54",
        "201705": "6.83",
        "201706": "6.72",
        "201707": "6.12",
        "201708": "6.01",
        "201709": "6.11",
        "201710": "5.91",
        "201711": "5.51",
        "201712": "5.39",
        "201801": "5.94",
        "201802": "5.66",
        "201803": "6.05",
        "201804": "6.31",
        "201805": "6.10",
        "201806": "6.67",
        "201807": "6.69",
        "201808": "6.09",
        "201809": "5.71",
        "201810": "5.29",
        "201811": "5.27",
        "201812": "4.52",
        "201901": "4.70",
        "201902": "5.38",
        "201903": "5.28",
        "201904": "4.94",
        "201905": "4.64",
        "201906": "4.54",
        "201907": "4.58",
        "201908": "4.51",
        "201909": "4.57",
        "201910": "4.39",
        "201911": "4.05",
        "201912": "4.31",
        "202001": "4.38",
        "202002": "4.13",
        "202003": "3.52",
        "202004": "3.39",
        "202005": "3.70",
        "202006": "4.22",
        "202007": "4.18",
        "202008": "4.25",
        "202009": "5.12",
        "202010": "5.91",
        "202011": "6.70",
        "202012": "8.11",
        "202101": "8.39",
        "202102": "8.43",
        "202103": "12.75",
        "202104": "17.76",
        "202105": "12.91",
        "202106": "12.85",
        "202107": "13.72",
        "202108": "14.18",
        "202109": "17.69",
        "202110": "18.02",
        "202111": "17.09",
        "202112": "16.65",
        "202201": "18.81",
        "202202": "17.85",
        "202203": "17.71",
        "202204": "18.48",
        "202205": "17.98",
        "202206": "18.08",
        "202207": "19.15",
        "202208": "20.34",
        "202209": "21.73",
        "202210": "19.93",
        "202211": "19.40",
        "202212": "20.05",
        "202301": "20.68",
        "202302": "21.10",
        "202303": "20.48",
        "202304": "22.53",
        "202305": "36.05",
        "202306": "42.16",
        "202307": "44.37",
        "202308": "43.36",
        "202309": "37.36",
        "202310": "38.06",
        "202311": "39.65",
        "202312": "48.97"
    },
    "quarters": {
        "20011": {
            "year_quarter": 20011,
            "year": 2001,
            "quarter": 1,
            "eps": null,
            "eps_growth_year": null,
            "eps_4q": null,
            "eps_4q_growth_year": null,
            "roe": null,
            "roe_4q": 0,
            "gross_profit": null,
            "gross_margin": null,
            "gross_margin_4q_avg": 0,
            "net_income": null,
            "net_income_4q": null,
            "revenue": null,
            "revenue_4q": null,
            "common_shares": null,
            "book_valuer_per_share": null,
            "book_valuer_per_share_4q_avg": 0,
            "equity": null,
            "current_ratio": null,
            "debt_ratio": null,
            "inventory_turnover_ratio": null,
            "account_receivable_turnover_ratio": null,
            "reinvestment_rate": null,
            "research_to_sale_ratio": null,
            "price_fair": 0,
            "eps_avg_yearly": 0,
            "eps_latest_yearly": 0,
            "eps_growth_yearly": 0
        },
        "20012": {
            "year_quarter": 20012,
            "year": 2001,
            "quarter": 2,
            "eps": null,
            "eps_growth_year": null,
            "eps_4q": null,
            "eps_4q_growth_year": null,
            "roe": null,
            "roe_4q": 0,
            "gross_profit": null,
            "gross_margin": null,
            "gross_margin_4q_avg": 0,
            "net_income": null,
            "net_income_4q": null,
            "revenue": null,
            "revenue_4q": null,
            "common_shares": null,
            "book_valuer_per_share": null,
            "book_valuer_per_share_4q_avg": 0,
            "equity": null,
            "current_ratio": null,
            "debt_ratio": null,
            "inventory_turnover_ratio": null,
            "account_receivable_turnover_ratio": null,
            "reinvestment_rate": null,
            "research_to_sale_ratio": null,
            "price_fair": 0,
            "eps_avg_yearly": 0,
            "eps_latest_yearly": 0,
            "eps_growth_yearly": 0
        },
        "20013": {
            "year_quarter": 20013,
            "year": 2001,
            "quarter": 3,
            "eps": null,
            "eps_growth_year": null,
            "eps_4q": null,
            "eps_4q_growth_year": null,
            "roe": null,
            "roe_4q": 0,
            "gross_profit": null,
            "gross_margin": null,
            "gross_margin_4q_avg": 0,
            "net_income": null,
            "net_income_4q": null,
            "revenue": null,
            "revenue_4q": null,
            "common_shares": null,
            "book_valuer_per_share": null,
            "book_valuer_per_share_4q_avg": 0,
            "equity": null,
            "current_ratio": null,
            "debt_ratio": null,
            "inventory_turnover_ratio": null,
            "account_receivable_turnover_ratio": null,
            "reinvestment_rate": null,
            "research_to_sale_ratio": null,
            "price_fair": 0,
            "eps_avg_yearly": 0,
            "eps_latest_yearly": 0,
            "eps_growth_yearly": 0
        },
        "20014": {
            "year_quarter": 20014,
            "year": 2001,
            "quarter": 4,
            "eps": null,
            "eps_growth_year": null,
            "eps_4q": null,
            "eps_4q_growth_year": null,
            "roe": null,
            "roe_4q": 0,
            "gross_profit": null,
            "gross_margin": null,
            "gross_margin_4q_avg": 0,
            "net_income": null,
            "net_income_4q": null,
            "revenue": null,
            "revenue_4q": null,
            "common_shares": 640000,
            "book_valuer_per_share": 15.93,
            "book_valuer_per_share_4q_avg": 3.98,
            "equity": 1019355,
            "current_ratio": 156.91,
            "debt_ratio": 52.99,
            "inventory_turnover_ratio": null,
            "account_receivable_turnover_ratio": null,
            "reinvestment_rate": null,
            "research_to_sale_ratio": null,
            "price_fair": 0,
            "eps_avg_yearly": 0,
            "eps_latest_yearly": 0,
            "eps_growth_yearly": 0
        },
        "20021": {
            "year_quarter": 20021,
            "year": 2002,
            "quarter": 1,
            "eps": 0.3,
            "eps_growth_year": null,
            "eps_4q": null,
            "eps_4q_growth_year": null,
            "roe": 1.84,
            "roe_4q": 1.84,
            "gross_profit": 60157,
            "gross_margin": 7.49,
            "gross_margin_4q_avg": 1.87,
            "net_income": 19110,
            "net_income_4q": null,
            "revenue": 802906,
            "revenue_4q": null,
            "common_shares": 640000,
            "book_valuer_per_share": 16.44,
            "book_valuer_per_share_4q_avg": 8.09,
            "equity": 1052200,
            "current_ratio": 159.57,
            "debt_ratio": 52.4,
            "inventory_turnover_ratio": 1.32,
            "account_receivable_turnover_ratio": null,
            "reinvestment_rate": null,
            "research_to_sale_ratio": null,
            "price_fair": 0,
            "eps_avg_yearly": 0,
            "eps_latest_yearly": 0,
            "eps_growth_yearly": 0
        },
        "20022": {
            "year_quarter": 20022,
            "year": 2002,
            "quarter": 2,
            "eps": 0.56,
            "eps_growth_year": null,
            "eps_4q": null,
            "eps_4q_growth_year": null,
            "roe": 3.32,
            "roe_4q": 5.16,
            "gross_profit": 94350,
            "gross_margin": 10.5,
            "gross_margin_4q_avg": 4.5,
            "net_income": 35536,
            "net_income_4q": null,
            "revenue": 898728,
            "revenue_4q": null,
            "common_shares": 640000,
            "book_valuer_per_share": 17,
            "book_valuer_per_share_4q_avg": 12.34,
            "equity": 1087695,
            "current_ratio": 170.15,
            "debt_ratio": 50.32,
            "inventory_turnover_ratio": 1.61,
            "account_receivable_turnover_ratio": null,
            "reinvestment_rate": null,
            "research_to_sale_ratio": null,
            "price_fair": 78.4,
            "eps_avg_yearly": 2.24,
            "eps_latest_yearly": 2.24,
            "eps_growth_yearly": 346.67
        },
        "20023": {
            "year_quarter": 20023,
            "year": 2002,
            "quarter": 3,
            "eps": null,
            "eps_growth_year": null,
            "eps_4q": null,
            "eps_4q_growth_year": null,
            "roe": null,
            "roe_4q": 5.16,
            "gross_profit": null,
            "gross_margin": null,
            "gross_margin_4q_avg": 4.5,
            "net_income": null,
            "net_income_4q": null,
            "revenue": null,
            "revenue_4q": null,
            "common_shares": null,
            "book_valuer_per_share": null,
            "book_valuer_per_share_4q_avg": 12.34,
            "equity": null,
            "current_ratio": null,
            "debt_ratio": null,
            "inventory_turnover_ratio": null,
            "account_receivable_turnover_ratio": null,
            "reinvestment_rate": null,
            "research_to_sale_ratio": null,
            "price_fair": 78.4,
            "eps_avg_yearly": 2.24,
            "eps_latest_yearly": 2.24,
            "eps_growth_yearly": 346.67
        },
        "20024": {
            "year_quarter": 20024,
            "year": 2002,
            "quarter": 4,
            "eps": null,
            "eps_growth_year": null,
            "eps_4q": null,
            "eps_4q_growth_year": null,
            "roe": null,
            "roe_4q": 5.16,
            "gross_profit": null,
            "gross_margin": null,
            "gross_margin_4q_avg": 4.5,
            "net_income": null,
            "net_income_4q": null,
            "revenue": null,
            "revenue_4q": null,
            "common_shares": 640000,
            "book_valuer_per_share": 17.84,
            "book_valuer_per_share_4q_avg": 12.82,
            "equity": 1141841,
            "current_ratio": 152.06,
            "debt_ratio": 54.78,
            "inventory_turnover_ratio": null,
            "account_receivable_turnover_ratio": null,
            "reinvestment_rate": null,
            "research_to_sale_ratio": null,
            "price_fair": 78.4,
            "eps_avg_yearly": 2.24,
            "eps_latest_yearly": 2.24,
            "eps_growth_yearly": 346.67
        },
        "20031": {
            "year_quarter": 20031,
            "year": 2003,
            "quarter": 1,
            "eps": 0.49,
            "eps_growth_year": 63.33,
            "eps_4q": null,
            "eps_4q_growth_year": null,
            "roe": 2.69,
            "roe_4q": 6.01,
            "gross_profit": 96262,
            "gross_margin": 9.59,
            "gross_margin_4q_avg": 5.02,
            "net_income": 31149,
            "net_income_4q": null,
            "revenue": 1003904,
            "revenue_4q": null,
            "common_shares": 640000,
            "book_valuer_per_share": 18.33,
            "book_valuer_per_share_4q_avg": 13.29,
            "equity": 1172958,
            "current_ratio": 160.86,
            "debt_ratio": 52.24,
            "inventory_turnover_ratio": 1.94,
            "account_receivable_turnover_ratio": null,
            "reinvestment_rate": null,
            "research_to_sale_ratio": null,
            "price_fair": 78.4,
            "eps_avg_yearly": 2.24,
            "eps_latest_yearly": 2.24,
            "eps_growth_yearly": 346.67
        },
        "20032": {
            "year_quarter": 20032,
            "year": 2003,
            "quarter": 2,
            "eps": 0.3,
            "eps_growth_year": -46.43,
            "eps_4q": null,
            "eps_4q_growth_year": null,
            "roe": 2.09,
            "roe_4q": 4.779999999999999,
            "gross_profit": 71220,
            "gross_margin": 8.33,
            "gross_margin_4q_avg": 4.48,
            "net_income": 24772,
            "net_income_4q": null,
            "revenue": 855296,
            "revenue_4q": null,
            "common_shares": 640000,
            "book_valuer_per_share": 18.7,
            "book_valuer_per_share_4q_avg": 13.72,
            "equity": 1196485,
            "current_ratio": 163.45,
            "debt_ratio": 49.53,
            "inventory_turnover_ratio": 1.89,
            "account_receivable_turnover_ratio": null,
            "reinvestment_rate": null,
            "research_to_sale_ratio": null,
            "price_fair": 60.2,
            "eps_avg_yearly": 1.72,
            "eps_latest_yearly": 1.2,
            "eps_growth_yearly": 95.78
        },
        "20033": {
            "year_quarter": 20033,
            "year": 2003,
            "quarter": 3,
            "eps": 0.27,
            "eps_growth_year": null,
            "eps_4q": null,
            "eps_4q_growth_year": null,
            "roe": 1.84,
            "roe_4q": 6.619999999999999,
            "gross_profit": 91359,
            "gross_margin": 9.68,
            "gross_margin_4q_avg": 6.9,
            "net_income": 22195,
            "net_income_4q": null,
            "revenue": 943827,
            "revenue_4q": null,
            "common_shares": 825000,
            "book_valuer_per_share": 14.7,
            "book_valuer_per_share_4q_avg": 17.39,
            "equity": 1212919,
            "current_ratio": 153.34,
            "debt_ratio": 54.18,
            "inventory_turnover_ratio": 2.04,
            "account_receivable_turnover_ratio": null,
            "reinvestment_rate": null,
            "research_to_sale_ratio": null,
            "price_fair": 52.73,
            "eps_avg_yearly": 1.51,
            "eps_latest_yearly": 1.08,
            "eps_growth_yearly": 50.52
        },
        "20034": {
            "year_quarter": 20034,
            "year": 2003,
            "quarter": 4,
            "eps": 0.54,
            "eps_growth_year": null,
            "eps_4q": 1.49,
            "eps_4q_growth_year": null,
            "roe": 3.61,
            "roe_4q": 10.23,
            "gross_profit": 98717,
            "gross_margin": 8.57,
            "gross_margin_4q_avg": 9.04,
            "net_income": 44581,
            "net_income_4q": null,
            "revenue": 1151528,
            "revenue_4q": null,
            "common_shares": 825000,
            "book_valuer_per_share": 15.27,
            "book_valuer_per_share_4q_avg": 16.75,
            "equity": 1259863,
            "current_ratio": 147.37,
            "debt_ratio": 56.56,
            "inventory_turnover_ratio": 2.19,
            "account_receivable_turnover_ratio": null,
            "reinvestment_rate": null,
            "research_to_sale_ratio": null,
            "price_fair": 58.45,
            "eps_avg_yearly": 1.67,
            "eps_latest_yearly": 2.16,
            "eps_growth_yearly": 137.89
        },
        "20041": {
            "year_quarter": 20041,
            "year": 2004,
            "quarter": 1,
            "eps": 0.64,
            "eps_growth_year": 30.61,
            "eps_4q": 1.76,
            "eps_4q_growth_year": null,
            "roe": 4.09,
            "roe_4q": 11.629999999999999,
            "gross_profit": 97638,
            "gross_margin": 9.44,
            "gross_margin_4q_avg": 9.01,
            "net_income": 52446,
            "net_income_4q": null,
            "revenue": 1034489,
            "revenue_4q": null,
            "common_shares": 825000,
            "book_valuer_per_share": 15.81,
            "book_valuer_per_share_4q_avg": 16.12,
            "equity": 1304602,
            "current_ratio": 152.73,
            "debt_ratio": 55.06,
            "inventory_turnover_ratio": 1.84,
            "account_receivable_turnover_ratio": null,
            "reinvestment_rate": null,
            "research_to_sale_ratio": null,
            "price_fair": 64.68,
            "eps_avg_yearly": 1.85,
            "eps_latest_yearly": 2.56,
            "eps_growth_yearly": 125.13
        },
        "20042": {
            "year_quarter": 20042,
            "year": 2004,
            "quarter": 2,
            "eps": 1.01,
            "eps_growth_year": 236.67,
            "eps_4q": 2.4,
            "eps_4q_growth_year": null,
            "roe": 6.56,
            "roe_4q": 16.099999999999998,
            "gross_profit": 95048,
            "gross_margin": 7.39,
            "gross_margin_4q_avg": 8.77,
            "net_income": 86786,
            "net_income_4q": null,
            "revenue": 1287021,
            "revenue_4q": null,
            "common_shares": 825000,
            "book_valuer_per_share": 16.24,
            "book_valuer_per_share_4q_avg": 15.51,
            "equity": 1339826,
            "current_ratio": 147.76,
            "debt_ratio": 56.81,
            "inventory_turnover_ratio": 2.47,
            "account_receivable_turnover_ratio": null,
            "reinvestment_rate": null,
            "research_to_sale_ratio": null,
            "price_fair": 77.47,
            "eps_avg_yearly": 2.21,
            "eps_latest_yearly": 4.04,
            "eps_growth_yearly": 142.81
        },
        "20043": {
            "year_quarter": 20043,
            "year": 2004,
            "quarter": 3,
            "eps": 0.97,
            "eps_growth_year": 259.26,
            "eps_4q": 3.1,
            "eps_4q_growth_year": null,
            "roe": 6.04,
            "roe_4q": 20.299999999999997,
            "gross_profit": 125302,
            "gross_margin": 11.08,
            "gross_margin_4q_avg": 9.12,
            "net_income": 83525,
            "net_income_4q": null,
            "revenue": 1130759,
            "revenue_4q": null,
            "common_shares": 861750,
            "book_valuer_per_share": 16.54,
            "book_valuer_per_share_4q_avg": 15.97,
            "equity": 1425508,
            "current_ratio": 162.76,
            "debt_ratio": 51.63,
            "inventory_turnover_ratio": 2.11,
            "account_receivable_turnover_ratio": null,
            "reinvestment_rate": null,
            "research_to_sale_ratio": null,
            "price_fair": 85.8,
            "eps_avg_yearly": 2.45,
            "eps_latest_yearly": 3.88,
            "eps_growth_yearly": 120.15
        },
        "20044": {
            "year_quarter": 20044,
            "year": 2004,
            "quarter": 4,
            "eps": -0.55,
            "eps_growth_year": -201.85,
            "eps_4q": 2.04,
            "eps_4q_growth_year": 37.26,
            "roe": -3.42,
            "roe_4q": 13.27,
            "gross_profit": 38881,
            "gross_margin": 3.93,
            "gross_margin_4q_avg": 7.96,
            "net_income": -46995,
            "net_income_4q": null,
            "revenue": 989869,
            "revenue_4q": null,
            "common_shares": 861750,
            "book_valuer_per_share": 15.37,
            "book_valuer_per_share_4q_avg": 15.99,
            "equity": 1324096,
            "current_ratio": 167.63,
            "debt_ratio": 60.09,
            "inventory_turnover_ratio": 1.98,
            "account_receivable_turnover_ratio": null,
            "reinvestment_rate": null,
            "research_to_sale_ratio": null,
            "price_fair": 85.8,
            "eps_avg_yearly": 2.45,
            "eps_latest_yearly": 3.88,
            "eps_growth_yearly": 120.15
        },
        "20051": {
            "year_quarter": 20051,
            "year": 2005,
            "quarter": 1,
            "eps": 0.32,
            "eps_growth_year": -50,
            "eps_4q": 1.74,
            "eps_4q_growth_year": -0.77,
            "roe": 2.07,
            "roe_4q": 11.25,
            "gross_profit": 44641,
            "gross_margin": 5.03,
            "gross_margin_4q_avg": 6.86,
            "net_income": 27719,
            "net_income_4q": null,
            "revenue": 887278,
            "revenue_4q": null,
            "common_shares": 861750,
            "book_valuer_per_share": 15.68,
            "book_valuer_per_share_4q_avg": 15.96,
            "equity": 1350975,
            "current_ratio": 193.46,
            "debt_ratio": 53.76,
            "inventory_turnover_ratio": 1.77,
            "account_receivable_turnover_ratio": null,
            "reinvestment_rate": null,
            "research_to_sale_ratio": null,
            "price_fair": 85.8,
            "eps_avg_yearly": 2.45,
            "eps_latest_yearly": 3.88,
            "eps_growth_yearly": 120.15
        },
        "20052": {
            "year_quarter": 20052,
            "year": 2005,
            "quarter": 2,
            "eps": 0.19,
            "eps_growth_year": -81.19,
            "eps_4q": 0.92,
            "eps_4q_growth_year": -61.57,
            "roe": 1.12,
            "roe_4q": 5.8100000000000005,
            "gross_profit": 35209,
            "gross_margin": 3.53,
            "gross_margin_4q_avg": 5.89,
            "net_income": 16693,
            "net_income_4q": null,
            "revenue": 997675,
            "revenue_4q": null,
            "common_shares": 862503,
            "book_valuer_per_share": 18.88,
            "book_valuer_per_share_4q_avg": 16.62,
            "equity": 1628492,
            "current_ratio": 162.83,
            "debt_ratio": 55.38,
            "inventory_turnover_ratio": 2.22,
            "account_receivable_turnover_ratio": null,
            "reinvestment_rate": null,
            "research_to_sale_ratio": null,
            "price_fair": 78.4,
            "eps_avg_yearly": 2.24,
            "eps_latest_yearly": 0.76,
            "eps_growth_yearly": 84.82
        },
        "20053": {
            "year_quarter": 20053,
            "year": 2005,
            "quarter": 3,
            "eps": 0.79,
            "eps_growth_year": -18.56,
            "eps_4q": 0.76,
            "eps_4q_growth_year": -75.47,
            "roe": 4.25,
            "roe_4q": 4.02,
            "gross_profit": 71450,
            "gross_margin": 5.94,
            "gross_margin_4q_avg": 4.61,
            "net_income": 71541,
            "net_income_4q": null,
            "revenue": 1202013,
            "revenue_4q": null,
            "common_shares": 902355,
            "book_valuer_per_share": 19.3,
            "book_valuer_per_share_4q_avg": 17.31,
            "equity": 1741656,
            "current_ratio": 150.83,
            "debt_ratio": 55.81,
            "inventory_turnover_ratio": 2.76,
            "account_receivable_turnover_ratio": null,
            "reinvestment_rate": null,
            "research_to_sale_ratio": null,
            "price_fair": 81.98,
            "eps_avg_yearly": 2.34,
            "eps_latest_yearly": 3.16,
            "eps_growth_yearly": 215.75
        },
        "20054": {
            "year_quarter": 20054,
            "year": 2005,
            "quarter": 4,
            "eps": 0.15,
            "eps_growth_year": null,
            "eps_4q": 1.42,
            "eps_4q_growth_year": -30.59,
            "roe": 0.79,
            "roe_4q": 8.23,
            "gross_profit": 105269,
            "gross_margin": 9.12,
            "gross_margin_4q_avg": 5.91,
            "net_income": 13738,
            "net_income_4q": null,
            "revenue": 1154895,
            "revenue_4q": null,
            "common_shares": 902355,
            "book_valuer_per_share": 19.19,
            "book_valuer_per_share_4q_avg": 18.26,
            "equity": 1731615,
            "current_ratio": 125.74,
            "debt_ratio": 69.93,
            "inventory_turnover_ratio": 1.76,
            "account_receivable_turnover_ratio": null,
            "reinvestment_rate": null,
            "research_to_sale_ratio": null,
            "price_fair": 75.88,
            "eps_avg_yearly": 2.17,
            "eps_latest_yearly": 0.6,
            "eps_growth_yearly": 161.77
        },
        "20061": {
            "year_quarter": 20061,
            "year": 2006,
            "quarter": 1,
            "eps": 0.69,
            "eps_growth_year": 115.62,
            "eps_4q": 1.83,
            "eps_4q_growth_year": 4.71,
            "roe": 3.52,
            "roe_4q": 9.68,
            "gross_profit": 78642,
            "gross_margin": 6.54,
            "gross_margin_4q_avg": 6.28,
            "net_income": 61952,
            "net_income_4q": null,
            "revenue": 1202987,
            "revenue_4q": null,
            "common_shares": 902355,
            "book_valuer_per_share": 19.85,
            "book_valuer_per_share_4q_avg": 19.31,
            "equity": 1791479,
            "current_ratio": 132.47,
            "debt_ratio": 59.49,
            "inventory_turnover_ratio": 1.86,
            "account_receivable_turnover_ratio": null,
            "reinvestment_rate": null,
            "research_to_sale_ratio": null,
            "price_fair": 77.76,
            "eps_avg_yearly": 2.22,
            "eps_latest_yearly": 2.76,
            "eps_growth_yearly": 277.97
        },
        "20062": {
            "year_quarter": 20062,
            "year": 2006,
            "quarter": 2,
            "eps": 0.63,
            "eps_growth_year": 231.58,
            "eps_4q": 2.18,
            "eps_4q_growth_year": 136.46,
            "roe": 3.38,
            "roe_4q": 11.940000000000001,
            "gross_profit": 67994,
            "gross_margin": 5.17,
            "gross_margin_4q_avg": 6.69,
            "net_income": 59903,
            "net_income_4q": null,
            "revenue": 1315124,
            "revenue_4q": null,
            "common_shares": 902355,
            "book_valuer_per_share": 19.45,
            "book_valuer_per_share_4q_avg": 19.45,
            "equity": 1754781,
            "current_ratio": 123.78,
            "debt_ratio": 62.13,
            "inventory_turnover_ratio": 3.06,
            "account_receivable_turnover_ratio": null,
            "reinvestment_rate": null,
            "research_to_sale_ratio": null,
            "price_fair": 78.65,
            "eps_avg_yearly": 2.25,
            "eps_latest_yearly": 2.52,
            "eps_growth_yearly": 243.29
        },
        "20063": {
            "year_quarter": 20063,
            "year": 2006,
            "quarter": 3,
            "eps": 0.71,
            "eps_growth_year": -10.13,
            "eps_4q": 2.11,
            "eps_4q_growth_year": 177.27,
            "roe": 3.26,
            "roe_4q": 10.95,
            "gross_profit": 108131,
            "gross_margin": 7.74,
            "gross_margin_4q_avg": 7.14,
            "net_income": 68699,
            "net_income_4q": null,
            "revenue": 1397073,
            "revenue_4q": null,
            "common_shares": 1300449,
            "book_valuer_per_share": 18.92,
            "book_valuer_per_share_4q_avg": 19.35,
            "equity": 2460595,
            "current_ratio": 154.39,
            "debt_ratio": 54.72,
            "inventory_turnover_ratio": 3.57,
            "account_receivable_turnover_ratio": null,
            "reinvestment_rate": null,
            "research_to_sale_ratio": null,
            "price_fair": 80.38,
            "eps_avg_yearly": 2.3,
            "eps_latest_yearly": 2.84,
            "eps_growth_yearly": 227.25
        },
        "20064": {
            "year_quarter": 20064,
            "year": 2006,
            "quarter": 4,
            "eps": 0.04,
            "eps_growth_year": -73.33,
            "eps_4q": 1.73,
            "eps_4q_growth_year": 21.83,
            "roe": 0.18,
            "roe_4q": 10.34,
            "gross_profit": 27729,
            "gross_margin": 2.22,
            "gross_margin_4q_avg": 5.42,
            "net_income": 4523,
            "net_income_4q": null,
            "revenue": 1250884,
            "revenue_4q": null,
            "common_shares": 1300449,
            "book_valuer_per_share": 18.73,
            "book_valuer_per_share_4q_avg": 19.24,
            "equity": 2435499,
            "current_ratio": 126.59,
            "debt_ratio": 67.04,
            "inventory_turnover_ratio": 2.34,
            "account_receivable_turnover_ratio": null,
            "reinvestment_rate": 190.26,
            "research_to_sale_ratio": null,
            "price_fair": 74.63,
            "eps_avg_yearly": 2.13,
            "eps_latest_yearly": 0.16,
            "eps_growth_yearly": 180.73
        },
        "20071": {
            "year_quarter": 20071,
            "year": 2007,
            "quarter": 1,
            "eps": 0.29,
            "eps_growth_year": -57.97,
            "eps_4q": 1.31,
            "eps_4q_growth_year": -28.28,
            "roe": 1.53,
            "roe_4q": 8.35,
            "gross_profit": 71615,
            "gross_margin": 6.12,
            "gross_margin_4q_avg": 5.31,
            "net_income": 37873,
            "net_income_4q": null,
            "revenue": 1169660,
            "revenue_4q": null,
            "common_shares": 1300449,
            "book_valuer_per_share": 19.37,
            "book_valuer_per_share_4q_avg": 19.12,
            "equity": 2518899,
            "current_ratio": 140.13,
            "debt_ratio": 49.72,
            "inventory_turnover_ratio": 2.06,
            "account_receivable_turnover_ratio": null,
            "reinvestment_rate": 107.3,
            "research_to_sale_ratio": null,
            "price_fair": 72.2,
            "eps_avg_yearly": 2.06,
            "eps_latest_yearly": 1.16,
            "eps_growth_yearly": 346.4
        },
        "20072": {
            "year_quarter": 20072,
            "year": 2007,
            "quarter": 2,
            "eps": 0.2,
            "eps_growth_year": -68.25,
            "eps_4q": 1.01,
            "eps_4q_growth_year": -53.45,
            "roe": 1.06,
            "roe_4q": 6.029999999999999,
            "gross_profit": 82517,
            "gross_margin": 6.38,
            "gross_margin_4q_avg": 5.62,
            "net_income": 27295,
            "net_income_4q": null,
            "revenue": 1292398,
            "revenue_4q": null,
            "common_shares": 1302165,
            "book_valuer_per_share": 20.34,
            "book_valuer_per_share_4q_avg": 19.34,
            "equity": 2648348,
            "current_ratio": 157.21,
            "debt_ratio": 45.92,
            "inventory_turnover_ratio": 3.45,
            "account_receivable_turnover_ratio": null,
            "reinvestment_rate": 106.81,
            "research_to_sale_ratio": null,
            "price_fair": 71.2,
            "eps_avg_yearly": 2.03,
            "eps_latest_yearly": 0.8,
            "eps_growth_yearly": 348.61
        },
        "20073": {
            "year_quarter": 20073,
            "year": 2007,
            "quarter": 3,
            "eps": 0.15,
            "eps_growth_year": -78.87,
            "eps_4q": 0.63,
            "eps_4q_growth_year": -70.12,
            "roe": 0.81,
            "roe_4q": 3.5800000000000005,
            "gross_profit": 56766,
            "gross_margin": 4.4,
            "gross_margin_4q_avg": 4.78,
            "net_income": 21736,
            "net_income_4q": null,
            "revenue": 1288866,
            "revenue_4q": null,
            "common_shares": 1500682,
            "book_valuer_per_share": 18.19,
            "book_valuer_per_share_4q_avg": 19.16,
            "equity": 2729052,
            "current_ratio": 156.55,
            "debt_ratio": 45.49,
            "inventory_turnover_ratio": 3.78,
            "account_receivable_turnover_ratio": null,
            "reinvestment_rate": 105,
            "research_to_sale_ratio": null,
            "price_fair": 70,
            "eps_avg_yearly": 2,
            "eps_latest_yearly": 0.6,
            "eps_growth_yearly": 344.32
        },
        "20074": {
            "year_quarter": 20074,
            "year": 2007,
            "quarter": 4,
            "eps": 0.04,
            "eps_growth_year": 0,
            "eps_4q": 0.6,
            "eps_4q_growth_year": -65.22,
            "roe": 0.22,
            "roe_4q": 3.62,
            "gross_profit": 52476,
            "gross_margin": 3.95,
            "gross_margin_4q_avg": 5.21,
            "net_income": 6208,
            "net_income_4q": null,
            "revenue": 1326913,
            "revenue_4q": null,
            "common_shares": 1518517,
            "book_valuer_per_share": 17.86,
            "book_valuer_per_share_4q_avg": 18.94,
            "equity": 2886723,
            "current_ratio": 150.04,
            "debt_ratio": 63.37,
            "inventory_turnover_ratio": 2.58,
            "account_receivable_turnover_ratio": null,
            "reinvestment_rate": 179.64,
            "research_to_sale_ratio": null,
            "price_fair": 65,
            "eps_avg_yearly": 1.86,
            "eps_latest_yearly": 0.16,
            "eps_growth_yearly": 294.8
        },
        "20081": {
            "year_quarter": 20081,
            "year": 2008,
            "quarter": 1,
            "eps": -0.2,
            "eps_growth_year": -168.97,
            "eps_4q": 0.16,
            "eps_4q_growth_year": -88.09,
            "roe": -1.08,
            "roe_4q": 1.01,
            "gross_profit": 112033,
            "gross_margin": 2.9,
            "gross_margin_4q_avg": 4.41,
            "net_income": -31024,
            "net_income_4q": null,
            "revenue": 3861050,
            "revenue_4q": null,
            "common_shares": 1518517,
            "book_valuer_per_share": 17.73,
            "book_valuer_per_share_4q_avg": 18.53,
            "equity": 2866614,
            "current_ratio": 132.49,
            "debt_ratio": 67.95,
            "inventory_turnover_ratio": 4.77,
            "account_receivable_turnover_ratio": null,
            "reinvestment_rate": 279.61,
            "research_to_sale_ratio": null,
            "price_fair": 63.11,
            "eps_avg_yearly": 1.8,
            "eps_latest_yearly": 0.16,
            "eps_growth_yearly": 311.78
        },
        "20082": {
            "year_quarter": 20082,
            "year": 2008,
            "quarter": 2,
            "eps": 0.33,
            "eps_growth_year": 65,
            "eps_4q": 0.3,
            "eps_4q_growth_year": -70.44,
            "roe": 1.83,
            "roe_4q": 1.78,
            "gross_profit": 106510,
            "gross_margin": 2.31,
            "gross_margin_4q_avg": 3.39,
            "net_income": 53309,
            "net_income_4q": null,
            "revenue": 4610507,
            "revenue_4q": null,
            "common_shares": 1518517,
            "book_valuer_per_share": 17.72,
            "book_valuer_per_share_4q_avg": 17.88,
            "equity": 2952730,
            "current_ratio": 128.19,
            "debt_ratio": 67.95,
            "inventory_turnover_ratio": 5.31,
            "account_receivable_turnover_ratio": null,
            "reinvestment_rate": 314.49,
            "research_to_sale_ratio": null,
            "price_fair": 56.58,
            "eps_avg_yearly": 1.62,
            "eps_latest_yearly": 0.16,
            "eps_growth_yearly": 318.49
        },
        "20083": {
            "year_quarter": 20083,
            "year": 2008,
            "quarter": 3,
            "eps": 0.19,
            "eps_growth_year": 26.67,
            "eps_4q": 0.39,
            "eps_4q_growth_year": -38.55,
            "roe": 0.91,
            "roe_4q": 1.8800000000000001,
            "gross_profit": 80631,
            "gross_margin": 2.37,
            "gross_margin_4q_avg": 2.88,
            "net_income": 27829,
            "net_income_4q": null,
            "revenue": 3404456,
            "revenue_4q": null,
            "common_shares": 1572572,
            "book_valuer_per_share": 18.21,
            "book_valuer_per_share_4q_avg": 17.88,
            "equity": 3163362,
            "current_ratio": 130.39,
            "debt_ratio": 64.58,
            "inventory_turnover_ratio": 3.68,
            "account_receivable_turnover_ratio": null,
            "reinvestment_rate": 373.67,
            "research_to_sale_ratio": null,
            "price_fair": 47.48,
            "eps_avg_yearly": 1.36,
            "eps_latest_yearly": 0.76,
            "eps_growth_yearly": 305.67
        },
        "20084": {
            "year_quarter": 20084,
            "year": 2008,
            "quarter": 4,
            "eps": -0.79,
            "eps_growth_year": -2075,
            "eps_4q": -0.29,
            "eps_4q_growth_year": -149,
            "roe": -5.49,
            "roe_4q": -3.83,
            "gross_profit": -59549,
            "gross_margin": -2.08,
            "gross_margin_4q_avg": 1.38,
            "net_income": -167783,
            "net_income_4q": null,
            "revenue": 2864843,
            "revenue_4q": null,
            "common_shares": 1572572,
            "book_valuer_per_share": 17.15,
            "book_valuer_per_share_4q_avg": 17.7,
            "equity": 2952361,
            "current_ratio": 142.27,
            "debt_ratio": 58.39,
            "inventory_turnover_ratio": 3.21,
            "account_receivable_turnover_ratio": 2.25,
            "reinvestment_rate": 412.23,
            "research_to_sale_ratio": null,
            "price_fair": 47.48,
            "eps_avg_yearly": 1.36,
            "eps_latest_yearly": 0.76,
            "eps_growth_yearly": 305.67
        },
        "20091": {
            "year_quarter": 20091,
            "year": 2009,
            "quarter": 1,
            "eps": -0.44,
            "eps_growth_year": null,
            "eps_4q": -0.71,
            "eps_4q_growth_year": -556.71,
            "roe": -2.3,
            "roe_4q": -5.05,
            "gross_profit": -5117,
            "gross_margin": -0.43,
            "gross_margin_4q_avg": 0.54,
            "net_income": -67920,
            "net_income_4q": null,
            "revenue": 1178642,
            "revenue_4q": null,
            "common_shares": 1572572,
            "book_valuer_per_share": 17.19,
            "book_valuer_per_share_4q_avg": 17.57,
            "equity": 2960420,
            "current_ratio": 148.04,
            "debt_ratio": 55.46,
            "inventory_turnover_ratio": 1.43,
            "account_receivable_turnover_ratio": 0.5,
            "reinvestment_rate": 791.71,
            "research_to_sale_ratio": null,
            "price_fair": 47.48,
            "eps_avg_yearly": 1.36,
            "eps_latest_yearly": 0.76,
            "eps_growth_yearly": 305.67
        },
        "20092": {
            "year_quarter": 20092,
            "year": 2009,
            "quarter": 2,
            "eps": -0.88,
            "eps_growth_year": -366.67,
            "eps_4q": -1.92,
            "eps_4q_growth_year": -742,
            "roe": -8.81,
            "roe_4q": -15.690000000000001,
            "gross_profit": -32869,
            "gross_margin": -1.89,
            "gross_margin_4q_avg": -0.51,
            "net_income": -247506,
            "net_income_4q": null,
            "revenue": 1738194,
            "revenue_4q": null,
            "common_shares": 1572572,
            "book_valuer_per_share": 15.94,
            "book_valuer_per_share_4q_avg": 17.12,
            "equity": 2655530,
            "current_ratio": 147.57,
            "debt_ratio": 56.01,
            "inventory_turnover_ratio": 2.53,
            "account_receivable_turnover_ratio": 0.83,
            "reinvestment_rate": null,
            "research_to_sale_ratio": null,
            "price_fair": 49.38,
            "eps_avg_yearly": 1.41,
            "eps_latest_yearly": 0.76,
            "eps_growth_yearly": 348.23
        },
        "20093": {
            "year_quarter": 20093,
            "year": 2009,
            "quarter": 3,
            "eps": -0.3,
            "eps_growth_year": -257.89,
            "eps_4q": -2.42,
            "eps_4q_growth_year": -724.07,
            "roe": -1.08,
            "roe_4q": -17.68,
            "gross_profit": 83241,
            "gross_margin": 4.85,
            "gross_margin_4q_avg": 0.11,
            "net_income": -27958,
            "net_income_4q": null,
            "revenue": 1717230,
            "revenue_4q": null,
            "common_shares": 1572572,
            "book_valuer_per_share": 15.08,
            "book_valuer_per_share_4q_avg": 16.34,
            "equity": 2539914,
            "current_ratio": 140.4,
            "debt_ratio": 58.02,
            "inventory_turnover_ratio": 2.79,
            "account_receivable_turnover_ratio": 0.81,
            "reinvestment_rate": null,
            "research_to_sale_ratio": null,
            "price_fair": 43.26,
            "eps_avg_yearly": 1.24,
            "eps_latest_yearly": 0.76,
            "eps_growth_yearly": 256.73
        },
        "20094": {
            "year_quarter": 20094,
            "year": 2009,
            "quarter": 4,
            "eps": -1.2,
            "eps_growth_year": null,
            "eps_4q": -2.83,
            "eps_4q_growth_year": null,
            "roe": -7.74,
            "roe_4q": -19.930000000000003,
            "gross_profit": 134652,
            "gross_margin": 7.64,
            "gross_margin_4q_avg": 2.54,
            "net_income": -189718,
            "net_income_4q": null,
            "revenue": 1762120,
            "revenue_4q": null,
            "common_shares": 1572572,
            "book_valuer_per_share": 13.97,
            "book_valuer_per_share_4q_avg": 15.55,
            "equity": 2365131,
            "current_ratio": 138.81,
            "debt_ratio": 56.55,
            "inventory_turnover_ratio": 3.24,
            "account_receivable_turnover_ratio": 2.03,
            "reinvestment_rate": null,
            "research_to_sale_ratio": null,
            "price_fair": 45.73,
            "eps_avg_yearly": 1.31,
            "eps_latest_yearly": 0.76,
            "eps_growth_yearly": 321.26
        },
        "20101": {
            "year_quarter": 20101,
            "year": 2010,
            "quarter": 1,
            "eps": 0.08,
            "eps_growth_year": null,
            "eps_4q": -2.31,
            "eps_4q_growth_year": null,
            "roe": 0.66,
            "roe_4q": -16.97,
            "gross_profit": 147823,
            "gross_margin": 8.53,
            "gross_margin_4q_avg": 4.78,
            "net_income": 15564,
            "net_income_4q": null,
            "revenue": 1733105,
            "revenue_4q": null,
            "common_shares": 1572572,
            "book_valuer_per_share": 14,
            "book_valuer_per_share_4q_avg": 14.75,
            "equity": 2372845,
            "current_ratio": 138.74,
            "debt_ratio": 57.57,
            "inventory_turnover_ratio": 3.4,
            "account_receivable_turnover_ratio": 0.95,
            "reinvestment_rate": null,
            "research_to_sale_ratio": 2.47,
            "price_fair": 39.38,
            "eps_avg_yearly": 1.13,
            "eps_latest_yearly": 0.76,
            "eps_growth_yearly": 181.42
        },
        "20102": {
            "year_quarter": 20102,
            "year": 2010,
            "quarter": 2,
            "eps": -0.06,
            "eps_growth_year": null,
            "eps_4q": -1.49,
            "eps_4q_growth_year": null,
            "roe": -1.18,
            "roe_4q": -9.34,
            "gross_profit": 98619,
            "gross_margin": 5.08,
            "gross_margin_4q_avg": 6.53,
            "net_income": -28089,
            "net_income_4q": null,
            "revenue": 1942362,
            "revenue_4q": null,
            "common_shares": 1572572,
            "book_valuer_per_share": 14.1,
            "book_valuer_per_share_4q_avg": 14.29,
            "equity": 2370535,
            "current_ratio": 138.18,
            "debt_ratio": 56.93,
            "inventory_turnover_ratio": 3.37,
            "account_receivable_turnover_ratio": 1.06,
            "reinvestment_rate": null,
            "research_to_sale_ratio": 2.09,
            "price_fair": 32.4,
            "eps_avg_yearly": 0.93,
            "eps_latest_yearly": 0.76,
            "eps_growth_yearly": 212.31
        },
        "20103": {
            "year_quarter": 20103,
            "year": 2010,
            "quarter": 3,
            "eps": 0.15,
            "eps_growth_year": null,
            "eps_4q": -1.04,
            "eps_4q_growth_year": null,
            "roe": 1.44,
            "roe_4q": -6.82,
            "gross_profit": 142849,
            "gross_margin": 7.09,
            "gross_margin_4q_avg": 7.09,
            "net_income": 34270,
            "net_income_4q": null,
            "revenue": 2015654,
            "revenue_4q": null,
            "common_shares": 1572572,
            "book_valuer_per_share": 14.12,
            "book_valuer_per_share_4q_avg": 14.05,
            "equity": 2385754,
            "current_ratio": 138.88,
            "debt_ratio": 57.4,
            "inventory_turnover_ratio": 3.24,
            "account_receivable_turnover_ratio": 1.13,
            "reinvestment_rate": null,
            "research_to_sale_ratio": 1.43,
            "price_fair": 21.23,
            "eps_avg_yearly": 0.61,
            "eps_latest_yearly": 0.76,
            "eps_growth_yearly": 239.23
        },
        "20104": {
            "year_quarter": 20104,
            "year": 2010,
            "quarter": 4,
            "eps": -0.32,
            "eps_growth_year": null,
            "eps_4q": -0.16,
            "eps_4q_growth_year": null,
            "roe": -3.51,
            "roe_4q": -2.59,
            "gross_profit": 131361,
            "gross_margin": 8.63,
            "gross_margin_4q_avg": 7.33,
            "net_income": -80478,
            "net_income_4q": null,
            "revenue": 1521689,
            "revenue_4q": null,
            "common_shares": 1572572,
            "book_valuer_per_share": 13.13,
            "book_valuer_per_share_4q_avg": 13.84,
            "equity": 2202987,
            "current_ratio": 134.24,
            "debt_ratio": 58.63,
            "inventory_turnover_ratio": 2.29,
            "account_receivable_turnover_ratio": 0.86,
            "reinvestment_rate": null,
            "research_to_sale_ratio": 1.91,
            "price_fair": 24.36,
            "eps_avg_yearly": 0.7,
            "eps_latest_yearly": 0.76,
            "eps_growth_yearly": 362.57
        },
        "20111": {
            "year_quarter": 20111,
            "year": 2011,
            "quarter": 1,
            "eps": -0.2,
            "eps_growth_year": -350,
            "eps_4q": -0.44,
            "eps_4q_growth_year": null,
            "roe": -2.07,
            "roe_4q": -5.32,
            "gross_profit": 83503,
            "gross_margin": 5.22,
            "gross_margin_4q_avg": 6.51,
            "net_income": -45573,
            "net_income_4q": null,
            "revenue": 1601037,
            "revenue_4q": null,
            "common_shares": 1572572,
            "book_valuer_per_share": 13.13,
            "book_valuer_per_share_4q_avg": 13.62,
            "equity": 2190062,
            "current_ratio": 129.26,
            "debt_ratio": 60.72,
            "inventory_turnover_ratio": 2.27,
            "account_receivable_turnover_ratio": 0.93,
            "reinvestment_rate": null,
            "research_to_sale_ratio": 1.71,
            "price_fair": 1.74,
            "eps_avg_yearly": 0.58,
            "eps_latest_yearly": 0.76,
            "eps_growth_yearly": -171.79
        },
        "20112": {
            "year_quarter": 20112,
            "year": 2011,
            "quarter": 2,
            "eps": -0.83,
            "eps_growth_year": null,
            "eps_4q": -1.21,
            "eps_4q_growth_year": null,
            "roe": -7.59,
            "roe_4q": -11.73,
            "gross_profit": 34621,
            "gross_margin": 2.55,
            "gross_margin_4q_avg": 5.87,
            "net_income": -159456,
            "net_income_4q": null,
            "revenue": 1359984,
            "revenue_4q": null,
            "common_shares": 1572572,
            "book_valuer_per_share": 12.19,
            "book_valuer_per_share_4q_avg": 13.14,
            "equity": 2014082,
            "current_ratio": 124.8,
            "debt_ratio": 62.08,
            "inventory_turnover_ratio": 2.16,
            "account_receivable_turnover_ratio": 0.77,
            "reinvestment_rate": null,
            "research_to_sale_ratio": 1.73,
            "price_fair": 1.52,
            "eps_avg_yearly": 0.51,
            "eps_latest_yearly": 0.76,
            "eps_growth_yearly": -187.68
        },
        "20113": {
            "year_quarter": 20113,
            "year": 2011,
            "quarter": 3,
            "eps": -0.26,
            "eps_growth_year": -271.16,
            "eps_4q": -1.61,
            "eps_4q_growth_year": null,
            "roe": -2.21,
            "roe_4q": -15.38,
            "gross_profit": 27056,
            "gross_margin": 2.36,
            "gross_margin_4q_avg": 4.69,
            "net_income": -45296,
            "net_income_4q": null,
            "revenue": 1146662,
            "revenue_4q": null,
            "common_shares": 1572572,
            "book_valuer_per_share": 12.65,
            "book_valuer_per_share_4q_avg": 12.78,
            "equity": 2081092,
            "current_ratio": 128.62,
            "debt_ratio": 59.47,
            "inventory_turnover_ratio": 2.36,
            "account_receivable_turnover_ratio": 0.62,
            "reinvestment_rate": null,
            "research_to_sale_ratio": 2.1,
            "price_fair": 1.38,
            "eps_avg_yearly": 0.46,
            "eps_latest_yearly": 0.76,
            "eps_growth_yearly": -231.52
        },
        "20114": {
            "year_quarter": 20114,
            "year": 2011,
            "quarter": 4,
            "eps": -0.41,
            "eps_growth_year": null,
            "eps_4q": -1.7,
            "eps_4q_growth_year": null,
            "roe": -4.59,
            "roe_4q": -16.46,
            "gross_profit": 36888,
            "gross_margin": 3.97,
            "gross_margin_4q_avg": 3.53,
            "net_income": -93168,
            "net_income_4q": null,
            "revenue": 930204,
            "revenue_4q": null,
            "common_shares": 1572572,
            "book_valuer_per_share": 12.16,
            "book_valuer_per_share_4q_avg": 12.53,
            "equity": 1976521,
            "current_ratio": 127.45,
            "debt_ratio": 58.9,
            "inventory_turnover_ratio": 2.17,
            "account_receivable_turnover_ratio": 0.53,
            "reinvestment_rate": null,
            "research_to_sale_ratio": 2.88,
            "price_fair": 2.28,
            "eps_avg_yearly": 0.76,
            "eps_latest_yearly": 0.76,
            "eps_growth_yearly": -169.7
        },
        "20121": {
            "year_quarter": 20121,
            "year": 2012,
            "quarter": 1,
            "eps": -0.35,
            "eps_growth_year": null,
            "eps_4q": -1.86,
            "eps_4q_growth_year": null,
            "roe": -2.84,
            "roe_4q": -17.23,
            "gross_profit": 18404,
            "gross_margin": 1.6,
            "gross_margin_4q_avg": 2.62,
            "net_income": -54705,
            "net_income_4q": null,
            "revenue": 1149927,
            "revenue_4q": null,
            "common_shares": 1572572,
            "book_valuer_per_share": 11.53,
            "book_valuer_per_share_4q_avg": 12.13,
            "equity": 1879995,
            "current_ratio": 123,
            "debt_ratio": 59.44,
            "inventory_turnover_ratio": 2.85,
            "account_receivable_turnover_ratio": 0.74,
            "reinvestment_rate": null,
            "research_to_sale_ratio": 2.06,
            "price_fair": 2.28,
            "eps_avg_yearly": 0.76,
            "eps_latest_yearly": 0.76,
            "eps_growth_yearly": -169.7
        },
        "20122": {
            "year_quarter": 20122,
            "year": 2012,
            "quarter": 2,
            "eps": -0.38,
            "eps_growth_year": null,
            "eps_4q": -1.41,
            "eps_4q_growth_year": null,
            "roe": -4.24,
            "roe_4q": -13.879999999999999,
            "gross_profit": 23714,
            "gross_margin": 2.33,
            "gross_margin_4q_avg": 2.57,
            "net_income": -78350,
            "net_income_4q": null,
            "revenue": 1016556,
            "revenue_4q": null,
            "common_shares": 1572572,
            "book_valuer_per_share": 11.25,
            "book_valuer_per_share_4q_avg": 11.9,
            "equity": 1817367,
            "current_ratio": 119.34,
            "debt_ratio": 60.07,
            "inventory_turnover_ratio": 2.42,
            "account_receivable_turnover_ratio": 0.72,
            "reinvestment_rate": null,
            "research_to_sale_ratio": 2.26,
            "price_fair": 2.28,
            "eps_avg_yearly": 0.76,
            "eps_latest_yearly": 0.76,
            "eps_growth_yearly": -169.7
        },
        "20123": {
            "year_quarter": 20123,
            "year": 2012,
            "quarter": 3,
            "eps": -0.47,
            "eps_growth_year": null,
            "eps_4q": -1.63,
            "eps_4q_growth_year": null,
            "roe": -5.11,
            "roe_4q": -16.78,
            "gross_profit": -650,
            "gross_margin": -0.06,
            "gross_margin_4q_avg": 1.96,
            "net_income": -89930,
            "net_income_4q": null,
            "revenue": 1011331,
            "revenue_4q": null,
            "common_shares": 1572572,
            "book_valuer_per_share": 10.6,
            "book_valuer_per_share_4q_avg": 11.39,
            "equity": 1699720,
            "current_ratio": 115.5,
            "debt_ratio": 62.42,
            "inventory_turnover_ratio": 2.23,
            "account_receivable_turnover_ratio": 0.74,
            "reinvestment_rate": null,
            "research_to_sale_ratio": 2.2,
            "price_fair": 0,
            "eps_avg_yearly": 0,
            "eps_latest_yearly": 0,
            "eps_growth_yearly": 0
        },
        "20124": {
            "year_quarter": 20124,
            "year": 2012,
            "quarter": 4,
            "eps": -0.89,
            "eps_growth_year": null,
            "eps_4q": -2.1,
            "eps_4q_growth_year": null,
            "roe": -9.16,
            "roe_4q": -21.349999999999998,
            "gross_profit": 17059,
            "gross_margin": 0.95,
            "gross_margin_4q_avg": 1.21,
            "net_income": -150813,
            "net_income_4q": null,
            "revenue": 1800729,
            "revenue_4q": null,
            "common_shares": 1572572,
            "book_valuer_per_share": 9.62,
            "book_valuer_per_share_4q_avg": 10.75,
            "equity": 1594026,
            "current_ratio": 109.94,
            "debt_ratio": 67.36,
            "inventory_turnover_ratio": 3.44,
            "account_receivable_turnover_ratio": 1.11,
            "reinvestment_rate": null,
            "research_to_sale_ratio": 1.41,
            "price_fair": 0,
            "eps_avg_yearly": 0,
            "eps_latest_yearly": 0,
            "eps_growth_yearly": 0
        },
        "20131": {
            "year_quarter": 20131,
            "year": 2013,
            "quarter": 1,
            "eps": -0.22,
            "eps_growth_year": null,
            "eps_4q": -1.96,
            "eps_4q_growth_year": null,
            "roe": -2.65,
            "roe_4q": -21.160000000000004,
            "gross_profit": 36950,
            "gross_margin": 3.17,
            "gross_margin_4q_avg": 1.6,
            "net_income": -40016,
            "net_income_4q": null,
            "revenue": 1165740,
            "revenue_4q": null,
            "common_shares": 1572572,
            "book_valuer_per_share": 8.53,
            "book_valuer_per_share_4q_avg": 10,
            "equity": 1425229,
            "current_ratio": 108.94,
            "debt_ratio": 71.62,
            "inventory_turnover_ratio": 1.95,
            "account_receivable_turnover_ratio": 0.67,
            "reinvestment_rate": null,
            "research_to_sale_ratio": 1.95,
            "price_fair": 0,
            "eps_avg_yearly": 0,
            "eps_latest_yearly": 0,
            "eps_growth_yearly": 0
        },
        "20132": {
            "year_quarter": 20132,
            "year": 2013,
            "quarter": 2,
            "eps": -0.65,
            "eps_growth_year": null,
            "eps_4q": -2.23,
            "eps_4q_growth_year": null,
            "roe": -6.9,
            "roe_4q": -23.82,
            "gross_profit": 23607,
            "gross_margin": 1.77,
            "gross_margin_4q_avg": 1.46,
            "net_income": -95840,
            "net_income_4q": null,
            "revenue": 1331183,
            "revenue_4q": null,
            "common_shares": 1572572,
            "book_valuer_per_share": 8.02,
            "book_valuer_per_share_4q_avg": 9.19,
            "equity": 1352953,
            "current_ratio": 106.22,
            "debt_ratio": 72.1,
            "inventory_turnover_ratio": 2.27,
            "account_receivable_turnover_ratio": 0.81,
            "reinvestment_rate": null,
            "research_to_sale_ratio": 1.66,
            "price_fair": 0,
            "eps_avg_yearly": 0,
            "eps_latest_yearly": 0,
            "eps_growth_yearly": 0
        },
        "20133": {
            "year_quarter": 20133,
            "year": 2013,
            "quarter": 3,
            "eps": -0.57,
            "eps_growth_year": null,
            "eps_4q": -2.33,
            "eps_4q_growth_year": null,
            "roe": -6.58,
            "roe_4q": -25.29,
            "gross_profit": 40511,
            "gross_margin": 3.48,
            "gross_margin_4q_avg": 2.34,
            "net_income": -85905,
            "net_income_4q": null,
            "revenue": 1165145,
            "revenue_4q": null,
            "common_shares": 1572572,
            "book_valuer_per_share": 7.53,
            "book_valuer_per_share_4q_avg": 8.43,
            "equity": 1260100,
            "current_ratio": 108.94,
            "debt_ratio": 71.34,
            "inventory_turnover_ratio": 2.19,
            "account_receivable_turnover_ratio": 0.83,
            "reinvestment_rate": null,
            "research_to_sale_ratio": 2.39,
            "price_fair": 0,
            "eps_avg_yearly": 0,
            "eps_latest_yearly": 0,
            "eps_growth_yearly": 0
        },
        "20134": {
            "year_quarter": 20134,
            "year": 2013,
            "quarter": 4,
            "eps": -0.6,
            "eps_growth_year": null,
            "eps_4q": -2.05,
            "eps_4q_growth_year": null,
            "roe": -7.35,
            "roe_4q": -23.479999999999997,
            "gross_profit": 30530,
            "gross_margin": 3.1,
            "gross_margin_4q_avg": 2.88,
            "net_income": -92468,
            "net_income_4q": null,
            "revenue": 985259,
            "revenue_4q": null,
            "common_shares": 1572572,
            "book_valuer_per_share": 7.48,
            "book_valuer_per_share_4q_avg": 7.89,
            "equity": 1256258,
            "current_ratio": 106,
            "debt_ratio": 70.68,
            "inventory_turnover_ratio": 2.06,
            "account_receivable_turnover_ratio": 0.79,
            "reinvestment_rate": null,
            "research_to_sale_ratio": 3.05,
            "price_fair": 0,
            "eps_avg_yearly": 0,
            "eps_latest_yearly": 0,
            "eps_growth_yearly": 0
        },
        "20141": {
            "year_quarter": 20141,
            "year": 2014,
            "quarter": 1,
            "eps": 0.02,
            "eps_growth_year": null,
            "eps_4q": -1.81,
            "eps_4q_growth_year": null,
            "roe": 0.28,
            "roe_4q": -20.549999999999997,
            "gross_profit": 24890,
            "gross_margin": 5.22,
            "gross_margin_4q_avg": 3.39,
            "net_income": 3419,
            "net_income_4q": null,
            "revenue": 477270,
            "revenue_4q": null,
            "common_shares": 1572572,
            "book_valuer_per_share": 7.63,
            "book_valuer_per_share_4q_avg": 7.67,
            "equity": 1199866,
            "current_ratio": 104.51,
            "debt_ratio": 67.13,
            "inventory_turnover_ratio": 1.18,
            "account_receivable_turnover_ratio": 0.49,
            "reinvestment_rate": null,
            "research_to_sale_ratio": 2.23,
            "price_fair": 0,
            "eps_avg_yearly": 0,
            "eps_latest_yearly": 0,
            "eps_growth_yearly": 0
        },
        "20142": {
            "year_quarter": 20142,
            "year": 2014,
            "quarter": 2,
            "eps": 0.18,
            "eps_growth_year": null,
            "eps_4q": -0.98,
            "eps_4q_growth_year": null,
            "roe": 2.32,
            "roe_4q": -11.33,
            "gross_profit": 36232,
            "gross_margin": 5.74,
            "gross_margin_4q_avg": 4.39,
            "net_income": 27929,
            "net_income_4q": null,
            "revenue": 631359,
            "revenue_4q": null,
            "common_shares": 1572572,
            "book_valuer_per_share": 7.71,
            "book_valuer_per_share_4q_avg": 7.59,
            "equity": 1212506,
            "current_ratio": 101.02,
            "debt_ratio": 67.39,
            "inventory_turnover_ratio": 1.82,
            "account_receivable_turnover_ratio": 0.94,
            "reinvestment_rate": null,
            "research_to_sale_ratio": 2.33,
            "price_fair": 25.2,
            "eps_avg_yearly": 0.72,
            "eps_latest_yearly": 0.72,
            "eps_growth_yearly": 3200
        },
        "20143": {
            "year_quarter": 20143,
            "year": 2014,
            "quarter": 3,
            "eps": 0.03,
            "eps_growth_year": null,
            "eps_4q": -0.38,
            "eps_4q_growth_year": null,
            "roe": 0.39,
            "roe_4q": -4.359999999999999,
            "gross_profit": -17032,
            "gross_margin": -2.91,
            "gross_margin_4q_avg": 2.79,
            "net_income": 4728,
            "net_income_4q": null,
            "revenue": 585052,
            "revenue_4q": null,
            "common_shares": 1572572,
            "book_valuer_per_share": 7.73,
            "book_valuer_per_share_4q_avg": 7.64,
            "equity": 1215665,
            "current_ratio": 133.53,
            "debt_ratio": 65.65,
            "inventory_turnover_ratio": 2.08,
            "account_receivable_turnover_ratio": 0.83,
            "reinvestment_rate": null,
            "research_to_sale_ratio": 1.98,
            "price_fair": 14.7,
            "eps_avg_yearly": 0.42,
            "eps_latest_yearly": 0.12,
            "eps_growth_yearly": 1433.33
        },
        "20144": {
            "year_quarter": 20144,
            "year": 2014,
            "quarter": 4,
            "eps": -0.16,
            "eps_growth_year": null,
            "eps_4q": 0.07,
            "eps_4q_growth_year": null,
            "roe": -2.06,
            "roe_4q": 0.9299999999999999,
            "gross_profit": 29549,
            "gross_margin": 6.11,
            "gross_margin_4q_avg": 3.54,
            "net_income": -25297,
            "net_income_4q": null,
            "revenue": 483860,
            "revenue_4q": null,
            "common_shares": 1572572,
            "book_valuer_per_share": 7.92,
            "book_valuer_per_share_4q_avg": 7.75,
            "equity": 1244715,
            "current_ratio": 197.38,
            "debt_ratio": 64.46,
            "inventory_turnover_ratio": 1.72,
            "account_receivable_turnover_ratio": 0.71,
            "reinvestment_rate": null,
            "research_to_sale_ratio": 1.95,
            "price_fair": 14.7,
            "eps_avg_yearly": 0.42,
            "eps_latest_yearly": 0.12,
            "eps_growth_yearly": 1433.33
        },
        "20151": {
            "year_quarter": 20151,
            "year": 2015,
            "quarter": 1,
            "eps": -0.12,
            "eps_growth_year": -700,
            "eps_4q": -0.07,
            "eps_4q_growth_year": null,
            "roe": -1.51,
            "roe_4q": -0.8600000000000003,
            "gross_profit": 38560,
            "gross_margin": 8.47,
            "gross_margin_4q_avg": 4.35,
            "net_income": -18550,
            "net_income_4q": null,
            "revenue": 455053,
            "revenue_4q": null,
            "common_shares": 1572572,
            "book_valuer_per_share": 7.71,
            "book_valuer_per_share_4q_avg": 7.77,
            "equity": 1212313,
            "current_ratio": 192.84,
            "debt_ratio": 65.17,
            "inventory_turnover_ratio": 1.5,
            "account_receivable_turnover_ratio": 0.71,
            "reinvestment_rate": null,
            "research_to_sale_ratio": 1.86,
            "price_fair": 14.7,
            "eps_avg_yearly": 0.42,
            "eps_latest_yearly": 0.12,
            "eps_growth_yearly": 1433.33
        },
        "20152": {
            "year_quarter": 20152,
            "year": 2015,
            "quarter": 2,
            "eps": -0.41,
            "eps_growth_year": -327.78,
            "eps_4q": -0.66,
            "eps_4q_growth_year": null,
            "roe": -5.46,
            "roe_4q": -8.639999999999999,
            "gross_profit": 28558,
            "gross_margin": 6.18,
            "gross_margin_4q_avg": 4.46,
            "net_income": -64212,
            "net_income_4q": null,
            "revenue": 461731,
            "revenue_4q": null,
            "common_shares": 1572572,
            "book_valuer_per_share": 7.24,
            "book_valuer_per_share_4q_avg": 7.65,
            "equity": 1138277,
            "current_ratio": 183.47,
            "debt_ratio": 66.48,
            "inventory_turnover_ratio": 1.64,
            "account_receivable_turnover_ratio": 0.71,
            "reinvestment_rate": null,
            "research_to_sale_ratio": 2.32,
            "price_fair": 14.7,
            "eps_avg_yearly": 0.42,
            "eps_latest_yearly": 0.12,
            "eps_growth_yearly": 1433.33
        },
        "20153": {
            "year_quarter": 20153,
            "year": 2015,
            "quarter": 3,
            "eps": -0.18,
            "eps_growth_year": -700,
            "eps_4q": -0.86,
            "eps_4q_growth_year": null,
            "roe": -2.44,
            "roe_4q": -11.47,
            "gross_profit": 23690,
            "gross_margin": 5.03,
            "gross_margin_4q_avg": 6.45,
            "net_income": -27550,
            "net_income_4q": null,
            "revenue": 470628,
            "revenue_4q": null,
            "common_shares": 1572572,
            "book_valuer_per_share": 7.09,
            "book_valuer_per_share_4q_avg": 7.49,
            "equity": 1115337,
            "current_ratio": 186.23,
            "debt_ratio": 67.09,
            "inventory_turnover_ratio": 1.8,
            "account_receivable_turnover_ratio": 0.71,
            "reinvestment_rate": null,
            "research_to_sale_ratio": 2.04,
            "price_fair": 14.7,
            "eps_avg_yearly": 0.42,
            "eps_latest_yearly": 0.12,
            "eps_growth_yearly": 1433.33
        },
        "20154": {
            "year_quarter": 20154,
            "year": 2015,
            "quarter": 4,
            "eps": -0.47,
            "eps_growth_year": null,
            "eps_4q": -1.18,
            "eps_4q_growth_year": -1816.02,
            "roe": -7.05,
            "roe_4q": -16.46,
            "gross_profit": 23315,
            "gross_margin": 5.47,
            "gross_margin_4q_avg": 6.29,
            "net_income": -74659,
            "net_income_4q": null,
            "revenue": 425999,
            "revenue_4q": null,
            "common_shares": 1572572,
            "book_valuer_per_share": 6.37,
            "book_valuer_per_share_4q_avg": 7.1,
            "equity": 1002162,
            "current_ratio": 177.36,
            "debt_ratio": 69.78,
            "inventory_turnover_ratio": 1.61,
            "account_receivable_turnover_ratio": 0.69,
            "reinvestment_rate": null,
            "research_to_sale_ratio": 2.49,
            "price_fair": 14.7,
            "eps_avg_yearly": 0.42,
            "eps_latest_yearly": 0.12,
            "eps_growth_yearly": 1433.33
        },
        "20161": {
            "year_quarter": 20161,
            "year": 2016,
            "quarter": 1,
            "eps": -0.36,
            "eps_growth_year": null,
            "eps_4q": -1.42,
            "eps_4q_growth_year": null,
            "roe": -5.89,
            "roe_4q": -20.84,
            "gross_profit": 8284,
            "gross_margin": 2.45,
            "gross_margin_4q_avg": 4.78,
            "net_income": -56979,
            "net_income_4q": null,
            "revenue": 337750,
            "revenue_4q": null,
            "common_shares": 1572572,
            "book_valuer_per_share": 5.93,
            "book_valuer_per_share_4q_avg": 6.66,
            "equity": 932428,
            "current_ratio": 192.42,
            "debt_ratio": 70.32,
            "inventory_turnover_ratio": 1.4,
            "account_receivable_turnover_ratio": 0.66,
            "reinvestment_rate": null,
            "research_to_sale_ratio": 2.26,
            "price_fair": 14.7,
            "eps_avg_yearly": 0.42,
            "eps_latest_yearly": 0.12,
            "eps_growth_yearly": 1433.33
        },
        "20162": {
            "year_quarter": 20162,
            "year": 2016,
            "quarter": 2,
            "eps": -0.12,
            "eps_growth_year": null,
            "eps_4q": -1.13,
            "eps_4q_growth_year": null,
            "roe": -2.07,
            "roe_4q": -17.45,
            "gross_profit": 33397,
            "gross_margin": 8.3,
            "gross_margin_4q_avg": 5.31,
            "net_income": -19204,
            "net_income_4q": null,
            "revenue": 402520,
            "revenue_4q": null,
            "common_shares": 1572572,
            "book_valuer_per_share": 5.85,
            "book_valuer_per_share_4q_avg": 6.31,
            "equity": 919434,
            "current_ratio": 175.79,
            "debt_ratio": 71.41,
            "inventory_turnover_ratio": 1.71,
            "account_receivable_turnover_ratio": 0.94,
            "reinvestment_rate": null,
            "research_to_sale_ratio": 2.68,
            "price_fair": 14.7,
            "eps_avg_yearly": 0.42,
            "eps_latest_yearly": 0.12,
            "eps_growth_yearly": 1433.33
        },
        "20163": {
            "year_quarter": 20163,
            "year": 2016,
            "quarter": 3,
            "eps": 1.36,
            "eps_growth_year": null,
            "eps_4q": 0.4,
            "eps_4q_growth_year": null,
            "roe": 20.5,
            "roe_4q": 5.489999999999999,
            "gross_profit": -59055,
            "gross_margin": -15.54,
            "gross_margin_4q_avg": 0.17,
            "net_income": 213228,
            "net_income_4q": null,
            "revenue": 380128,
            "revenue_4q": null,
            "common_shares": 1572572,
            "book_valuer_per_share": 7.38,
            "book_valuer_per_share_4q_avg": 6.38,
            "equity": 1160792,
            "current_ratio": 181.51,
            "debt_ratio": 67.03,
            "inventory_turnover_ratio": 2.53,
            "account_receivable_turnover_ratio": 0.91,
            "reinvestment_rate": null,
            "research_to_sale_ratio": 3.07,
            "price_fair": 14.7,
            "eps_avg_yearly": 0.42,
            "eps_latest_yearly": 0.12,
            "eps_growth_yearly": 1433.33
        },
        "20164": {
            "year_quarter": 20164,
            "year": 2016,
            "quarter": 4,
            "eps": -0.25,
            "eps_growth_year": null,
            "eps_4q": 0.62,
            "eps_4q_growth_year": null,
            "roe": -3.21,
            "roe_4q": 9.329999999999998,
            "gross_profit": -3549,
            "gross_margin": -1.14,
            "gross_margin_4q_avg": -1.48,
            "net_income": -39398,
            "net_income_4q": null,
            "revenue": 311350,
            "revenue_4q": null,
            "common_shares": 1572572,
            "book_valuer_per_share": 8.24,
            "book_valuer_per_share_4q_avg": 6.85,
            "equity": 1296385,
            "current_ratio": 155.02,
            "debt_ratio": 63.6,
            "inventory_turnover_ratio": 2.23,
            "account_receivable_turnover_ratio": 0.77,
            "reinvestment_rate": null,
            "research_to_sale_ratio": 3.27,
            "price_fair": 14.7,
            "eps_avg_yearly": 0.42,
            "eps_latest_yearly": 0.12,
            "eps_growth_yearly": 1433.33
        },
        "20171": {
            "year_quarter": 20171,
            "year": 2017,
            "quarter": 1,
            "eps": -0.19,
            "eps_growth_year": null,
            "eps_4q": 0.8,
            "eps_4q_growth_year": null,
            "roe": -1.98,
            "roe_4q": 13.24,
            "gross_profit": 13477,
            "gross_margin": 4.63,
            "gross_margin_4q_avg": -0.94,
            "net_income": -29461,
            "net_income_4q": null,
            "revenue": 291237,
            "revenue_4q": null,
            "common_shares": 1572572,
            "book_valuer_per_share": 10.7,
            "book_valuer_per_share_4q_avg": 8.04,
            "equity": 1681946,
            "current_ratio": 144.88,
            "debt_ratio": 55.68,
            "inventory_turnover_ratio": 2,
            "account_receivable_turnover_ratio": 0.86,
            "reinvestment_rate": null,
            "research_to_sale_ratio": 3.03,
            "price_fair": 14.7,
            "eps_avg_yearly": 0.42,
            "eps_latest_yearly": 0.12,
            "eps_growth_yearly": 1433.33
        },
        "20172": {
            "year_quarter": 20172,
            "year": 2017,
            "quarter": 2,
            "eps": 0,
            "eps_growth_year": null,
            "eps_4q": 0.91,
            "eps_4q_growth_year": null,
            "roe": -0.06,
            "roe_4q": 15.25,
            "gross_profit": 42766,
            "gross_margin": 11.52,
            "gross_margin_4q_avg": -0.13,
            "net_income": -894,
            "net_income_4q": null,
            "revenue": 371224,
            "revenue_4q": null,
            "common_shares": 1572572,
            "book_valuer_per_share": 9.38,
            "book_valuer_per_share_4q_avg": 8.93,
            "equity": 1475040,
            "current_ratio": 145.52,
            "debt_ratio": 59.21,
            "inventory_turnover_ratio": 2.36,
            "account_receivable_turnover_ratio": 1.12,
            "reinvestment_rate": null,
            "research_to_sale_ratio": 2.39,
            "price_fair": 14.7,
            "eps_avg_yearly": 0.42,
            "eps_latest_yearly": 0.12,
            "eps_growth_yearly": 1433.33
        },
        "20173": {
            "year_quarter": 20173,
            "year": 2017,
            "quarter": 3,
            "eps": 0.11,
            "eps_growth_year": -91.91,
            "eps_4q": -0.33,
            "eps_4q_growth_year": -184.05,
            "roe": 1.18,
            "roe_4q": -4.07,
            "gross_profit": 24880,
            "gross_margin": 7.31,
            "gross_margin_4q_avg": 5.58,
            "net_income": 17317,
            "net_income_4q": null,
            "revenue": 340463,
            "revenue_4q": null,
            "common_shares": 1572572,
            "book_valuer_per_share": 9.24,
            "book_valuer_per_share_4q_avg": 9.39,
            "equity": 1453016,
            "current_ratio": 152.53,
            "debt_ratio": 59.02,
            "inventory_turnover_ratio": 2.01,
            "account_receivable_turnover_ratio": 0.93,
            "reinvestment_rate": null,
            "research_to_sale_ratio": 2.2,
            "price_fair": 14.7,
            "eps_avg_yearly": 0.42,
            "eps_latest_yearly": 0.12,
            "eps_growth_yearly": 1433.33
        },
        "20174": {
            "year_quarter": 20174,
            "year": 2017,
            "quarter": 4,
            "eps": 0.12,
            "eps_growth_year": null,
            "eps_4q": 0.04,
            "eps_4q_growth_year": -93.25,
            "roe": 1.29,
            "roe_4q": 0.4299999999999997,
            "gross_profit": 19919,
            "gross_margin": 5.56,
            "gross_margin_4q_avg": 7.26,
            "net_income": 19633,
            "net_income_4q": null,
            "revenue": 358117,
            "revenue_4q": null,
            "common_shares": 1572572,
            "book_valuer_per_share": 10.14,
            "book_valuer_per_share_4q_avg": 9.87,
            "equity": 1594834,
            "current_ratio": 151.68,
            "debt_ratio": 56.81,
            "inventory_turnover_ratio": 2.05,
            "account_receivable_turnover_ratio": 0.95,
            "reinvestment_rate": null,
            "research_to_sale_ratio": 2.31,
            "price_fair": 15.4,
            "eps_avg_yearly": 0.44,
            "eps_latest_yearly": 0.48,
            "eps_growth_yearly": 967.68
        },
        "20181": {
            "year_quarter": 20181,
            "year": 2018,
            "quarter": 1,
            "eps": -0.25,
            "eps_growth_year": null,
            "eps_4q": -0.02,
            "eps_4q_growth_year": -102.65,
            "roe": -2.4,
            "roe_4q": 0.010000000000000064,
            "gross_profit": 21038,
            "gross_margin": 6.73,
            "gross_margin_4q_avg": 7.78,
            "net_income": -39374,
            "net_income_4q": null,
            "revenue": 312428,
            "revenue_4q": null,
            "common_shares": 1572572,
            "book_valuer_per_share": 10.72,
            "book_valuer_per_share_4q_avg": 9.87,
            "equity": 1685368,
            "current_ratio": 191.89,
            "debt_ratio": 54.71,
            "inventory_turnover_ratio": 1.79,
            "account_receivable_turnover_ratio": 0.84,
            "reinvestment_rate": null,
            "research_to_sale_ratio": 2.64,
            "price_fair": 15.4,
            "eps_avg_yearly": 0.44,
            "eps_latest_yearly": 0.48,
            "eps_growth_yearly": 967.68
        },
        "20182": {
            "year_quarter": 20182,
            "year": 2018,
            "quarter": 2,
            "eps": -0.17,
            "eps_growth_year": null,
            "eps_4q": -0.19,
            "eps_4q_growth_year": -120.73,
            "roe": -1.56,
            "roe_4q": -1.49,
            "gross_profit": 42993,
            "gross_margin": 11.8,
            "gross_margin_4q_avg": 7.85,
            "net_income": -27325,
            "net_income_4q": null,
            "revenue": 364350,
            "revenue_4q": null,
            "common_shares": 1572572,
            "book_valuer_per_share": 11.52,
            "book_valuer_per_share_4q_avg": 10.41,
            "equity": 1811394,
            "current_ratio": 181.58,
            "debt_ratio": 53.82,
            "inventory_turnover_ratio": 1.79,
            "account_receivable_turnover_ratio": 0.94,
            "reinvestment_rate": null,
            "research_to_sale_ratio": 2.43,
            "price_fair": 0.9,
            "eps_avg_yearly": 0.3,
            "eps_latest_yearly": 0.48,
            "eps_growth_yearly": -148.48
        },
        "20183": {
            "year_quarter": 20183,
            "year": 2018,
            "quarter": 3,
            "eps": -0.41,
            "eps_growth_year": -472.73,
            "eps_4q": -0.71,
            "eps_4q_growth_year": null,
            "roe": -3.28,
            "roe_4q": -5.95,
            "gross_profit": 47225,
            "gross_margin": 11.47,
            "gross_margin_4q_avg": 8.89,
            "net_income": -64239,
            "net_income_4q": null,
            "revenue": 411575,
            "revenue_4q": null,
            "common_shares": 1572572,
            "book_valuer_per_share": 13.4,
            "book_valuer_per_share_4q_avg": 11.45,
            "equity": 2107320,
            "current_ratio": 195.51,
            "debt_ratio": 49.43,
            "inventory_turnover_ratio": 1.92,
            "account_receivable_turnover_ratio": 0.93,
            "reinvestment_rate": null,
            "research_to_sale_ratio": 1.84,
            "price_fair": 16.8,
            "eps_avg_yearly": 0.48,
            "eps_latest_yearly": 0.48,
            "eps_growth_yearly": 36.36
        },
        "20184": {
            "year_quarter": 20184,
            "year": 2018,
            "quarter": 4,
            "eps": -0.38,
            "eps_growth_year": -401.32,
            "eps_4q": -1.21,
            "eps_4q_growth_year": -2982.4,
            "roe": -3.12,
            "roe_4q": -10.360000000000001,
            "gross_profit": 13422,
            "gross_margin": 3.8,
            "gross_margin_4q_avg": 8.45,
            "net_income": -59158,
            "net_income_4q": null,
            "revenue": 352824,
            "revenue_4q": null,
            "common_shares": 1572572,
            "book_valuer_per_share": 10.69,
            "book_valuer_per_share_4q_avg": 11.58,
            "equity": 1680465,
            "current_ratio": 166.51,
            "debt_ratio": 55.2,
            "inventory_turnover_ratio": 1.75,
            "account_receivable_turnover_ratio": 0.82,
            "reinvestment_rate": null,
            "research_to_sale_ratio": 2.75,
            "price_fair": 16.8,
            "eps_avg_yearly": 0.48,
            "eps_latest_yearly": 0.48,
            "eps_growth_yearly": 36.36
        },
        "20191": {
            "year_quarter": 20191,
            "year": 2019,
            "quarter": 1,
            "eps": -0.07,
            "eps_growth_year": null,
            "eps_4q": -1.03,
            "eps_4q_growth_year": null,
            "roe": -0.64,
            "roe_4q": -8.6,
            "gross_profit": 22256,
            "gross_margin": 7.31,
            "gross_margin_4q_avg": 8.6,
            "net_income": -10840,
            "net_income_4q": null,
            "revenue": 304441,
            "revenue_4q": null,
            "common_shares": 1572572,
            "book_valuer_per_share": 10.77,
            "book_valuer_per_share_4q_avg": 11.6,
            "equity": 1694115,
            "current_ratio": 183.61,
            "debt_ratio": 51.33,
            "inventory_turnover_ratio": 1.5,
            "account_receivable_turnover_ratio": 0.82,
            "reinvestment_rate": null,
            "research_to_sale_ratio": 3.83,
            "price_fair": 16.8,
            "eps_avg_yearly": 0.48,
            "eps_latest_yearly": 0.48,
            "eps_growth_yearly": 36.36
        },
        "20192": {
            "year_quarter": 20192,
            "year": 2019,
            "quarter": 2,
            "eps": 0.02,
            "eps_growth_year": null,
            "eps_4q": -0.83,
            "eps_4q_growth_year": null,
            "roe": 0.23,
            "roe_4q": -6.8100000000000005,
            "gross_profit": 10891,
            "gross_margin": 4.32,
            "gross_margin_4q_avg": 6.73,
            "net_income": 3804,
            "net_income_4q": null,
            "revenue": 252230,
            "revenue_4q": null,
            "common_shares": 1572572,
            "book_valuer_per_share": 10.52,
            "book_valuer_per_share_4q_avg": 11.35,
            "equity": 1654462,
            "current_ratio": 203.84,
            "debt_ratio": 47.47,
            "inventory_turnover_ratio": 1.49,
            "account_receivable_turnover_ratio": 0.75,
            "reinvestment_rate": null,
            "research_to_sale_ratio": 4.54,
            "price_fair": 16.8,
            "eps_avg_yearly": 0.48,
            "eps_latest_yearly": 0.48,
            "eps_growth_yearly": 36.36
        },
        "20193": {
            "year_quarter": 20193,
            "year": 2019,
            "quarter": 3,
            "eps": -0.37,
            "eps_growth_year": null,
            "eps_4q": -0.79,
            "eps_4q_growth_year": null,
            "roe": -3.67,
            "roe_4q": -7.2,
            "gross_profit": -3308,
            "gross_margin": -1.45,
            "gross_margin_4q_avg": 3.5,
            "net_income": -58588,
            "net_income_4q": null,
            "revenue": 227789,
            "revenue_4q": null,
            "common_shares": 1572572,
            "book_valuer_per_share": 9.78,
            "book_valuer_per_share_4q_avg": 10.44,
            "equity": 1537268,
            "current_ratio": 200.67,
            "debt_ratio": 47.68,
            "inventory_turnover_ratio": 1.57,
            "account_receivable_turnover_ratio": 0.75,
            "reinvestment_rate": null,
            "research_to_sale_ratio": 8.02,
            "price_fair": 16.8,
            "eps_avg_yearly": 0.48,
            "eps_latest_yearly": 0.48,
            "eps_growth_yearly": 36.36
        },
        "20194": {
            "year_quarter": 20194,
            "year": 2019,
            "quarter": 4,
            "eps": -0.49,
            "eps_growth_year": null,
            "eps_4q": -0.9,
            "eps_4q_growth_year": null,
            "roe": -5.09,
            "roe_4q": -9.17,
            "gross_profit": -11038,
            "gross_margin": -5.38,
            "gross_margin_4q_avg": 1.2,
            "net_income": -76324,
            "net_income_4q": null,
            "revenue": 204985,
            "revenue_4q": null,
            "common_shares": 1572572,
            "book_valuer_per_share": 9.29,
            "book_valuer_per_share_4q_avg": 10.09,
            "equity": 1461682,
            "current_ratio": 671.33,
            "debt_ratio": 49.12,
            "inventory_turnover_ratio": 1.61,
            "account_receivable_turnover_ratio": 0.82,
            "reinvestment_rate": null,
            "research_to_sale_ratio": 6.07,
            "price_fair": 16.8,
            "eps_avg_yearly": 0.48,
            "eps_latest_yearly": 0.48,
            "eps_growth_yearly": 36.36
        },
        "20201": {
            "year_quarter": 20201,
            "year": 2020,
            "quarter": 1,
            "eps": -0.42,
            "eps_growth_year": null,
            "eps_4q": -1.26,
            "eps_4q_growth_year": null,
            "roe": -4.7,
            "roe_4q": -13.229999999999999,
            "gross_profit": -4341,
            "gross_margin": -2.52,
            "gross_margin_4q_avg": -1.26,
            "net_income": -66574,
            "net_income_4q": null,
            "revenue": 172289,
            "revenue_4q": null,
            "common_shares": 1572572,
            "book_valuer_per_share": 8.73,
            "book_valuer_per_share_4q_avg": 9.58,
            "equity": 1373555,
            "current_ratio": 739.21,
            "debt_ratio": 49.6,
            "inventory_turnover_ratio": 1.37,
            "account_receivable_turnover_ratio": 0.86,
            "reinvestment_rate": null,
            "research_to_sale_ratio": 5.29,
            "price_fair": 16.8,
            "eps_avg_yearly": 0.48,
            "eps_latest_yearly": 0.48,
            "eps_growth_yearly": 36.36
        },
        "20202": {
            "year_quarter": 20202,
            "year": 2020,
            "quarter": 2,
            "eps": 0.03,
            "eps_growth_year": 50,
            "eps_4q": -1.25,
            "eps_4q_growth_year": null,
            "roe": 0.38,
            "roe_4q": -13.08,
            "gross_profit": 1351,
            "gross_margin": 0.7,
            "gross_margin_4q_avg": -2.16,
            "net_income": 5267,
            "net_income_4q": null,
            "revenue": 192543,
            "revenue_4q": null,
            "common_shares": 1572572,
            "book_valuer_per_share": 8.68,
            "book_valuer_per_share_4q_avg": 9.12,
            "equity": 1365353,
            "current_ratio": 743.68,
            "debt_ratio": 49.54,
            "inventory_turnover_ratio": 1.53,
            "account_receivable_turnover_ratio": 1.01,
            "reinvestment_rate": null,
            "research_to_sale_ratio": 5.17,
            "price_fair": 16.8,
            "eps_avg_yearly": 0.48,
            "eps_latest_yearly": 0.48,
            "eps_growth_yearly": 36.36
        },
        "20203": {
            "year_quarter": 20203,
            "year": 2020,
            "quarter": 3,
            "eps": -0.21,
            "eps_growth_year": null,
            "eps_4q": -1.09,
            "eps_4q_growth_year": null,
            "roe": -2.46,
            "roe_4q": -11.870000000000001,
            "gross_profit": -405,
            "gross_margin": -0.2,
            "gross_margin_4q_avg": -1.85,
            "net_income": -33191,
            "net_income_4q": null,
            "revenue": 207433,
            "revenue_4q": null,
            "common_shares": 1572572,
            "book_valuer_per_share": 8.5,
            "book_valuer_per_share_4q_avg": 8.8,
            "equity": 1337450,
            "current_ratio": 708.71,
            "debt_ratio": 50.08,
            "inventory_turnover_ratio": 1.72,
            "account_receivable_turnover_ratio": 0.99,
            "reinvestment_rate": null,
            "research_to_sale_ratio": 6.83,
            "price_fair": 16.8,
            "eps_avg_yearly": 0.48,
            "eps_latest_yearly": 0.48,
            "eps_growth_yearly": 36.36
        },
        "20204": {
            "year_quarter": 20204,
            "year": 2020,
            "quarter": 4,
            "eps": 0.13,
            "eps_growth_year": null,
            "eps_4q": -0.47,
            "eps_4q_growth_year": null,
            "roe": 1.45,
            "roe_4q": -5.33,
            "gross_profit": -225,
            "gross_margin": -0.09,
            "gross_margin_4q_avg": -0.53,
            "net_income": 20142,
            "net_income_4q": null,
            "revenue": 238673,
            "revenue_4q": null,
            "common_shares": 1572572,
            "book_valuer_per_share": 9.11,
            "book_valuer_per_share_4q_avg": 8.76,
            "equity": 1432428,
            "current_ratio": 604.3,
            "debt_ratio": 49.17,
            "inventory_turnover_ratio": 1.8,
            "account_receivable_turnover_ratio": 1.02,
            "reinvestment_rate": null,
            "research_to_sale_ratio": 2.34,
            "price_fair": 16.8,
            "eps_avg_yearly": 0.48,
            "eps_latest_yearly": 0.48,
            "eps_growth_yearly": 36.36
        },
        "20211": {
            "year_quarter": 20211,
            "year": 2021,
            "quarter": 1,
            "eps": 0.07,
            "eps_growth_year": null,
            "eps_4q": 0.02,
            "eps_4q_growth_year": null,
            "roe": 0.76,
            "roe_4q": 0.13,
            "gross_profit": 22408,
            "gross_margin": 9.61,
            "gross_margin_4q_avg": 2.51,
            "net_income": 10904,
            "net_income_4q": null,
            "revenue": 233122,
            "revenue_4q": null,
            "common_shares": 1572572,
            "book_valuer_per_share": 9.13,
            "book_valuer_per_share_4q_avg": 8.86,
            "equity": 1435605,
            "current_ratio": 647.88,
            "debt_ratio": 48.12,
            "inventory_turnover_ratio": 1.49,
            "account_receivable_turnover_ratio": 0.99,
            "reinvestment_rate": null,
            "research_to_sale_ratio": 2.29,
            "price_fair": 1.14,
            "eps_avg_yearly": 0.38,
            "eps_latest_yearly": 0.28,
            "eps_growth_yearly": -74.13
        },
        "20212": {
            "year_quarter": 20212,
            "year": 2021,
            "quarter": 2,
            "eps": 0.02,
            "eps_growth_year": -33.33,
            "eps_4q": 0,
            "eps_4q_growth_year": null,
            "roe": 0.19,
            "roe_4q": -0.06000000000000005,
            "gross_profit": 19960,
            "gross_margin": 8.32,
            "gross_margin_4q_avg": 4.41,
            "net_income": 2710,
            "net_income_4q": null,
            "revenue": 239800,
            "revenue_4q": null,
            "common_shares": 1572572,
            "book_valuer_per_share": 9.01,
            "book_valuer_per_share_4q_avg": 8.94,
            "equity": 1416721,
            "current_ratio": 698.68,
            "debt_ratio": 48.65,
            "inventory_turnover_ratio": 1.51,
            "account_receivable_turnover_ratio": 1.01,
            "reinvestment_rate": null,
            "research_to_sale_ratio": 1.91,
            "price_fair": 0.84,
            "eps_avg_yearly": 0.28,
            "eps_latest_yearly": 0.08,
            "eps_growth_yearly": -144.66
        },
        "20213": {
            "year_quarter": 20213,
            "year": 2021,
            "quarter": 3,
            "eps": 0.11,
            "eps_growth_year": null,
            "eps_4q": 0.32,
            "eps_4q_growth_year": null,
            "roe": 1.17,
            "roe_4q": 3.5700000000000003,
            "gross_profit": 29260,
            "gross_margin": 12.15,
            "gross_margin_4q_avg": 7.5,
            "net_income": 16805,
            "net_income_4q": null,
            "revenue": 240754,
            "revenue_4q": null,
            "common_shares": 1572572,
            "book_valuer_per_share": 9.34,
            "book_valuer_per_share_4q_avg": 9.15,
            "equity": 1468058,
            "current_ratio": 580.55,
            "debt_ratio": 48.17,
            "inventory_turnover_ratio": 1.27,
            "account_receivable_turnover_ratio": 0.92,
            "reinvestment_rate": null,
            "research_to_sale_ratio": 2,
            "price_fair": 11.2,
            "eps_avg_yearly": 0.32,
            "eps_latest_yearly": 0.44,
            "eps_growth_yearly": 341.51
        },
        "20214": {
            "year_quarter": 20214,
            "year": 2021,
            "quarter": 4,
            "eps": 0.02,
            "eps_growth_year": -83.4,
            "eps_4q": 0.24,
            "eps_4q_growth_year": null,
            "roe": 0.2,
            "roe_4q": 2.32,
            "gross_profit": 24543,
            "gross_margin": 12.22,
            "gross_margin_4q_avg": 10.58,
            "net_income": 2977,
            "net_income_4q": null,
            "revenue": 200848,
            "revenue_4q": null,
            "common_shares": 1399830,
            "book_valuer_per_share": 10.65,
            "book_valuer_per_share_4q_avg": 9.53,
            "equity": 1490675,
            "current_ratio": 617.23,
            "debt_ratio": 47.27,
            "inventory_turnover_ratio": 0.96,
            "account_receivable_turnover_ratio": 0.77,
            "reinvestment_rate": null,
            "research_to_sale_ratio": 2.34,
            "price_fair": 7.7,
            "eps_avg_yearly": 0.22,
            "eps_latest_yearly": 0.08,
            "eps_growth_yearly": 250.6
        },
        "20221": {
            "year_quarter": 20221,
            "year": 2022,
            "quarter": 1,
            "eps": 0.14,
            "eps_growth_year": 100,
            "eps_4q": 0.3,
            "eps_4q_growth_year": 1395.64,
            "roe": 1.25,
            "roe_4q": 2.81,
            "gross_profit": 18403,
            "gross_margin": 8.54,
            "gross_margin_4q_avg": 10.31,
            "net_income": 19073,
            "net_income_4q": null,
            "revenue": 215517,
            "revenue_4q": null,
            "common_shares": 1399830,
            "book_valuer_per_share": 11.22,
            "book_valuer_per_share_4q_avg": 10.06,
            "equity": 1571191,
            "current_ratio": 698.15,
            "debt_ratio": 44.79,
            "inventory_turnover_ratio": 1.07,
            "account_receivable_turnover_ratio": 0.86,
            "reinvestment_rate": null,
            "research_to_sale_ratio": 2.15,
            "price_fair": 10.08,
            "eps_avg_yearly": 0.29,
            "eps_latest_yearly": 0.56,
            "eps_growth_yearly": 680.48
        },
        "20222": {
            "year_quarter": 20222,
            "year": 2022,
            "quarter": 2,
            "eps": 0.14,
            "eps_growth_year": 600,
            "eps_4q": 0.42,
            "eps_4q_growth_year": 11641.33,
            "roe": 1.3,
            "roe_4q": 3.92,
            "gross_profit": 14960,
            "gross_margin": 7.53,
            "gross_margin_4q_avg": 10.11,
            "net_income": 20199,
            "net_income_4q": null,
            "revenue": 198564,
            "revenue_4q": null,
            "common_shares": 1399830,
            "book_valuer_per_share": 10.97,
            "book_valuer_per_share_4q_avg": 10.55,
            "equity": 1535569,
            "current_ratio": 594.2,
            "debt_ratio": 45.95,
            "inventory_turnover_ratio": 1.06,
            "account_receivable_turnover_ratio": 0.73,
            "reinvestment_rate": null,
            "research_to_sale_ratio": 2.27,
            "price_fair": 11.67,
            "eps_avg_yearly": 0.33,
            "eps_latest_yearly": 0.56,
            "eps_growth_yearly": 567.07
        },
        "20223": {
            "year_quarter": 20223,
            "year": 2022,
            "quarter": 3,
            "eps": 0.59,
            "eps_growth_year": 436.36,
            "eps_4q": 0.89,
            "eps_4q_growth_year": 177.91,
            "roe": 5.26,
            "roe_4q": 8.01,
            "gross_profit": 27741,
            "gross_margin": 11.02,
            "gross_margin_4q_avg": 9.83,
            "net_income": 82828,
            "net_income_4q": null,
            "revenue": 251765,
            "revenue_4q": null,
            "common_shares": 1399830,
            "book_valuer_per_share": 11.52,
            "book_valuer_per_share_4q_avg": 11.09,
            "equity": 1612648,
            "current_ratio": 595.38,
            "debt_ratio": 44.23,
            "inventory_turnover_ratio": 1.37,
            "account_receivable_turnover_ratio": 0.8,
            "reinvestment_rate": null,
            "research_to_sale_ratio": 1.77,
            "price_fair": 21.8,
            "eps_avg_yearly": 0.62,
            "eps_latest_yearly": 2.36,
            "eps_growth_yearly": 669.73
        },
        "20224": {
            "year_quarter": 20224,
            "year": 2022,
            "quarter": 4,
            "eps": 0.36,
            "eps_growth_year": 1577.15,
            "eps_4q": 1.23,
            "eps_4q_growth_year": 415.12,
            "roe": 3.02,
            "roe_4q": 10.83,
            "gross_profit": 21023,
            "gross_margin": 9.22,
            "gross_margin_4q_avg": 9.08,
            "net_income": 49929,
            "net_income_4q": null,
            "revenue": 227961,
            "revenue_4q": null,
            "common_shares": 1399830,
            "book_valuer_per_share": 12.07,
            "book_valuer_per_share_4q_avg": 11.45,
            "equity": 1689419,
            "current_ratio": 471.81,
            "debt_ratio": 42.64,
            "inventory_turnover_ratio": 1.34,
            "account_receivable_turnover_ratio": 0.74,
            "reinvestment_rate": null,
            "research_to_sale_ratio": 1.91,
            "price_fair": 25.38,
            "eps_avg_yearly": 0.73,
            "eps_latest_yearly": 1.44,
            "eps_growth_yearly": 566.52
        },
        "20231": {
            "year_quarter": 20231,
            "year": 2023,
            "quarter": 1,
            "eps": -0.12,
            "eps_growth_year": -185.71,
            "eps_4q": 0.97,
            "eps_4q_growth_year": 227.59,
            "roe": -1.01,
            "roe_4q": 8.57,
            "gross_profit": -2187,
            "gross_margin": -1.04,
            "gross_margin_4q_avg": 6.68,
            "net_income": -16794,
            "net_income_4q": null,
            "revenue": 209789,
            "revenue_4q": null,
            "common_shares": 1399830,
            "book_valuer_per_share": 11.78,
            "book_valuer_per_share_4q_avg": 11.59,
            "equity": 1649304,
            "current_ratio": 628.18,
            "debt_ratio": 40.98,
            "inventory_turnover_ratio": 1.6,
            "account_receivable_turnover_ratio": 0.77,
            "reinvestment_rate": null,
            "research_to_sale_ratio": 2.14,
            "price_fair": 25.38,
            "eps_avg_yearly": 0.73,
            "eps_latest_yearly": 1.44,
            "eps_growth_yearly": 566.52
        },
        "20232": {
            "year_quarter": 20232,
            "year": 2023,
            "quarter": 2,
            "eps": -0.03,
            "eps_growth_year": -121.43,
            "eps_4q": 0.8,
            "eps_4q_growth_year": 89.6,
            "roe": -0.22,
            "roe_4q": 7.05,
            "gross_profit": 588,
            "gross_margin": 0.3,
            "gross_margin_4q_avg": 4.88,
            "net_income": -3999,
            "net_income_4q": null,
            "revenue": 193699,
            "revenue_4q": null,
            "common_shares": 1399830,
            "book_valuer_per_share": 14.48,
            "book_valuer_per_share_4q_avg": 12.46,
            "equity": 2026479,
            "current_ratio": 510.6,
            "debt_ratio": 36.75,
            "inventory_turnover_ratio": 1.74,
            "account_receivable_turnover_ratio": 0.71,
            "reinvestment_rate": null,
            "research_to_sale_ratio": 2.02,
            "price_fair": 25.38,
            "eps_avg_yearly": 0.73,
            "eps_latest_yearly": 1.44,
            "eps_growth_yearly": 566.52
        },
        "20233": {
            "year_quarter": 20233,
            "year": 2023,
            "quarter": 3,
            "eps": -0.07,
            "eps_growth_year": -111.86,
            "eps_4q": 0.13,
            "eps_4q_growth_year": -85.09,
            "roe": -0.54,
            "roe_4q": 1.25,
            "gross_profit": 728,
            "gross_margin": 0.42,
            "gross_margin_4q_avg": 2.23,
            "net_income": -10491,
            "net_income_4q": null,
            "revenue": 171966,
            "revenue_4q": null,
            "common_shares": 1399830,
            "book_valuer_per_share": 13.27,
            "book_valuer_per_share_4q_avg": 12.9,
            "equity": 1857419,
            "current_ratio": 526.43,
            "debt_ratio": 38.67,
            "inventory_turnover_ratio": 1.68,
            "account_receivable_turnover_ratio": 0.6,
            "reinvestment_rate": 566.54,
            "research_to_sale_ratio": 2.12,
            "price_fair": 25.38,
            "eps_avg_yearly": 0.73,
            "eps_latest_yearly": 1.44,
            "eps_growth_yearly": 566.52
        }
    },
    "months": {
        "2003-10": {
            "month": "2003-10",
            "price": "18.00",
            "revenue": 325425
        },
        "2003-12": {
            "month": "2003-12",
            "price": "16.95",
            "revenue": 371452
        },
        "2004-01": {
            "month": "2004-01",
            "price": "18.74",
            "revenue": 291920
        },
        "2004-02": {
            "month": "2004-02",
            "price": "21.39",
            "revenue": 363925
        },
        "2004-03": {
            "month": "2004-03",
            "price": "24.73",
            "revenue": 370461
        },
        "2004-04": {
            "month": "2004-04",
            "price": "29.38",
            "revenue": 419487
        },
        "2004-05": {
            "month": "2004-05",
            "price": "25.57",
            "revenue": 436771
        },
        "2004-06": {
            "month": "2004-06",
            "price": "23.22",
            "revenue": 427502
        },
        "2004-07": {
            "month": "2004-07",
            "price": "19.42",
            "revenue": 441232
        },
        "2004-08": {
            "month": "2004-08",
            "price": "18.26",
            "revenue": 370003
        },
        "2004-09": {
            "month": "2004-09",
            "price": "21.52",
            "revenue": 330968
        },
        "2004-10": {
            "month": "2004-10",
            "price": "19.38",
            "revenue": 334165
        },
        "2004-11": {
            "month": "2004-11",
            "price": "18.14",
            "revenue": 324003
        },
        "2004-12": {
            "month": "2004-12",
            "price": "17.94",
            "revenue": 331701
        },
        "2005-01": {
            "month": "2005-01",
            "price": "16.55",
            "revenue": 337771
        },
        "2005-02": {
            "month": "2005-02",
            "price": "17.11",
            "revenue": 215078
        },
        "2005-03": {
            "month": "2005-03",
            "price": "18.07",
            "revenue": 339488
        },
        "2005-04": {
            "month": "2005-04",
            "price": "22.64",
            "revenue": 277972
        },
        "2005-05": {
            "month": "2005-05",
            "price": "22.08",
            "revenue": 317503
        },
        "2005-06": {
            "month": "2005-06",
            "price": "22.87",
            "revenue": 397092
        },
        "2005-07": {
            "month": "2005-07",
            "price": "23.35",
            "revenue": 394397
        },
        "2005-08": {
            "month": "2005-08",
            "price": "20.82",
            "revenue": 683395
        },
        "2005-09": {
            "month": "2005-09",
            "price": "20.45",
            "revenue": 675166
        },
        "2005-10": {
            "month": "2005-10",
            "price": "17.55",
            "revenue": 719652
        },
        "2005-11": {
            "month": "2005-11",
            "price": "18.10",
            "revenue": 761141
        },
        "2005-12": {
            "month": "2005-12",
            "price": "19.95",
            "revenue": 723677
        },
        "2006-01": {
            "month": "2006-01",
            "price": "20.19",
            "revenue": 789770
        },
        "2006-02": {
            "month": "2006-02",
            "price": "19.65",
            "revenue": 812401
        },
        "2006-03": {
            "month": "2006-03",
            "price": "19.93",
            "revenue": 887263
        },
        "2006-04": {
            "month": "2006-04",
            "price": "20.71",
            "revenue": 972298
        },
        "2006-05": {
            "month": "2006-05",
            "price": "22.64",
            "revenue": 892067
        },
        "2006-06": {
            "month": "2006-06",
            "price": "20.09",
            "revenue": 932123
        },
        "2006-07": {
            "month": "2006-07",
            "price": "19.60",
            "revenue": 1013655
        },
        "2006-08": {
            "month": "2006-08",
            "price": "18.33",
            "revenue": 1044403
        },
        "2006-09": {
            "month": "2006-09",
            "price": "17.85",
            "revenue": 1048604
        },
        "2006-10": {
            "month": "2006-10",
            "price": "18.10",
            "revenue": 1019654
        },
        "2006-11": {
            "month": "2006-11",
            "price": "18.50",
            "revenue": 932224
        },
        "2006-12": {
            "month": "2006-12",
            "price": "19.53",
            "revenue": 685471
        },
        "2007-01": {
            "month": "2007-01",
            "price": "19.38",
            "revenue": 743114
        },
        "2007-02": {
            "month": "2007-02",
            "price": "20.24",
            "revenue": 599533
        },
        "2007-03": {
            "month": "2007-03",
            "price": "19.91",
            "revenue": 761201
        },
        "2007-04": {
            "month": "2007-04",
            "price": "23.32",
            "revenue": 479067
        },
        "2007-05": {
            "month": "2007-05",
            "price": "24.59",
            "revenue": 827786
        },
        "2007-06": {
            "month": "2007-06",
            "price": "37.85",
            "revenue": 817048
        },
        "2007-07": {
            "month": "2007-07",
            "price": "44.99",
            "revenue": 845516
        },
        "2007-08": {
            "month": "2007-08",
            "price": "34.94",
            "revenue": 816266
        },
        "2007-09": {
            "month": "2007-09",
            "price": "34.17",
            "revenue": 849048
        },
        "2007-10": {
            "month": "2007-10",
            "price": "36.94",
            "revenue": 862233
        },
        "2007-11": {
            "month": "2007-11",
            "price": "30.00",
            "revenue": 959035
        },
        "2007-12": {
            "month": "2007-12",
            "price": "24.51",
            "revenue": 1037000
        },
        "2008-01": {
            "month": "2008-01",
            "price": "17.43",
            "revenue": 1241945
        },
        "2008-02": {
            "month": "2008-02",
            "price": "16.01",
            "revenue": 1214127
        },
        "2008-03": {
            "month": "2008-03",
            "price": "19.13",
            "revenue": 1404978
        },
        "2008-04": {
            "month": "2008-04",
            "price": "21.23",
            "revenue": 1452617
        },
        "2008-05": {
            "month": "2008-05",
            "price": "20.03",
            "revenue": 1416684
        },
        "2008-06": {
            "month": "2008-06",
            "price": "16.99",
            "revenue": 1711646
        },
        "2008-07": {
            "month": "2008-07",
            "price": "13.67",
            "revenue": 1195220
        },
        "2008-08": {
            "month": "2008-08",
            "price": "12.76",
            "revenue": 1252203
        },
        "2008-09": {
            "month": "2008-09",
            "price": "10.02",
            "revenue": 1330439
        },
        "2008-10": {
            "month": "2008-10",
            "price": "7.99",
            "revenue": 1265130
        },
        "2008-11": {
            "month": "2008-11",
            "price": "5.86",
            "revenue": 584838
        },
        "2008-12": {
            "month": "2008-12",
            "price": "5.69",
            "revenue": 656423
        },
        "2009-01": {
            "month": "2009-01",
            "price": "5.97",
            "revenue": 462327
        },
        "2009-02": {
            "month": "2009-02",
            "price": "6.74",
            "revenue": 491057
        },
        "2009-03": {
            "month": "2009-03",
            "price": "8.80",
            "revenue": 484222
        },
        "2009-04": {
            "month": "2009-04",
            "price": "10.21",
            "revenue": 471392
        },
        "2009-05": {
            "month": "2009-05",
            "price": "10.36",
            "revenue": 452122
        },
        "2009-06": {
            "month": "2009-06",
            "price": "10.40",
            "revenue": 553810
        },
        "2009-07": {
            "month": "2009-07",
            "price": "10.61",
            "revenue": 575650
        },
        "2009-08": {
            "month": "2009-08",
            "price": "11.99",
            "revenue": 554723
        },
        "2009-09": {
            "month": "2009-09",
            "price": "11.19",
            "revenue": 588404
        },
        "2009-10": {
            "month": "2009-10",
            "price": "11.65",
            "revenue": 706851
        },
        "2009-11": {
            "month": "2009-11",
            "price": "10.71",
            "revenue": 572257
        },
        "2009-12": {
            "month": "2009-12",
            "price": "12.53",
            "revenue": 488495
        },
        "2010-01": {
            "month": "2010-01",
            "price": "12.56",
            "revenue": 505259
        },
        "2010-02": {
            "month": "2010-02",
            "price": "10.68",
            "revenue": 469400
        },
        "2010-03": {
            "month": "2010-03",
            "price": "11.10",
            "revenue": 758085
        },
        "2010-04": {
            "month": "2010-04",
            "price": "11.66",
            "revenue": 579879
        },
        "2010-05": {
            "month": "2010-05",
            "price": "9.91",
            "revenue": 719687
        },
        "2010-06": {
            "month": "2010-06",
            "price": "9.74",
            "revenue": 644537
        },
        "2010-07": {
            "month": "2010-07",
            "price": "10.16",
            "revenue": 605863
        },
        "2010-08": {
            "month": "2010-08",
            "price": "10.08",
            "revenue": 698904
        },
        "2010-09": {
            "month": "2010-09",
            "price": "9.44",
            "revenue": 709674
        },
        "2010-10": {
            "month": "2010-10",
            "price": "9.37",
            "revenue": 574121
        },
        "2010-11": {
            "month": "2010-11",
            "price": "8.68",
            "revenue": 480416
        },
        "2010-12": {
            "month": "2010-12",
            "price": "9.50",
            "revenue": 490846
        },
        "2011-01": {
            "month": "2011-01",
            "price": "11.26",
            "revenue": 562954
        },
        "2011-02": {
            "month": "2011-02",
            "price": "10.38",
            "revenue": 424680
        },
        "2011-03": {
            "month": "2011-03",
            "price": "10.08",
            "revenue": 608293
        },
        "2011-04": {
            "month": "2011-04",
            "price": "9.99",
            "revenue": 519139
        },
        "2011-05": {
            "month": "2011-05",
            "price": "8.91",
            "revenue": 407153
        },
        "2011-06": {
            "month": "2011-06",
            "price": "8.29",
            "revenue": 436676
        },
        "2011-07": {
            "month": "2011-07",
            "price": "7.41",
            "revenue": 393784
        },
        "2011-08": {
            "month": "2011-08",
            "price": "5.96",
            "revenue": 368832
        },
        "2011-09": {
            "month": "2011-09",
            "price": "5.10",
            "revenue": 383021
        },
        "2011-10": {
            "month": "2011-10",
            "price": "4.60",
            "revenue": 352497
        },
        "2011-11": {
            "month": "2011-11",
            "price": "4.04",
            "revenue": 313687
        },
        "2011-12": {
            "month": "2011-12",
            "price": "3.58",
            "revenue": 261316
        },
        "2012-01": {
            "month": "2012-01",
            "price": "3.79",
            "revenue": 278008
        },
        "2012-02": {
            "month": "2012-02",
            "price": "5.29",
            "revenue": 428376
        },
        "2012-03": {
            "month": "2012-03",
            "price": "5.14",
            "revenue": 440618
        },
        "2012-04": {
            "month": "2012-04",
            "price": "4.51",
            "revenue": 332746
        },
        "2012-05": {
            "month": "2012-05",
            "price": "4.52",
            "revenue": 348620
        },
        "2012-06": {
            "month": "2012-06",
            "price": "3.98",
            "revenue": 334333
        },
        "2012-07": {
            "month": "2012-07",
            "price": "4.41",
            "revenue": 319817
        },
        "2012-08": {
            "month": "2012-08",
            "price": "4.40",
            "revenue": 363299
        },
        "2012-09": {
            "month": "2012-09",
            "price": "4.45",
            "revenue": 327110
        },
        "2012-10": {
            "month": "2012-10",
            "price": "4.02",
            "revenue": 303773
        },
        "2012-11": {
            "month": "2012-11",
            "price": "3.70",
            "revenue": 368459
        },
        "2012-12": {
            "month": "2012-12",
            "price": "4.06",
            "revenue": 428732
        },
        "2013-01": {
            "month": "2013-01",
            "price": "5.01",
            "revenue": 438970
        },
        "2013-02": {
            "month": "2013-02",
            "price": "5.44",
            "revenue": 367170
        },
        "2013-03": {
            "month": "2013-03",
            "price": "5.32",
            "revenue": 359797
        },
        "2013-04": {
            "month": "2013-04",
            "price": "4.78",
            "revenue": 442386
        },
        "2013-05": {
            "month": "2013-05",
            "price": "4.95",
            "revenue": 466690
        },
        "2013-06": {
            "month": "2013-06",
            "price": "4.88",
            "revenue": 421910
        },
        "2013-07": {
            "month": "2013-07",
            "price": "4.55",
            "revenue": 404414
        },
        "2013-08": {
            "month": "2013-08",
            "price": "4.16",
            "revenue": 388447
        },
        "2013-09": {
            "month": "2013-09",
            "price": "4.04",
            "revenue": 372284
        },
        "2013-10": {
            "month": "2013-10",
            "price": "4.02",
            "revenue": 320809
        },
        "2013-11": {
            "month": "2013-11",
            "price": "3.99",
            "revenue": 306641
        },
        "2013-12": {
            "month": "2013-12",
            "price": "4.13",
            "revenue": 359880
        },
        "2014-01": {
            "month": "2014-01",
            "price": "4.59",
            "revenue": 181864
        },
        "2014-02": {
            "month": "2014-02",
            "price": "4.54",
            "revenue": 130654
        },
        "2014-03": {
            "month": "2014-03",
            "price": "4.88",
            "revenue": 164751
        },
        "2014-04": {
            "month": "2014-04",
            "price": "4.48",
            "revenue": 187045
        },
        "2014-05": {
            "month": "2014-05",
            "price": "4.44",
            "revenue": 217925
        },
        "2014-06": {
            "month": "2014-06",
            "price": "4.89",
            "revenue": 226389
        },
        "2014-07": {
            "month": "2014-07",
            "price": "5.89",
            "revenue": 201877
        },
        "2014-08": {
            "month": "2014-08",
            "price": "5.99",
            "revenue": 227990
        },
        "2014-09": {
            "month": "2014-09",
            "price": "6.52",
            "revenue": 155186
        },
        "2014-10": {
            "month": "2014-10",
            "price": "7.04",
            "revenue": 163161
        },
        "2014-11": {
            "month": "2014-11",
            "price": "7.55",
            "revenue": 150753
        },
        "2014-12": {
            "month": "2014-12",
            "price": "10.01",
            "revenue": 170430
        },
        "2015-01": {
            "month": "2015-01",
            "price": "9.96",
            "revenue": 173621
        },
        "2015-02": {
            "month": "2015-02",
            "price": "10.22",
            "revenue": 129099
        },
        "2015-03": {
            "month": "2015-03",
            "price": "10.46",
            "revenue": 152333
        },
        "2015-04": {
            "month": "2015-04",
            "price": "10.30",
            "revenue": 165129
        },
        "2015-05": {
            "month": "2015-05",
            "price": "10.03",
            "revenue": 147796
        },
        "2015-06": {
            "month": "2015-06",
            "price": "9.90",
            "revenue": 148806
        },
        "2015-07": {
            "month": "2015-07",
            "price": "8.25",
            "revenue": 133720
        },
        "2015-08": {
            "month": "2015-08",
            "price": "4.42",
            "revenue": 152115
        },
        "2015-09": {
            "month": "2015-09",
            "price": "4.26",
            "revenue": 184793
        },
        "2015-10": {
            "month": "2015-10",
            "price": "4.78",
            "revenue": 143125
        },
        "2015-11": {
            "month": "2015-11",
            "price": "4.42",
            "revenue": 149505
        },
        "2015-12": {
            "month": "2015-12",
            "price": "3.97",
            "revenue": 145986
        },
        "2016-01": {
            "month": "2016-01",
            "price": "3.78",
            "revenue": 131435
        },
        "2016-02": {
            "month": "2016-02",
            "price": "3.68",
            "revenue": 72081
        },
        "2016-03": {
            "month": "2016-03",
            "price": "3.96",
            "revenue": 134290
        },
        "2016-04": {
            "month": "2016-04",
            "price": "3.69",
            "revenue": 131893
        },
        "2016-05": {
            "month": "2016-05",
            "price": "3.30",
            "revenue": 154126
        },
        "2016-06": {
            "month": "2016-06",
            "price": "3.26",
            "revenue": 116444
        },
        "2016-07": {
            "month": "2016-07",
            "price": "3.82",
            "revenue": 132821
        },
        "2016-08": {
            "month": "2016-08",
            "price": "3.71",
            "revenue": 145333
        },
        "2016-09": {
            "month": "2016-09",
            "price": "4.27",
            "revenue": 101975
        },
        "2016-10": {
            "month": "2016-10",
            "price": "4.49",
            "revenue": 105207
        },
        "2016-11": {
            "month": "2016-11",
            "price": "4.38",
            "revenue": 103043
        },
        "2016-12": {
            "month": "2016-12",
            "price": "4.39",
            "revenue": 103099
        },
        "2017-01": {
            "month": "2017-01",
            "price": "5.62",
            "revenue": 91797
        },
        "2017-02": {
            "month": "2017-02",
            "price": "6.60",
            "revenue": 75394
        },
        "2017-03": {
            "month": "2017-03",
            "price": "7.03",
            "revenue": 124046
        },
        "2017-04": {
            "month": "2017-04",
            "price": "7.54",
            "revenue": 99203
        },
        "2017-05": {
            "month": "2017-05",
            "price": "6.83",
            "revenue": 139858
        },
        "2017-06": {
            "month": "2017-06",
            "price": "6.72",
            "revenue": 132163
        },
        "2017-07": {
            "month": "2017-07",
            "price": "6.12",
            "revenue": 117423
        },
        "2017-08": {
            "month": "2017-08",
            "price": "6.01",
            "revenue": 114325
        },
        "2017-09": {
            "month": "2017-09",
            "price": "6.11",
            "revenue": 107879
        },
        "2017-10": {
            "month": "2017-10",
            "price": "5.91",
            "revenue": 110930
        },
        "2017-11": {
            "month": "2017-11",
            "price": "5.51",
            "revenue": 107344
        },
        "2017-12": {
            "month": "2017-12",
            "price": "5.39",
            "revenue": 133177
        },
        "2018-01": {
            "month": "2018-01",
            "price": "5.94",
            "revenue": 130372
        },
        "2018-02": {
            "month": "2018-02",
            "price": "5.66",
            "revenue": 70924
        },
        "2018-03": {
            "month": "2018-03",
            "price": "6.05",
            "revenue": 111132
        },
        "2018-04": {
            "month": "2018-04",
            "price": "6.31",
            "revenue": 112933
        },
        "2018-05": {
            "month": "2018-05",
            "price": "6.10",
            "revenue": 122025
        },
        "2018-06": {
            "month": "2018-06",
            "price": "6.67",
            "revenue": 129391
        },
        "2018-07": {
            "month": "2018-07",
            "price": "6.69",
            "revenue": 148263
        },
        "2018-08": {
            "month": "2018-08",
            "price": "6.09",
            "revenue": 129022
        },
        "2018-09": {
            "month": "2018-09",
            "price": "5.71",
            "revenue": 133655
        },
        "2018-10": {
            "month": "2018-10",
            "price": "5.29",
            "revenue": 120479
        },
        "2018-11": {
            "month": "2018-11",
            "price": "5.27",
            "revenue": 108300
        },
        "2018-12": {
            "month": "2018-12",
            "price": "4.52",
            "revenue": 114590
        },
        "2019-01": {
            "month": "2019-01",
            "price": "4.70",
            "revenue": 115342
        },
        "2019-02": {
            "month": "2019-02",
            "price": "5.38",
            "revenue": 75017
        },
        "2019-03": {
            "month": "2019-03",
            "price": "5.28",
            "revenue": 111363
        },
        "2019-04": {
            "month": "2019-04",
            "price": "4.94",
            "revenue": 104099
        },
        "2019-05": {
            "month": "2019-05",
            "price": "4.64",
            "revenue": 79582
        },
        "2019-06": {
            "month": "2019-06",
            "price": "4.54",
            "revenue": 71268
        },
        "2019-07": {
            "month": "2019-07",
            "price": "4.58",
            "revenue": 83879
        },
        "2019-08": {
            "month": "2019-08",
            "price": "4.51",
            "revenue": 79114
        },
        "2019-09": {
            "month": "2019-09",
            "price": "4.57",
            "revenue": 76149
        },
        "2019-10": {
            "month": "2019-10",
            "price": "4.39",
            "revenue": 71935
        },
        "2019-11": {
            "month": "2019-11",
            "price": "4.05",
            "revenue": 70266
        },
        "2019-12": {
            "month": "2019-12",
            "price": "4.31",
            "revenue": 62784
        },
        "2020-01": {
            "month": "2020-01",
            "price": "4.38",
            "revenue": 63680
        },
        "2020-02": {
            "month": "2020-02",
            "price": "4.13",
            "revenue": 48725
        },
        "2020-03": {
            "month": "2020-03",
            "price": "3.52",
            "revenue": 59680
        },
        "2020-04": {
            "month": "2020-04",
            "price": "3.39",
            "revenue": 69801
        },
        "2020-05": {
            "month": "2020-05",
            "price": "3.70",
            "revenue": 63361
        },
        "2020-06": {
            "month": "2020-06",
            "price": "4.22",
            "revenue": 59381
        },
        "2020-07": {
            "month": "2020-07",
            "price": "4.18",
            "revenue": 70392
        },
        "2020-08": {
            "month": "2020-08",
            "price": "4.25",
            "revenue": 66839
        },
        "2020-09": {
            "month": "2020-09",
            "price": "5.12",
            "revenue": 71851
        },
        "2020-10": {
            "month": "2020-10",
            "price": "5.91",
            "revenue": 71147
        },
        "2020-11": {
            "month": "2020-11",
            "price": "6.70",
            "revenue": 86550
        },
        "2020-12": {
            "month": "2020-12",
            "price": "8.11",
            "revenue": 80976
        },
        "2021-01": {
            "month": "2021-01",
            "price": "8.39",
            "revenue": 92369
        },
        "2021-02": {
            "month": "2021-02",
            "price": "8.43",
            "revenue": 53393
        },
        "2021-03": {
            "month": "2021-03",
            "price": "12.75",
            "revenue": 87360
        },
        "2021-04": {
            "month": "2021-04",
            "price": "17.76",
            "revenue": 84794
        },
        "2021-05": {
            "month": "2021-05",
            "price": "12.91",
            "revenue": 76765
        },
        "2021-06": {
            "month": "2021-06",
            "price": "12.85",
            "revenue": 78241
        },
        "2021-07": {
            "month": "2021-07",
            "price": "13.72",
            "revenue": 75689
        },
        "2021-08": {
            "month": "2021-08",
            "price": "14.18",
            "revenue": 72929
        },
        "2021-09": {
            "month": "2021-09",
            "price": "17.69",
            "revenue": 92136
        },
        "2021-10": {
            "month": "2021-10",
            "price": "18.02",
            "revenue": 62443
        },
        "2021-11": {
            "month": "2021-11",
            "price": "17.09",
            "revenue": 68695
        },
        "2021-12": {
            "month": "2021-12",
            "price": "16.65",
            "revenue": 69710
        },
        "2022-01": {
            "month": "2022-01",
            "price": "18.81",
            "revenue": 82737
        },
        "2022-02": {
            "month": "2022-02",
            "price": "17.85",
            "revenue": 49500
        },
        "2022-03": {
            "month": "2022-03",
            "price": "17.71",
            "revenue": 83308
        },
        "2022-04": {
            "month": "2022-04",
            "price": "18.48",
            "revenue": 77289
        },
        "2022-05": {
            "month": "2022-05",
            "price": "17.98",
            "revenue": 110550
        },
        "2022-06": {
            "month": "2022-06",
            "price": "18.08",
            "revenue": 97727
        },
        "2022-07": {
            "month": "2022-07",
            "price": "19.15",
            "revenue": 83219
        },
        "2022-08": {
            "month": "2022-08",
            "price": "20.34",
            "revenue": 75571
        },
        "2022-09": {
            "month": "2022-09",
            "price": "21.73",
            "revenue": 71247
        },
        "2022-10": {
            "month": "2022-10",
            "price": "19.93",
            "revenue": 90874
        },
        "2022-11": {
            "month": "2022-11",
            "price": "19.40",
            "revenue": 76006
        },
        "2022-12": {
            "month": "2022-12",
            "price": "20.05",
            "revenue": 60398
        },
        "2023-01": {
            "month": "2023-01",
            "price": "20.68",
            "revenue": 55448
        },
        "2023-02": {
            "month": "2023-02",
            "price": "21.10",
            "revenue": 58408
        },
        "2023-03": {
            "month": "2023-03",
            "price": "20.48",
            "revenue": 96907
        },
        "2023-04": {
            "month": "2023-04",
            "price": "22.53",
            "revenue": 79218
        },
        "2023-05": {
            "month": "2023-05",
            "price": "36.05",
            "revenue": 55184
        },
        "2023-06": {
            "month": "2023-06",
            "price": "42.16",
            "revenue": 59291
        },
        "2023-07": {
            "month": "2023-07",
            "price": "44.37",
            "revenue": 53550
        },
        "2023-08": {
            "month": "2023-08",
            "price": "43.36",
            "revenue": 61725
        },
        "2023-09": {
            "month": "2023-09",
            "price": "37.36",
            "revenue": 56790
        },
        "2023-10": {
            "month": "2023-10",
            "price": "38.06",
            "revenue": 48989
        },
        "2023-11": {
            "month": "2023-11",
            "price": "39.65",
            "revenue": 51654
        },
        "2023-12": {
            "month": "2023-12",
            "price": "48.97",
            "revenue": 43720
        }
    }
}
