{
    "summary": {
        "stock_name": "宏捷科",
        "stock_id": "8086",
        "category": "半導體",
        "main_business": "無線通信機械器材製造<br>砷化鎵晶片<br>數位行動電話功率放大器模組",
        "website_url": "http://www.awsc.com.tw",
        "ceo": "黃國鈞",
        "pe_ratio": -69,
        "report_year_from": 2001,
        "report_year_to": 2023,
        "age": 22,
        "eps_negative_percentage": 18,
        "eps_growth_avg": {
            "last_all": -15.94,
            "last_2y": -11.97,
            "last_4y": 3.6,
            "last_8y": 1.28,
            "last_12y": -11.23,
            "last_16y": null,
            "last_20y": null,
            "at_2006_last_3y": null,
            "at_2007_last_3y": null,
            "at_2008_last_3y": null,
            "at_2009_last_3y": null,
            "at_2010_last_3y": null,
            "at_2011_last_3y": -8.88,
            "at_2012_last_3y": -29.39,
            "at_2013_last_3y": -36.27,
            "at_2014_last_3y": -81.69,
            "at_2015_last_3y": -30.3,
            "at_2016_last_3y": -21.53,
            "at_2017_last_3y": -2.58,
            "at_2018_last_3y": 6.45,
            "at_2019_last_3y": -13.46,
            "at_2020_last_3y": 15.29,
            "at_2021_last_3y": 29.16,
            "at_2022_last_3y": -3.88,
            "at_2023_last_3y": -3.88,
            "at_2006_last_all": null,
            "at_2007_last_all": null,
            "at_2008_last_all": null,
            "at_2009_last_all": -72.48,
            "at_2010_last_all": 13.76,
            "at_2011_last_all": -8.88,
            "at_2012_last_all": -29.39,
            "at_2013_last_all": -43.51,
            "at_2014_last_all": -43.51,
            "at_2015_last_all": -19.59,
            "at_2016_last_all": -26.02,
            "at_2017_last_all": -28.16,
            "at_2018_last_all": -21.31,
            "at_2019_last_all": -17.14,
            "at_2020_last_all": -11,
            "at_2021_last_all": -9.06,
            "at_2022_last_all": -15.94,
            "at_2023_last_all": -15.94
        },
        "latest_eps": -1.17,
        "latest_price": 81.3,
        "latest_roe": -3.03,
        "latest_gross_margin": -34.49,
        "latest_equity": 7203780,
        "latest_revenue": 341676,
        "latest_gross_profit": -117831,
        "latest_net_income": -195610,
        "latest_debt_ratio": 5.84,
        "latest_current_ratio": 790.32,
        "latest_account_receivable_turnover_ratio": 1.9,
        "latest_inventory_turnover_ratio": 1.34,
        "latest_reinvestment_rate": 245.94,
        "latest_research_to_sale_ratio": 14.33
    },
    "eps_dividends": {
        "2001": {
            "cash": 0,
            "stock": 0,
            "eps": 0
        },
        "2002": {
            "cash": 0,
            "stock": 0,
            "eps": 0
        },
        "2003": {
            "cash": 0,
            "stock": 0,
            "eps": 0
        },
        "2004": {
            "cash": 0,
            "stock": 0,
            "eps": 0
        },
        "2005": {
            "cash": 0,
            "stock": 0,
            "eps": 0
        },
        "2006": {
            "cash": 0,
            "stock": 0,
            "eps": 0
        },
        "2007": {
            "cash": 0,
            "stock": 0,
            "eps": -0.41
        },
        "2008": {
            "cash": 0,
            "stock": 0,
            "eps": 1.09
        },
        "2009": {
            "cash": 0,
            "stock": 0,
            "eps": 0.3
        },
        "2010": {
            "cash": 0,
            "stock": 0,
            "eps": 1.2
        },
        "2011": {
            "cash": 0,
            "stock": 0,
            "eps": 0.55
        },
        "2012": {
            "cash": 0,
            "stock": 0,
            "eps": 0.05
        },
        "2013": {
            "cash": 0,
            "stock": 0,
            "eps": -0.55
        },
        "2014": {
            "cash": 0,
            "stock": 0,
            "eps": 2.75
        },
        "2015": {
            "cash": 2,
            "stock": 0,
            "eps": 7.85
        },
        "2016": {
            "cash": 5,
            "stock": 0,
            "eps": 2.78
        },
        "2017": {
            "cash": 2,
            "stock": 0,
            "eps": 1.58
        },
        "2018": {
            "cash": 1,
            "stock": 0,
            "eps": 2.11
        },
        "2019": {
            "cash": 2,
            "stock": 0,
            "eps": 2.54
        },
        "2020": {
            "cash": 2,
            "stock": 0,
            "eps": 3.82
        },
        "2021": {
            "cash": 3,
            "stock": 0,
            "eps": 4.29
        },
        "2022": {
            "cash": 3,
            "stock": 0,
            "eps": 0.06
        },
        "2023": {
            "cash": 0,
            "stock": 0,
            "eps": -1
        }
    },
    "dividends": {
        "2009-03-26": {
            "cash": 0.44,
            "stock": 0
        },
        "2010-04-27": {
            "cash": 0.2,
            "stock": 0
        },
        "2011-03-17": {
            "cash": 0.4,
            "stock": 0.3
        },
        "2012-06-07": {
            "cash": 0,
            "stock": 0.48
        },
        "2015-09-10": {
            "cash": 2,
            "stock": 0
        },
        "2016-07-26": {
            "cash": 4.75,
            "stock": 0
        },
        "2017-07-28": {
            "cash": 2.4,
            "stock": 0
        },
        "2018-07-26": {
            "cash": 1.4,
            "stock": 0
        },
        "2019-07-25": {
            "cash": 1.5,
            "stock": 0
        },
        "2020-07-24": {
            "cash": 1.7,
            "stock": 0
        },
        "2021-08-13": {
            "cash": 2.8,
            "stock": 0
        },
        "2022-08-05": {
            "cash": 2.8,
            "stock": 0
        }
    },
    "prices": {
        "200101": "無",
        "200102": "無",
        "200103": "無",
        "200104": "無",
        "200105": "無",
        "200106": "無",
        "200107": "無",
        "200108": "無",
        "200109": "無",
        "200110": "無",
        "200111": "無",
        "200112": "無",
        "200201": "無",
        "200202": "無",
        "200203": "無",
        "200204": "無",
        "200205": "無",
        "200206": "無",
        "200207": "無",
        "200208": "無",
        "200209": "無",
        "200210": "無",
        "200211": "無",
        "200212": "無",
        "200301": "無",
        "200302": "無",
        "200303": "無",
        "200304": "無",
        "200305": "無",
        "200306": "無",
        "200307": "無",
        "200308": "無",
        "200309": "無",
        "200310": "8.58",
        "200311": "9.80",
        "200312": "9.02",
        "200401": "8.00",
        "200402": "8.91",
        "200403": "10.58",
        "200404": "12.95",
        "200405": "13.38",
        "200406": "11.96",
        "200407": "10.46",
        "200408": "11.56",
        "200409": "8.30",
        "200410": "9.11",
        "200411": "9.36",
        "200412": "7.43",
        "200501": "7.28",
        "200502": "7.17",
        "200503": "6.67",
        "200504": "6.97",
        "200505": "7.02",
        "200506": "7.18",
        "200507": "8.88",
        "200508": "11.91",
        "200509": "14.20",
        "200510": "14.83",
        "200511": "13.78",
        "200512": "17.66",
        "200601": "25.37",
        "200602": "27.52",
        "200603": "41.95",
        "200604": "44.78",
        "200605": "39.78",
        "200606": "35.82",
        "200607": "30.77",
        "200608": "31.47",
        "200609": "27.52",
        "200610": "20.75",
        "200611": "18.95",
        "200612": "21.41",
        "200701": "22.14",
        "200702": "21.96",
        "200703": "22.64",
        "200704": "22.22",
        "200705": "23.03",
        "200706": "26.77",
        "200707": "30.09",
        "200708": "27.84",
        "200709": "25.82",
        "200710": "24.92",
        "200711": "23.75",
        "200712": "22.36",
        "200801": "21.45",
        "200802": "20.27",
        "200803": "22.61",
        "200804": "22.33",
        "200805": "23.19",
        "200806": "22.60",
        "200807": "20.08",
        "200808": "20.91",
        "200809": "19.23",
        "200810": "14.68",
        "200811": "10.91",
        "200812": "8.10",
        "200901": "9.65",
        "200902": "10.48",
        "200903": "12.60",
        "200904": "16.29",
        "200905": "19.70",
        "200906": "17.04",
        "200907": "20.83",
        "200908": "24.48",
        "200909": "32.68",
        "200910": "35.07",
        "200911": "33.74",
        "200912": "42.17",
        "201001": "44.17",
        "201002": "40.31",
        "201003": "49.58",
        "201004": "53.50",
        "201005": "44.61",
        "201006": "45.99",
        "201007": "46.25",
        "201008": "42.77",
        "201009": "46.97",
        "201010": "50.54",
        "201011": "44.90",
        "201012": "47.10",
        "201101": "44.13",
        "201102": "46.38",
        "201103": "48.76",
        "201104": "49.07",
        "201105": "50.10",
        "201106": "40.88",
        "201107": "34.90",
        "201108": "22.60",
        "201109": "22.82",
        "201110": "25.36",
        "201111": "21.26",
        "201112": "18.50",
        "201201": "22.56",
        "201202": "25.86",
        "201203": "32.00",
        "201204": "27.68",
        "201205": "31.84",
        "201206": "33.91",
        "201207": "31.48",
        "201208": "31.56",
        "201209": "28.66",
        "201210": "22.82",
        "201211": "19.52",
        "201212": "20.77",
        "201301": "21.08",
        "201302": "19.85",
        "201303": "19.30",
        "201304": "18.27",
        "201305": "18.38",
        "201306": "16.69",
        "201307": "15.15",
        "201308": "15.04",
        "201309": "14.08",
        "201310": "12.91",
        "201311": "13.11",
        "201312": "12.96",
        "201401": "15.14",
        "201402": "16.81",
        "201403": "17.24",
        "201404": "20.01",
        "201405": "21.55",
        "201406": "26.38",
        "201407": "26.08",
        "201408": "25.10",
        "201409": "25.66",
        "201410": "25.89",
        "201411": "30.38",
        "201412": "35.19",
        "201501": "45.09",
        "201502": "43.37",
        "201503": "57.48",
        "201504": "64.22",
        "201505": "82.42",
        "201506": "109.42",
        "201507": "101.47",
        "201508": "76.21",
        "201509": "85.10",
        "201510": "81.39",
        "201511": "81.34",
        "201512": "92.91",
        "201601": "76.81",
        "201602": "75.93",
        "201603": "74.94",
        "201604": "61.75",
        "201605": "63.03",
        "201606": "67.46",
        "201607": "57.62",
        "201608": "50.68",
        "201609": "51.60",
        "201610": "49.04",
        "201611": "44.98",
        "201612": "50.42",
        "201701": "50.90",
        "201702": "59.52",
        "201703": "59.83",
        "201704": "57.92",
        "201705": "58.75",
        "201706": "61.38",
        "201707": "63.42",
        "201708": "59.96",
        "201709": "55.58",
        "201710": "57.01",
        "201711": "63.44",
        "201712": "73.09",
        "201801": "70.67",
        "201802": "67.81",
        "201803": "64.27",
        "201804": "65.84",
        "201805": "65.35",
        "201806": "71.94",
        "201807": "67.51",
        "201808": "58.18",
        "201809": "50.44",
        "201810": "41.20",
        "201811": "38.53",
        "201812": "41.47",
        "201901": "44.36",
        "201902": "47.17",
        "201903": "48.39",
        "201904": "53.01",
        "201905": "45.91",
        "201906": "54.52",
        "201907": "69.83",
        "201908": "69.88",
        "201909": "81.49",
        "201910": "103.88",
        "201911": "105.56",
        "201912": "103.51",
        "202001": "94.82",
        "202002": "97.27",
        "202003": "81.14",
        "202004": "87.20",
        "202005": "90.02",
        "202006": "92.41",
        "202007": "98.38",
        "202008": "90.52",
        "202009": "94.90",
        "202010": "102.82",
        "202011": "112.48",
        "202012": "127.24",
        "202101": "148.32",
        "202102": "163.73",
        "202103": "149.48",
        "202104": "157.34",
        "202105": "127.10",
        "202106": "147.33",
        "202107": "172.95",
        "202108": "157.86",
        "202109": "157.32",
        "202110": "142.72",
        "202111": "151.91",
        "202112": "142.05",
        "202201": "125.92",
        "202202": "109.87",
        "202203": "101.80",
        "202204": "92.98",
        "202205": "85.40",
        "202206": "87.70",
        "202207": "72.81",
        "202208": "74.98",
        "202209": "72.03",
        "202210": "60.04",
        "202211": "69.25",
        "202212": "70.40",
        "202301": "73.45",
        "202302": "77.41",
        "202303": "78.75",
        "202304": "89.11",
        "202305": "79.82"
    },
    "quarters": {
        "20011": {
            "year_quarter": 20011,
            "year": 2001,
            "quarter": 1,
            "eps": null,
            "eps_growth_year": null,
            "eps_4q": null,
            "eps_4q_growth_year": null,
            "roe": null,
            "roe_4q": 0,
            "gross_profit": null,
            "gross_margin": null,
            "gross_margin_4q_avg": 0,
            "net_income": null,
            "revenue": null,
            "common_shares": null,
            "book_valuer_per_share": null,
            "book_valuer_per_share_4q_avg": 0,
            "equity": null,
            "current_ratio": null,
            "debt_ratio": null,
            "inventory_turnover_ratio": null,
            "account_receivable_turnover_ratio": null,
            "reinvestment_rate": null,
            "research_to_sale_ratio": null,
            "price_fair": 0,
            "eps_avg_yearly": 0,
            "eps_latest_yearly": 0,
            "eps_growth_yearly": 0
        },
        "20012": {
            "year_quarter": 20012,
            "year": 2001,
            "quarter": 2,
            "eps": null,
            "eps_growth_year": null,
            "eps_4q": null,
            "eps_4q_growth_year": null,
            "roe": null,
            "roe_4q": 0,
            "gross_profit": null,
            "gross_margin": null,
            "gross_margin_4q_avg": 0,
            "net_income": null,
            "revenue": null,
            "common_shares": null,
            "book_valuer_per_share": null,
            "book_valuer_per_share_4q_avg": 0,
            "equity": null,
            "current_ratio": null,
            "debt_ratio": null,
            "inventory_turnover_ratio": null,
            "account_receivable_turnover_ratio": null,
            "reinvestment_rate": null,
            "research_to_sale_ratio": null,
            "price_fair": 0,
            "eps_avg_yearly": 0,
            "eps_latest_yearly": 0,
            "eps_growth_yearly": 0
        },
        "20013": {
            "year_quarter": 20013,
            "year": 2001,
            "quarter": 3,
            "eps": null,
            "eps_growth_year": null,
            "eps_4q": null,
            "eps_4q_growth_year": null,
            "roe": null,
            "roe_4q": 0,
            "gross_profit": null,
            "gross_margin": null,
            "gross_margin_4q_avg": 0,
            "net_income": null,
            "revenue": null,
            "common_shares": null,
            "book_valuer_per_share": null,
            "book_valuer_per_share_4q_avg": 0,
            "equity": null,
            "current_ratio": null,
            "debt_ratio": null,
            "inventory_turnover_ratio": null,
            "account_receivable_turnover_ratio": null,
            "reinvestment_rate": null,
            "research_to_sale_ratio": null,
            "price_fair": 0,
            "eps_avg_yearly": 0,
            "eps_latest_yearly": 0,
            "eps_growth_yearly": 0
        },
        "20014": {
            "year_quarter": 20014,
            "year": 2001,
            "quarter": 4,
            "eps": null,
            "eps_growth_year": null,
            "eps_4q": null,
            "eps_4q_growth_year": null,
            "roe": null,
            "roe_4q": 0,
            "gross_profit": null,
            "gross_margin": null,
            "gross_margin_4q_avg": 0,
            "net_income": null,
            "revenue": null,
            "common_shares": 800000,
            "book_valuer_per_share": 12.51,
            "book_valuer_per_share_4q_avg": 3.13,
            "equity": 1000505,
            "current_ratio": 387.66,
            "debt_ratio": 17.55,
            "inventory_turnover_ratio": null,
            "account_receivable_turnover_ratio": null,
            "reinvestment_rate": null,
            "research_to_sale_ratio": null,
            "price_fair": 0,
            "eps_avg_yearly": 0,
            "eps_latest_yearly": 0,
            "eps_growth_yearly": 0
        },
        "20021": {
            "year_quarter": 20021,
            "year": 2002,
            "quarter": 1,
            "eps": null,
            "eps_growth_year": null,
            "eps_4q": null,
            "eps_4q_growth_year": null,
            "roe": null,
            "roe_4q": 0,
            "gross_profit": null,
            "gross_margin": null,
            "gross_margin_4q_avg": 0,
            "net_income": null,
            "revenue": null,
            "common_shares": null,
            "book_valuer_per_share": null,
            "book_valuer_per_share_4q_avg": 3.13,
            "equity": null,
            "current_ratio": null,
            "debt_ratio": null,
            "inventory_turnover_ratio": null,
            "account_receivable_turnover_ratio": null,
            "reinvestment_rate": null,
            "research_to_sale_ratio": null,
            "price_fair": 0,
            "eps_avg_yearly": 0,
            "eps_latest_yearly": 0,
            "eps_growth_yearly": 0
        },
        "20022": {
            "year_quarter": 20022,
            "year": 2002,
            "quarter": 2,
            "eps": null,
            "eps_growth_year": null,
            "eps_4q": null,
            "eps_4q_growth_year": null,
            "roe": null,
            "roe_4q": 0,
            "gross_profit": null,
            "gross_margin": null,
            "gross_margin_4q_avg": 0,
            "net_income": null,
            "revenue": null,
            "common_shares": null,
            "book_valuer_per_share": null,
            "book_valuer_per_share_4q_avg": 3.13,
            "equity": null,
            "current_ratio": null,
            "debt_ratio": null,
            "inventory_turnover_ratio": null,
            "account_receivable_turnover_ratio": null,
            "reinvestment_rate": null,
            "research_to_sale_ratio": null,
            "price_fair": 0,
            "eps_avg_yearly": 0,
            "eps_latest_yearly": 0,
            "eps_growth_yearly": 0
        },
        "20023": {
            "year_quarter": 20023,
            "year": 2002,
            "quarter": 3,
            "eps": null,
            "eps_growth_year": null,
            "eps_4q": null,
            "eps_4q_growth_year": null,
            "roe": null,
            "roe_4q": 0,
            "gross_profit": null,
            "gross_margin": null,
            "gross_margin_4q_avg": 0,
            "net_income": null,
            "revenue": null,
            "common_shares": null,
            "book_valuer_per_share": null,
            "book_valuer_per_share_4q_avg": 3.13,
            "equity": null,
            "current_ratio": null,
            "debt_ratio": null,
            "inventory_turnover_ratio": null,
            "account_receivable_turnover_ratio": null,
            "reinvestment_rate": null,
            "research_to_sale_ratio": null,
            "price_fair": 0,
            "eps_avg_yearly": 0,
            "eps_latest_yearly": 0,
            "eps_growth_yearly": 0
        },
        "20024": {
            "year_quarter": 20024,
            "year": 2002,
            "quarter": 4,
            "eps": null,
            "eps_growth_year": null,
            "eps_4q": null,
            "eps_4q_growth_year": null,
            "roe": null,
            "roe_4q": 0,
            "gross_profit": null,
            "gross_margin": null,
            "gross_margin_4q_avg": 0,
            "net_income": null,
            "revenue": null,
            "common_shares": 800000,
            "book_valuer_per_share": 9.78,
            "book_valuer_per_share_4q_avg": 2.45,
            "equity": 782498,
            "current_ratio": 155.56,
            "debt_ratio": 31.52,
            "inventory_turnover_ratio": null,
            "account_receivable_turnover_ratio": null,
            "reinvestment_rate": null,
            "research_to_sale_ratio": null,
            "price_fair": 0,
            "eps_avg_yearly": 0,
            "eps_latest_yearly": 0,
            "eps_growth_yearly": 0
        },
        "20031": {
            "year_quarter": 20031,
            "year": 2003,
            "quarter": 1,
            "eps": null,
            "eps_growth_year": null,
            "eps_4q": null,
            "eps_4q_growth_year": null,
            "roe": null,
            "roe_4q": 0,
            "gross_profit": null,
            "gross_margin": null,
            "gross_margin_4q_avg": 0,
            "net_income": null,
            "revenue": null,
            "common_shares": null,
            "book_valuer_per_share": null,
            "book_valuer_per_share_4q_avg": 2.45,
            "equity": null,
            "current_ratio": null,
            "debt_ratio": null,
            "inventory_turnover_ratio": null,
            "account_receivable_turnover_ratio": null,
            "reinvestment_rate": null,
            "research_to_sale_ratio": null,
            "price_fair": 0,
            "eps_avg_yearly": 0,
            "eps_latest_yearly": 0,
            "eps_growth_yearly": 0
        },
        "20032": {
            "year_quarter": 20032,
            "year": 2003,
            "quarter": 2,
            "eps": null,
            "eps_growth_year": null,
            "eps_4q": null,
            "eps_4q_growth_year": null,
            "roe": null,
            "roe_4q": 0,
            "gross_profit": null,
            "gross_margin": null,
            "gross_margin_4q_avg": 0,
            "net_income": null,
            "revenue": null,
            "common_shares": null,
            "book_valuer_per_share": null,
            "book_valuer_per_share_4q_avg": 2.45,
            "equity": null,
            "current_ratio": null,
            "debt_ratio": null,
            "inventory_turnover_ratio": null,
            "account_receivable_turnover_ratio": null,
            "reinvestment_rate": null,
            "research_to_sale_ratio": null,
            "price_fair": 0,
            "eps_avg_yearly": 0,
            "eps_latest_yearly": 0,
            "eps_growth_yearly": 0
        },
        "20033": {
            "year_quarter": 20033,
            "year": 2003,
            "quarter": 3,
            "eps": null,
            "eps_growth_year": null,
            "eps_4q": null,
            "eps_4q_growth_year": null,
            "roe": null,
            "roe_4q": 0,
            "gross_profit": null,
            "gross_margin": null,
            "gross_margin_4q_avg": 0,
            "net_income": null,
            "revenue": null,
            "common_shares": null,
            "book_valuer_per_share": null,
            "book_valuer_per_share_4q_avg": 2.45,
            "equity": null,
            "current_ratio": null,
            "debt_ratio": null,
            "inventory_turnover_ratio": null,
            "account_receivable_turnover_ratio": null,
            "reinvestment_rate": null,
            "research_to_sale_ratio": null,
            "price_fair": 0,
            "eps_avg_yearly": 0,
            "eps_latest_yearly": 0,
            "eps_growth_yearly": 0
        },
        "20034": {
            "year_quarter": 20034,
            "year": 2003,
            "quarter": 4,
            "eps": null,
            "eps_growth_year": null,
            "eps_4q": null,
            "eps_4q_growth_year": null,
            "roe": null,
            "roe_4q": 0,
            "gross_profit": null,
            "gross_margin": null,
            "gross_margin_4q_avg": 0,
            "net_income": null,
            "revenue": null,
            "common_shares": 800000,
            "book_valuer_per_share": 8.29,
            "book_valuer_per_share_4q_avg": 2.07,
            "equity": 663440,
            "current_ratio": 82.08,
            "debt_ratio": 32.81,
            "inventory_turnover_ratio": null,
            "account_receivable_turnover_ratio": null,
            "reinvestment_rate": null,
            "research_to_sale_ratio": null,
            "price_fair": 0,
            "eps_avg_yearly": 0,
            "eps_latest_yearly": 0,
            "eps_growth_yearly": 0
        },
        "20041": {
            "year_quarter": 20041,
            "year": 2004,
            "quarter": 1,
            "eps": null,
            "eps_growth_year": null,
            "eps_4q": null,
            "eps_4q_growth_year": null,
            "roe": null,
            "roe_4q": 0,
            "gross_profit": null,
            "gross_margin": null,
            "gross_margin_4q_avg": 0,
            "net_income": null,
            "revenue": null,
            "common_shares": null,
            "book_valuer_per_share": null,
            "book_valuer_per_share_4q_avg": 2.07,
            "equity": null,
            "current_ratio": null,
            "debt_ratio": null,
            "inventory_turnover_ratio": null,
            "account_receivable_turnover_ratio": null,
            "reinvestment_rate": null,
            "research_to_sale_ratio": null,
            "price_fair": 0,
            "eps_avg_yearly": 0,
            "eps_latest_yearly": 0,
            "eps_growth_yearly": 0
        },
        "20042": {
            "year_quarter": 20042,
            "year": 2004,
            "quarter": 2,
            "eps": null,
            "eps_growth_year": null,
            "eps_4q": null,
            "eps_4q_growth_year": null,
            "roe": null,
            "roe_4q": 0,
            "gross_profit": null,
            "gross_margin": null,
            "gross_margin_4q_avg": 0,
            "net_income": null,
            "revenue": null,
            "common_shares": null,
            "book_valuer_per_share": null,
            "book_valuer_per_share_4q_avg": 2.07,
            "equity": null,
            "current_ratio": null,
            "debt_ratio": null,
            "inventory_turnover_ratio": null,
            "account_receivable_turnover_ratio": null,
            "reinvestment_rate": null,
            "research_to_sale_ratio": null,
            "price_fair": 0,
            "eps_avg_yearly": 0,
            "eps_latest_yearly": 0,
            "eps_growth_yearly": 0
        },
        "20043": {
            "year_quarter": 20043,
            "year": 2004,
            "quarter": 3,
            "eps": null,
            "eps_growth_year": null,
            "eps_4q": null,
            "eps_4q_growth_year": null,
            "roe": null,
            "roe_4q": 0,
            "gross_profit": null,
            "gross_margin": null,
            "gross_margin_4q_avg": 0,
            "net_income": null,
            "revenue": null,
            "common_shares": null,
            "book_valuer_per_share": null,
            "book_valuer_per_share_4q_avg": 2.07,
            "equity": null,
            "current_ratio": null,
            "debt_ratio": null,
            "inventory_turnover_ratio": null,
            "account_receivable_turnover_ratio": null,
            "reinvestment_rate": null,
            "research_to_sale_ratio": null,
            "price_fair": 0,
            "eps_avg_yearly": 0,
            "eps_latest_yearly": 0,
            "eps_growth_yearly": 0
        },
        "20044": {
            "year_quarter": 20044,
            "year": 2004,
            "quarter": 4,
            "eps": null,
            "eps_growth_year": null,
            "eps_4q": null,
            "eps_4q_growth_year": null,
            "roe": null,
            "roe_4q": 0,
            "gross_profit": null,
            "gross_margin": null,
            "gross_margin_4q_avg": 0,
            "net_income": null,
            "revenue": null,
            "common_shares": 800000,
            "book_valuer_per_share": 7.19,
            "book_valuer_per_share_4q_avg": 1.8,
            "equity": 575366,
            "current_ratio": 62.9,
            "debt_ratio": 33.76,
            "inventory_turnover_ratio": null,
            "account_receivable_turnover_ratio": null,
            "reinvestment_rate": null,
            "research_to_sale_ratio": null,
            "price_fair": 0,
            "eps_avg_yearly": 0,
            "eps_latest_yearly": 0,
            "eps_growth_yearly": 0
        },
        "20051": {
            "year_quarter": 20051,
            "year": 2005,
            "quarter": 1,
            "eps": null,
            "eps_growth_year": null,
            "eps_4q": null,
            "eps_4q_growth_year": null,
            "roe": null,
            "roe_4q": 0,
            "gross_profit": null,
            "gross_margin": null,
            "gross_margin_4q_avg": 0,
            "net_income": null,
            "revenue": null,
            "common_shares": null,
            "book_valuer_per_share": null,
            "book_valuer_per_share_4q_avg": 1.8,
            "equity": null,
            "current_ratio": null,
            "debt_ratio": null,
            "inventory_turnover_ratio": null,
            "account_receivable_turnover_ratio": null,
            "reinvestment_rate": null,
            "research_to_sale_ratio": null,
            "price_fair": 0,
            "eps_avg_yearly": 0,
            "eps_latest_yearly": 0,
            "eps_growth_yearly": 0
        },
        "20052": {
            "year_quarter": 20052,
            "year": 2005,
            "quarter": 2,
            "eps": null,
            "eps_growth_year": null,
            "eps_4q": null,
            "eps_4q_growth_year": null,
            "roe": null,
            "roe_4q": 0,
            "gross_profit": null,
            "gross_margin": null,
            "gross_margin_4q_avg": 0,
            "net_income": null,
            "revenue": null,
            "common_shares": null,
            "book_valuer_per_share": null,
            "book_valuer_per_share_4q_avg": 1.8,
            "equity": null,
            "current_ratio": null,
            "debt_ratio": null,
            "inventory_turnover_ratio": null,
            "account_receivable_turnover_ratio": null,
            "reinvestment_rate": null,
            "research_to_sale_ratio": null,
            "price_fair": 0,
            "eps_avg_yearly": 0,
            "eps_latest_yearly": 0,
            "eps_growth_yearly": 0
        },
        "20053": {
            "year_quarter": 20053,
            "year": 2005,
            "quarter": 3,
            "eps": null,
            "eps_growth_year": null,
            "eps_4q": null,
            "eps_4q_growth_year": null,
            "roe": null,
            "roe_4q": 0,
            "gross_profit": null,
            "gross_margin": null,
            "gross_margin_4q_avg": 0,
            "net_income": null,
            "revenue": null,
            "common_shares": null,
            "book_valuer_per_share": null,
            "book_valuer_per_share_4q_avg": 1.8,
            "equity": null,
            "current_ratio": null,
            "debt_ratio": null,
            "inventory_turnover_ratio": null,
            "account_receivable_turnover_ratio": null,
            "reinvestment_rate": null,
            "research_to_sale_ratio": null,
            "price_fair": 0,
            "eps_avg_yearly": 0,
            "eps_latest_yearly": 0,
            "eps_growth_yearly": 0
        },
        "20054": {
            "year_quarter": 20054,
            "year": 2005,
            "quarter": 4,
            "eps": null,
            "eps_growth_year": null,
            "eps_4q": null,
            "eps_4q_growth_year": null,
            "roe": null,
            "roe_4q": 0,
            "gross_profit": null,
            "gross_margin": null,
            "gross_margin_4q_avg": 0,
            "net_income": null,
            "revenue": null,
            "common_shares": 800000,
            "book_valuer_per_share": 7.72,
            "book_valuer_per_share_4q_avg": 1.93,
            "equity": 617351,
            "current_ratio": 125.13,
            "debt_ratio": 38.02,
            "inventory_turnover_ratio": null,
            "account_receivable_turnover_ratio": null,
            "reinvestment_rate": null,
            "research_to_sale_ratio": null,
            "price_fair": 0,
            "eps_avg_yearly": 0,
            "eps_latest_yearly": 0,
            "eps_growth_yearly": 0
        },
        "20061": {
            "year_quarter": 20061,
            "year": 2006,
            "quarter": 1,
            "eps": null,
            "eps_growth_year": null,
            "eps_4q": null,
            "eps_4q_growth_year": null,
            "roe": null,
            "roe_4q": 0,
            "gross_profit": null,
            "gross_margin": null,
            "gross_margin_4q_avg": 0,
            "net_income": null,
            "revenue": null,
            "common_shares": null,
            "book_valuer_per_share": null,
            "book_valuer_per_share_4q_avg": 1.93,
            "equity": null,
            "current_ratio": null,
            "debt_ratio": null,
            "inventory_turnover_ratio": null,
            "account_receivable_turnover_ratio": null,
            "reinvestment_rate": null,
            "research_to_sale_ratio": null,
            "price_fair": 0,
            "eps_avg_yearly": 0,
            "eps_latest_yearly": 0,
            "eps_growth_yearly": 0
        },
        "20062": {
            "year_quarter": 20062,
            "year": 2006,
            "quarter": 2,
            "eps": null,
            "eps_growth_year": null,
            "eps_4q": null,
            "eps_4q_growth_year": null,
            "roe": null,
            "roe_4q": 0,
            "gross_profit": null,
            "gross_margin": null,
            "gross_margin_4q_avg": 0,
            "net_income": null,
            "revenue": null,
            "common_shares": null,
            "book_valuer_per_share": null,
            "book_valuer_per_share_4q_avg": 1.93,
            "equity": null,
            "current_ratio": null,
            "debt_ratio": null,
            "inventory_turnover_ratio": null,
            "account_receivable_turnover_ratio": null,
            "reinvestment_rate": null,
            "research_to_sale_ratio": null,
            "price_fair": 0,
            "eps_avg_yearly": 0,
            "eps_latest_yearly": 0,
            "eps_growth_yearly": 0
        },
        "20063": {
            "year_quarter": 20063,
            "year": 2006,
            "quarter": 3,
            "eps": null,
            "eps_growth_year": null,
            "eps_4q": null,
            "eps_4q_growth_year": null,
            "roe": null,
            "roe_4q": 0,
            "gross_profit": null,
            "gross_margin": null,
            "gross_margin_4q_avg": 0,
            "net_income": null,
            "revenue": null,
            "common_shares": null,
            "book_valuer_per_share": null,
            "book_valuer_per_share_4q_avg": 1.93,
            "equity": null,
            "current_ratio": null,
            "debt_ratio": null,
            "inventory_turnover_ratio": null,
            "account_receivable_turnover_ratio": null,
            "reinvestment_rate": null,
            "research_to_sale_ratio": null,
            "price_fair": 0,
            "eps_avg_yearly": 0,
            "eps_latest_yearly": 0,
            "eps_growth_yearly": 0
        },
        "20064": {
            "year_quarter": 20064,
            "year": 2006,
            "quarter": 4,
            "eps": null,
            "eps_growth_year": null,
            "eps_4q": null,
            "eps_4q_growth_year": null,
            "roe": null,
            "roe_4q": 0,
            "gross_profit": null,
            "gross_margin": null,
            "gross_margin_4q_avg": 0,
            "net_income": null,
            "revenue": null,
            "common_shares": 1000000,
            "book_valuer_per_share": 11.52,
            "book_valuer_per_share_4q_avg": 2.88,
            "equity": 1152129,
            "current_ratio": 244.01,
            "debt_ratio": 27.37,
            "inventory_turnover_ratio": null,
            "account_receivable_turnover_ratio": null,
            "reinvestment_rate": null,
            "research_to_sale_ratio": null,
            "price_fair": 0,
            "eps_avg_yearly": 0,
            "eps_latest_yearly": 0,
            "eps_growth_yearly": 0
        },
        "20071": {
            "year_quarter": 20071,
            "year": 2007,
            "quarter": 1,
            "eps": -0.19,
            "eps_growth_year": null,
            "eps_4q": null,
            "eps_4q_growth_year": null,
            "roe": -1.66,
            "roe_4q": -1.66,
            "gross_profit": -3217,
            "gross_margin": -2.2,
            "gross_margin_4q_avg": -0.55,
            "net_income": -18981,
            "revenue": 145918,
            "common_shares": 1000000,
            "book_valuer_per_share": 11.36,
            "book_valuer_per_share_4q_avg": 5.72,
            "equity": 1136110,
            "current_ratio": 241.68,
            "debt_ratio": 25.64,
            "inventory_turnover_ratio": 1.67,
            "account_receivable_turnover_ratio": null,
            "reinvestment_rate": null,
            "research_to_sale_ratio": null,
            "price_fair": 0,
            "eps_avg_yearly": 0,
            "eps_latest_yearly": 0,
            "eps_growth_yearly": 0
        },
        "20072": {
            "year_quarter": 20072,
            "year": 2007,
            "quarter": 2,
            "eps": -0.07,
            "eps_growth_year": null,
            "eps_4q": null,
            "eps_4q_growth_year": null,
            "roe": -0.59,
            "roe_4q": -2.25,
            "gross_profit": 22898,
            "gross_margin": 14.01,
            "gross_margin_4q_avg": 2.95,
            "net_income": -6668,
            "revenue": 163391,
            "common_shares": 1000000,
            "book_valuer_per_share": 11.32,
            "book_valuer_per_share_4q_avg": 8.55,
            "equity": 1132403,
            "current_ratio": 211.53,
            "debt_ratio": 26.43,
            "inventory_turnover_ratio": 1.56,
            "account_receivable_turnover_ratio": null,
            "reinvestment_rate": null,
            "research_to_sale_ratio": null,
            "price_fair": 0,
            "eps_avg_yearly": 0,
            "eps_latest_yearly": 0,
            "eps_growth_yearly": 0
        },
        "20073": {
            "year_quarter": 20073,
            "year": 2007,
            "quarter": 3,
            "eps": 0.05,
            "eps_growth_year": null,
            "eps_4q": null,
            "eps_4q_growth_year": null,
            "roe": 0.46,
            "roe_4q": -1.7899999999999998,
            "gross_profit": 25067,
            "gross_margin": 12.99,
            "gross_margin_4q_avg": 6.2,
            "net_income": 5236,
            "revenue": 192965,
            "common_shares": 1000000,
            "book_valuer_per_share": 11.41,
            "book_valuer_per_share_4q_avg": 11.4,
            "equity": 1140600,
            "current_ratio": 229.69,
            "debt_ratio": 25.18,
            "inventory_turnover_ratio": 1.56,
            "account_receivable_turnover_ratio": null,
            "reinvestment_rate": null,
            "research_to_sale_ratio": null,
            "price_fair": 0,
            "eps_avg_yearly": 0,
            "eps_latest_yearly": 0,
            "eps_growth_yearly": 0
        },
        "20074": {
            "year_quarter": 20074,
            "year": 2007,
            "quarter": 4,
            "eps": -0.2,
            "eps_growth_year": null,
            "eps_4q": -0.41,
            "eps_4q_growth_year": null,
            "roe": -1.79,
            "roe_4q": -3.58,
            "gross_profit": 27224,
            "gross_margin": 13.21,
            "gross_margin_4q_avg": 9.5,
            "net_income": -20248,
            "revenue": 206089,
            "common_shares": 1000000,
            "book_valuer_per_share": 11.22,
            "book_valuer_per_share_4q_avg": 11.33,
            "equity": 1121652,
            "current_ratio": 227.5,
            "debt_ratio": 25.95,
            "inventory_turnover_ratio": 1.55,
            "account_receivable_turnover_ratio": null,
            "reinvestment_rate": null,
            "research_to_sale_ratio": null,
            "price_fair": 0,
            "eps_avg_yearly": 0,
            "eps_latest_yearly": 0,
            "eps_growth_yearly": 0
        },
        "20081": {
            "year_quarter": 20081,
            "year": 2008,
            "quarter": 1,
            "eps": -0.1,
            "eps_growth_year": null,
            "eps_4q": -0.32,
            "eps_4q_growth_year": null,
            "roe": -0.88,
            "roe_4q": -2.8,
            "gross_profit": 26403,
            "gross_margin": 11.03,
            "gross_margin_4q_avg": 12.81,
            "net_income": -9863,
            "revenue": 239411,
            "common_shares": 1000000,
            "book_valuer_per_share": 11.14,
            "book_valuer_per_share_4q_avg": 11.27,
            "equity": 1113879,
            "current_ratio": 206.12,
            "debt_ratio": 27.16,
            "inventory_turnover_ratio": 1.52,
            "account_receivable_turnover_ratio": null,
            "reinvestment_rate": null,
            "research_to_sale_ratio": null,
            "price_fair": 0,
            "eps_avg_yearly": 0,
            "eps_latest_yearly": 0,
            "eps_growth_yearly": 0
        },
        "20082": {
            "year_quarter": 20082,
            "year": 2008,
            "quarter": 2,
            "eps": 0.39,
            "eps_growth_year": null,
            "eps_4q": 0.14,
            "eps_4q_growth_year": null,
            "roe": 3.47,
            "roe_4q": 1.2600000000000002,
            "gross_profit": 60605,
            "gross_margin": 19.03,
            "gross_margin_4q_avg": 14.07,
            "net_income": 39318,
            "revenue": 318491,
            "common_shares": 1000000,
            "book_valuer_per_share": 11.55,
            "book_valuer_per_share_4q_avg": 11.33,
            "equity": 1155287,
            "current_ratio": 171.23,
            "debt_ratio": 30.53,
            "inventory_turnover_ratio": 1.4,
            "account_receivable_turnover_ratio": null,
            "reinvestment_rate": null,
            "research_to_sale_ratio": null,
            "price_fair": 0,
            "eps_avg_yearly": 0,
            "eps_latest_yearly": 0,
            "eps_growth_yearly": 0
        },
        "20083": {
            "year_quarter": 20083,
            "year": 2008,
            "quarter": 3,
            "eps": 0.54,
            "eps_growth_year": 980,
            "eps_4q": 0.63,
            "eps_4q_growth_year": null,
            "roe": 4.58,
            "roe_4q": 5.380000000000001,
            "gross_profit": 93830,
            "gross_margin": 24.71,
            "gross_margin_4q_avg": 17,
            "net_income": 54375,
            "revenue": 379774,
            "common_shares": 1004495,
            "book_valuer_per_share": 12.13,
            "book_valuer_per_share_4q_avg": 11.51,
            "equity": 1218735,
            "current_ratio": 192.43,
            "debt_ratio": 25.91,
            "inventory_turnover_ratio": 1.4,
            "account_receivable_turnover_ratio": null,
            "reinvestment_rate": null,
            "research_to_sale_ratio": null,
            "price_fair": 75.6,
            "eps_avg_yearly": 2.16,
            "eps_latest_yearly": 2.16,
            "eps_growth_yearly": 153.85
        },
        "20084": {
            "year_quarter": 20084,
            "year": 2008,
            "quarter": 4,
            "eps": 0.26,
            "eps_growth_year": null,
            "eps_4q": 1.11,
            "eps_4q_growth_year": null,
            "roe": 2.09,
            "roe_4q": 9.26,
            "gross_profit": 48190,
            "gross_margin": 15.19,
            "gross_margin_4q_avg": 17.49,
            "net_income": 25729,
            "revenue": 317326,
            "common_shares": 1004695,
            "book_valuer_per_share": 12.41,
            "book_valuer_per_share_4q_avg": 11.81,
            "equity": 1246614,
            "current_ratio": 190.13,
            "debt_ratio": 24.06,
            "inventory_turnover_ratio": 1.64,
            "account_receivable_turnover_ratio": 6.81,
            "reinvestment_rate": null,
            "research_to_sale_ratio": null,
            "price_fair": 4.8,
            "eps_avg_yearly": 1.6,
            "eps_latest_yearly": 1.04,
            "eps_growth_yearly": -26.78
        },
        "20091": {
            "year_quarter": 20091,
            "year": 2009,
            "quarter": 1,
            "eps": 0.21,
            "eps_growth_year": null,
            "eps_4q": 1.41,
            "eps_4q_growth_year": null,
            "roe": 1.67,
            "roe_4q": 11.81,
            "gross_profit": 39464,
            "gross_margin": 21.21,
            "gross_margin_4q_avg": 20.04,
            "net_income": 20983,
            "revenue": 186028,
            "common_shares": 1004695,
            "book_valuer_per_share": 12.54,
            "book_valuer_per_share_4q_avg": 12.16,
            "equity": 1260262,
            "current_ratio": 199.78,
            "debt_ratio": 23.75,
            "inventory_turnover_ratio": 1.09,
            "account_receivable_turnover_ratio": 2.29,
            "reinvestment_rate": null,
            "research_to_sale_ratio": null,
            "price_fair": 4.04,
            "eps_avg_yearly": 1.35,
            "eps_latest_yearly": 0.84,
            "eps_growth_yearly": -43.49
        },
        "20092": {
            "year_quarter": 20092,
            "year": 2009,
            "quarter": 2,
            "eps": -0.47,
            "eps_growth_year": -220.51,
            "eps_4q": 0.47,
            "eps_4q_growth_year": 225.23,
            "roe": -3.74,
            "roe_4q": 4.6,
            "gross_profit": -1921,
            "gross_margin": -1.01,
            "gross_margin_4q_avg": 15.03,
            "net_income": -47998,
            "revenue": 190621,
            "common_shares": 1139405,
            "book_valuer_per_share": 11.46,
            "book_valuer_per_share_4q_avg": 12.14,
            "equity": 1305222,
            "current_ratio": 221.43,
            "debt_ratio": 22.1,
            "inventory_turnover_ratio": 1.52,
            "account_receivable_turnover_ratio": 2.4,
            "reinvestment_rate": null,
            "research_to_sale_ratio": null,
            "price_fair": 4.04,
            "eps_avg_yearly": 1.35,
            "eps_latest_yearly": 0.84,
            "eps_growth_yearly": -43.49
        },
        "20093": {
            "year_quarter": 20093,
            "year": 2009,
            "quarter": 3,
            "eps": 0.15,
            "eps_growth_year": -72.22,
            "eps_4q": 0.14,
            "eps_4q_growth_year": -78.19,
            "roe": 1.19,
            "roe_4q": 1.2099999999999995,
            "gross_profit": 49340,
            "gross_margin": 18.68,
            "gross_margin_4q_avg": 13.52,
            "net_income": 15665,
            "revenue": 264118,
            "common_shares": 1139405,
            "book_valuer_per_share": 11.6,
            "book_valuer_per_share_4q_avg": 12,
            "equity": 1321660,
            "current_ratio": 203.04,
            "debt_ratio": 23.24,
            "inventory_turnover_ratio": 1.44,
            "account_receivable_turnover_ratio": 2.16,
            "reinvestment_rate": null,
            "research_to_sale_ratio": null,
            "price_fair": 4.04,
            "eps_avg_yearly": 1.35,
            "eps_latest_yearly": 0.84,
            "eps_growth_yearly": -43.49
        },
        "20094": {
            "year_quarter": 20094,
            "year": 2009,
            "quarter": 4,
            "eps": 0.41,
            "eps_growth_year": 57.69,
            "eps_4q": 0.27,
            "eps_4q_growth_year": -76.06,
            "roe": 3.02,
            "roe_4q": 2.1399999999999997,
            "gross_profit": 74742,
            "gross_margin": 19.57,
            "gross_margin_4q_avg": 14.61,
            "net_income": 44207,
            "revenue": 382008,
            "common_shares": 1246225,
            "book_valuer_per_share": 12.98,
            "book_valuer_per_share_4q_avg": 12.15,
            "equity": 1609190,
            "current_ratio": 281.17,
            "debt_ratio": 19,
            "inventory_turnover_ratio": 1.51,
            "account_receivable_turnover_ratio": 4.22,
            "reinvestment_rate": null,
            "research_to_sale_ratio": null,
            "price_fair": 49.7,
            "eps_avg_yearly": 1.42,
            "eps_latest_yearly": 1.64,
            "eps_growth_yearly": 140.71
        },
        "20101": {
            "year_quarter": 20101,
            "year": 2010,
            "quarter": 1,
            "eps": 0.17,
            "eps_growth_year": -19.05,
            "eps_4q": 0.27,
            "eps_4q_growth_year": -80.76,
            "roe": 1.33,
            "roe_4q": 1.799999999999999,
            "gross_profit": 69382,
            "gross_margin": 17.46,
            "gross_margin_4q_avg": 13.68,
            "net_income": 21640,
            "revenue": 397296,
            "common_shares": 1246225,
            "book_valuer_per_share": 13.26,
            "book_valuer_per_share_4q_avg": 12.33,
            "equity": 1643246,
            "current_ratio": 249.28,
            "debt_ratio": 21.71,
            "inventory_turnover_ratio": 1.28,
            "account_receivable_turnover_ratio": 2.3,
            "reinvestment_rate": null,
            "research_to_sale_ratio": 7.98,
            "price_fair": 44.52,
            "eps_avg_yearly": 1.27,
            "eps_latest_yearly": 0.68,
            "eps_growth_yearly": 65.74
        },
        "20102": {
            "year_quarter": 20102,
            "year": 2010,
            "quarter": 2,
            "eps": 0.24,
            "eps_growth_year": null,
            "eps_4q": 0.9,
            "eps_4q_growth_year": 93.54,
            "roe": 1.84,
            "roe_4q": 7.379999999999999,
            "gross_profit": 92129,
            "gross_margin": 19.86,
            "gross_margin_4q_avg": 18.89,
            "net_income": 30277,
            "revenue": 464002,
            "common_shares": 1246225,
            "book_valuer_per_share": 13.32,
            "book_valuer_per_share_4q_avg": 12.79,
            "equity": 1650814,
            "current_ratio": 196.82,
            "debt_ratio": 26,
            "inventory_turnover_ratio": 1.19,
            "account_receivable_turnover_ratio": 2.25,
            "reinvestment_rate": null,
            "research_to_sale_ratio": 7.79,
            "price_fair": 42.7,
            "eps_avg_yearly": 1.22,
            "eps_latest_yearly": 0.96,
            "eps_growth_yearly": 82.23
        },
        "20103": {
            "year_quarter": 20103,
            "year": 2010,
            "quarter": 3,
            "eps": 0.47,
            "eps_growth_year": 214.56,
            "eps_4q": 1.24,
            "eps_4q_growth_year": 800.77,
            "roe": 3.5,
            "roe_4q": 9.69,
            "gross_profit": 130964,
            "gross_margin": 24.1,
            "gross_margin_4q_avg": 20.25,
            "net_income": 59026,
            "revenue": 543462,
            "common_shares": 1253658,
            "book_valuer_per_share": 13.82,
            "book_valuer_per_share_4q_avg": 13.35,
            "equity": 1726577,
            "current_ratio": 202.33,
            "debt_ratio": 25.09,
            "inventory_turnover_ratio": 1.17,
            "account_receivable_turnover_ratio": 2.26,
            "reinvestment_rate": null,
            "research_to_sale_ratio": 6.54,
            "price_fair": 46,
            "eps_avg_yearly": 1.31,
            "eps_latest_yearly": 1.88,
            "eps_growth_yearly": 125.25
        },
        "20104": {
            "year_quarter": 20104,
            "year": 2010,
            "quarter": 4,
            "eps": 0.32,
            "eps_growth_year": -21.85,
            "eps_4q": 1.21,
            "eps_4q_growth_year": 355.2,
            "roe": 2.29,
            "roe_4q": 8.96,
            "gross_profit": 106920,
            "gross_margin": 20.35,
            "gross_margin_4q_avg": 20.44,
            "net_income": 40116,
            "revenue": 525465,
            "common_shares": 1257685,
            "book_valuer_per_share": 14.15,
            "book_valuer_per_share_4q_avg": 13.64,
            "equity": 1771673,
            "current_ratio": 211.16,
            "debt_ratio": 24.04,
            "inventory_turnover_ratio": 1.25,
            "account_receivable_turnover_ratio": 2.37,
            "reinvestment_rate": 144.86,
            "research_to_sale_ratio": 5.89,
            "price_fair": 45.85,
            "eps_avg_yearly": 1.31,
            "eps_latest_yearly": 1.28,
            "eps_growth_yearly": 93.64
        },
        "20111": {
            "year_quarter": 20111,
            "year": 2011,
            "quarter": 1,
            "eps": 0.13,
            "eps_growth_year": -23.53,
            "eps_4q": 1.17,
            "eps_4q_growth_year": 330.93,
            "roe": 0.92,
            "roe_4q": 8.55,
            "gross_profit": 75575,
            "gross_margin": 19.83,
            "gross_margin_4q_avg": 21.04,
            "net_income": 16477,
            "revenue": 381168,
            "common_shares": 1258873,
            "book_valuer_per_share": 14.34,
            "book_valuer_per_share_4q_avg": 13.91,
            "equity": 1795788,
            "current_ratio": 199.16,
            "debt_ratio": 25.29,
            "inventory_turnover_ratio": 0.9,
            "account_receivable_turnover_ratio": 1.92,
            "reinvestment_rate": 142.99,
            "research_to_sale_ratio": 9.17,
            "price_fair": 42.78,
            "eps_avg_yearly": 1.22,
            "eps_latest_yearly": 0.52,
            "eps_growth_yearly": 56.84
        },
        "20112": {
            "year_quarter": 20112,
            "year": 2011,
            "quarter": 2,
            "eps": 0.26,
            "eps_growth_year": 4.91,
            "eps_4q": 1.15,
            "eps_4q_growth_year": 27.63,
            "roe": 1.85,
            "roe_4q": 8.56,
            "gross_profit": 108233,
            "gross_margin": 20.11,
            "gross_margin_4q_avg": 21.1,
            "net_income": 33114,
            "revenue": 538108,
            "common_shares": 1258873,
            "book_valuer_per_share": 14.25,
            "book_valuer_per_share_4q_avg": 14.14,
            "equity": 1787300,
            "current_ratio": 160.96,
            "debt_ratio": 30.82,
            "inventory_turnover_ratio": 1.14,
            "account_receivable_turnover_ratio": 2.29,
            "reinvestment_rate": 143.8,
            "research_to_sale_ratio": 7.56,
            "price_fair": 42.14,
            "eps_avg_yearly": 1.2,
            "eps_latest_yearly": 1.04,
            "eps_growth_yearly": 91.16
        },
        "20113": {
            "year_quarter": 20113,
            "year": 2011,
            "quarter": 3,
            "eps": 0.18,
            "eps_growth_year": -62.25,
            "eps_4q": 0.87,
            "eps_4q_growth_year": -29.66,
            "roe": 1.28,
            "roe_4q": 6.34,
            "gross_profit": 65445,
            "gross_margin": 15.72,
            "gross_margin_4q_avg": 19,
            "net_income": 23014,
            "revenue": 416193,
            "common_shares": 1298606,
            "book_valuer_per_share": 14.03,
            "book_valuer_per_share_4q_avg": 14.19,
            "equity": 1812181,
            "current_ratio": 213.72,
            "debt_ratio": 29.65,
            "inventory_turnover_ratio": 1.11,
            "account_receivable_turnover_ratio": 1.59,
            "reinvestment_rate": 160.53,
            "research_to_sale_ratio": 8.51,
            "price_fair": 40.6,
            "eps_avg_yearly": 1.16,
            "eps_latest_yearly": 0.72,
            "eps_growth_yearly": 71.68
        },
        "20114": {
            "year_quarter": 20114,
            "year": 2011,
            "quarter": 4,
            "eps": -0.02,
            "eps_growth_year": -105.55,
            "eps_4q": 0.54,
            "eps_4q_growth_year": -54.9,
            "roe": -0.13,
            "roe_4q": 3.92,
            "gross_profit": 54256,
            "gross_margin": 17.2,
            "gross_margin_4q_avg": 18.22,
            "net_income": -2296,
            "revenue": 315393,
            "common_shares": 1298606,
            "book_valuer_per_share": 14.05,
            "book_valuer_per_share_4q_avg": 14.17,
            "equity": 1814754,
            "current_ratio": 274.4,
            "debt_ratio": 28.36,
            "inventory_turnover_ratio": 1.08,
            "account_receivable_turnover_ratio": 1.41,
            "reinvestment_rate": 153.08,
            "research_to_sale_ratio": 12.93,
            "price_fair": 40.6,
            "eps_avg_yearly": 1.16,
            "eps_latest_yearly": 0.72,
            "eps_growth_yearly": 71.68
        },
        "20121": {
            "year_quarter": 20121,
            "year": 2012,
            "quarter": 1,
            "eps": -0.03,
            "eps_growth_year": -123.08,
            "eps_4q": 0.38,
            "eps_4q_growth_year": -67.22,
            "roe": -0.25,
            "roe_4q": 2.75,
            "gross_profit": 59453,
            "gross_margin": 20.94,
            "gross_margin_4q_avg": 18.49,
            "net_income": -4485,
            "revenue": 283911,
            "common_shares": 1298606,
            "book_valuer_per_share": 14.06,
            "book_valuer_per_share_4q_avg": 14.1,
            "equity": 1816144,
            "current_ratio": 263.27,
            "debt_ratio": 28.95,
            "inventory_turnover_ratio": 0.89,
            "account_receivable_turnover_ratio": 1.33,
            "reinvestment_rate": 138.87,
            "research_to_sale_ratio": 13.89,
            "price_fair": 40.6,
            "eps_avg_yearly": 1.16,
            "eps_latest_yearly": 0.72,
            "eps_growth_yearly": 71.68
        },
        "20122": {
            "year_quarter": 20122,
            "year": 2012,
            "quarter": 2,
            "eps": 0.16,
            "eps_growth_year": -38.96,
            "eps_4q": 0.28,
            "eps_4q_growth_year": -75.99,
            "roe": 1.16,
            "roe_4q": 2.06,
            "gross_profit": 85595,
            "gross_margin": 17.48,
            "gross_margin_4q_avg": 17.84,
            "net_income": 21180,
            "revenue": 489780,
            "common_shares": 1292046,
            "book_valuer_per_share": 14.28,
            "book_valuer_per_share_4q_avg": 14.11,
            "equity": 1845606,
            "current_ratio": 248.01,
            "debt_ratio": 30.16,
            "inventory_turnover_ratio": 1.38,
            "account_receivable_turnover_ratio": 1.92,
            "reinvestment_rate": 124.83,
            "research_to_sale_ratio": 7.01,
            "price_fair": 40.6,
            "eps_avg_yearly": 1.16,
            "eps_latest_yearly": 0.72,
            "eps_growth_yearly": 71.68
        },
        "20123": {
            "year_quarter": 20123,
            "year": 2012,
            "quarter": 3,
            "eps": 0.11,
            "eps_growth_year": -39.09,
            "eps_4q": 0.21,
            "eps_4q_growth_year": -75.39,
            "roe": 0.79,
            "roe_4q": 1.5699999999999998,
            "gross_profit": 91311,
            "gross_margin": 18.1,
            "gross_margin_4q_avg": 18.43,
            "net_income": 14706,
            "revenue": 504410,
            "common_shares": 1355376,
            "book_valuer_per_share": 13.79,
            "book_valuer_per_share_4q_avg": 14.05,
            "equity": 1869641,
            "current_ratio": 273.35,
            "debt_ratio": 27.5,
            "inventory_turnover_ratio": 1.43,
            "account_receivable_turnover_ratio": 1.77,
            "reinvestment_rate": 125.48,
            "research_to_sale_ratio": 5.2,
            "price_fair": 35.13,
            "eps_avg_yearly": 1,
            "eps_latest_yearly": 0.44,
            "eps_growth_yearly": 46.33
        },
        "20124": {
            "year_quarter": 20124,
            "year": 2012,
            "quarter": 4,
            "eps": -0.19,
            "eps_growth_year": null,
            "eps_4q": 0.04,
            "eps_4q_growth_year": -93.12,
            "roe": -1.42,
            "roe_4q": 0.28,
            "gross_profit": 38407,
            "gross_margin": 11.55,
            "gross_margin_4q_avg": 17.02,
            "net_income": -26327,
            "revenue": 332664,
            "common_shares": 1355376,
            "book_valuer_per_share": 13.66,
            "book_valuer_per_share_4q_avg": 13.95,
            "equity": 1851459,
            "current_ratio": 423,
            "debt_ratio": 21.01,
            "inventory_turnover_ratio": 1.31,
            "account_receivable_turnover_ratio": 1.66,
            "reinvestment_rate": 137.64,
            "research_to_sale_ratio": 8.19,
            "price_fair": 35,
            "eps_avg_yearly": 1,
            "eps_latest_yearly": 0.44,
            "eps_growth_yearly": 71.71
        },
        "20131": {
            "year_quarter": 20131,
            "year": 2013,
            "quarter": 1,
            "eps": -0.15,
            "eps_growth_year": null,
            "eps_4q": -0.08,
            "eps_4q_growth_year": -120.15,
            "roe": -1.09,
            "roe_4q": -0.5599999999999998,
            "gross_profit": 17531,
            "gross_margin": 7.14,
            "gross_margin_4q_avg": 13.57,
            "net_income": -19990,
            "revenue": 245527,
            "common_shares": 1355376,
            "book_valuer_per_share": 13.51,
            "book_valuer_per_share_4q_avg": 13.81,
            "equity": 1831789,
            "current_ratio": 370.62,
            "debt_ratio": 22.21,
            "inventory_turnover_ratio": 1.2,
            "account_receivable_turnover_ratio": 1.83,
            "reinvestment_rate": 136.81,
            "research_to_sale_ratio": 12.59,
            "price_fair": 35.62,
            "eps_avg_yearly": 1.02,
            "eps_latest_yearly": 0.44,
            "eps_growth_yearly": 88.22
        },
        "20132": {
            "year_quarter": 20132,
            "year": 2013,
            "quarter": 2,
            "eps": 0.1,
            "eps_growth_year": -36.07,
            "eps_4q": -0.13,
            "eps_4q_growth_year": -147.16,
            "roe": 0.76,
            "roe_4q": -0.96,
            "gross_profit": 75228,
            "gross_margin": 21.5,
            "gross_margin_4q_avg": 14.57,
            "net_income": 13950,
            "revenue": 349923,
            "common_shares": 1355376,
            "book_valuer_per_share": 13.66,
            "book_valuer_per_share_4q_avg": 13.66,
            "equity": 1850877,
            "current_ratio": 408.07,
            "debt_ratio": 20.46,
            "inventory_turnover_ratio": 1.4,
            "account_receivable_turnover_ratio": 2.23,
            "reinvestment_rate": 120.64,
            "research_to_sale_ratio": 7.58,
            "price_fair": 35.62,
            "eps_avg_yearly": 1.02,
            "eps_latest_yearly": 0.44,
            "eps_growth_yearly": 88.22
        },
        "20133": {
            "year_quarter": 20133,
            "year": 2013,
            "quarter": 3,
            "eps": -0.32,
            "eps_growth_year": -394.93,
            "eps_4q": -0.56,
            "eps_4q_growth_year": -361.26,
            "roe": -2.38,
            "roe_4q": -4.13,
            "gross_profit": -6564,
            "gross_margin": -2.67,
            "gross_margin_4q_avg": 9.38,
            "net_income": -43672,
            "revenue": 245831,
            "common_shares": 1355376,
            "book_valuer_per_share": 13.37,
            "book_valuer_per_share_4q_avg": 13.55,
            "equity": 1812342,
            "current_ratio": 534.57,
            "debt_ratio": 17.63,
            "inventory_turnover_ratio": 1.61,
            "account_receivable_turnover_ratio": 1.67,
            "reinvestment_rate": 108.62,
            "research_to_sale_ratio": 8.67,
            "price_fair": 35.62,
            "eps_avg_yearly": 1.02,
            "eps_latest_yearly": 0.44,
            "eps_growth_yearly": 88.22
        },
        "20134": {
            "year_quarter": 20134,
            "year": 2013,
            "quarter": 4,
            "eps": -0.18,
            "eps_growth_year": null,
            "eps_4q": -0.55,
            "eps_4q_growth_year": -1560.37,
            "roe": -1.35,
            "roe_4q": -4.06,
            "gross_profit": 12473,
            "gross_margin": 5.55,
            "gross_margin_4q_avg": 7.88,
            "net_income": -24387,
            "revenue": 224829,
            "common_shares": 1355376,
            "book_valuer_per_share": 13.25,
            "book_valuer_per_share_4q_avg": 13.45,
            "equity": 1795740,
            "current_ratio": 468.66,
            "debt_ratio": 18.21,
            "inventory_turnover_ratio": 1.68,
            "account_receivable_turnover_ratio": 1.97,
            "reinvestment_rate": 103.71,
            "research_to_sale_ratio": 10.66,
            "price_fair": 21.23,
            "eps_avg_yearly": 0.94,
            "eps_latest_yearly": 0.44,
            "eps_growth_yearly": 12.58
        },
        "20141": {
            "year_quarter": 20141,
            "year": 2014,
            "quarter": 1,
            "eps": -0.13,
            "eps_growth_year": null,
            "eps_4q": -0.53,
            "eps_4q_growth_year": null,
            "roe": -1,
            "roe_4q": -3.9700000000000006,
            "gross_profit": 5224,
            "gross_margin": 1.95,
            "gross_margin_4q_avg": 6.58,
            "net_income": -17958,
            "revenue": 268451,
            "common_shares": 1355376,
            "book_valuer_per_share": 13.14,
            "book_valuer_per_share_4q_avg": 13.36,
            "equity": 1780462,
            "current_ratio": 436.73,
            "debt_ratio": 18.92,
            "inventory_turnover_ratio": 1.73,
            "account_receivable_turnover_ratio": 2.71,
            "reinvestment_rate": 72.29,
            "research_to_sale_ratio": 8.74,
            "price_fair": 34.2,
            "eps_avg_yearly": 0.98,
            "eps_latest_yearly": 0.44,
            "eps_growth_yearly": 47.83
        },
        "20142": {
            "year_quarter": 20142,
            "year": 2014,
            "quarter": 2,
            "eps": 0.3,
            "eps_growth_year": 200,
            "eps_4q": -0.33,
            "eps_4q_growth_year": null,
            "roe": 2.27,
            "roe_4q": -2.46,
            "gross_profit": 93604,
            "gross_margin": 17.9,
            "gross_margin_4q_avg": 5.68,
            "net_income": 40888,
            "revenue": 522977,
            "common_shares": 1355376,
            "book_valuer_per_share": 13.46,
            "book_valuer_per_share_4q_avg": 13.31,
            "equity": 1825643,
            "current_ratio": 296.72,
            "debt_ratio": 25.13,
            "inventory_turnover_ratio": 1.75,
            "account_receivable_turnover_ratio": 4.88,
            "reinvestment_rate": -35.04,
            "research_to_sale_ratio": 5.16,
            "price_fair": 34.3,
            "eps_avg_yearly": 0.98,
            "eps_latest_yearly": 0.44,
            "eps_growth_yearly": 28.35
        },
        "20143": {
            "year_quarter": 20143,
            "year": 2014,
            "quarter": 3,
            "eps": 0.88,
            "eps_growth_year": null,
            "eps_4q": 0.87,
            "eps_4q_growth_year": null,
            "roe": 6.32,
            "roe_4q": 6.24,
            "gross_profit": 177922,
            "gross_margin": 21.1,
            "gross_margin_4q_avg": 11.63,
            "net_income": 119422,
            "revenue": 843092,
            "common_shares": 1357446,
            "book_valuer_per_share": 14.39,
            "book_valuer_per_share_4q_avg": 13.56,
            "equity": 1953236,
            "current_ratio": 297.49,
            "debt_ratio": 24.42,
            "inventory_turnover_ratio": 1.78,
            "account_receivable_turnover_ratio": 5.47,
            "reinvestment_rate": -48.19,
            "research_to_sale_ratio": 3.4,
            "price_fair": 43.87,
            "eps_avg_yearly": 1.25,
            "eps_latest_yearly": 3.52,
            "eps_growth_yearly": 93.35
        },
        "20144": {
            "year_quarter": 20144,
            "year": 2014,
            "quarter": 4,
            "eps": 1.7,
            "eps_growth_year": null,
            "eps_4q": 2.74,
            "eps_4q_growth_year": null,
            "roe": 11.13,
            "roe_4q": 18.720000000000002,
            "gross_profit": 300816,
            "gross_margin": 29.07,
            "gross_margin_4q_avg": 17.51,
            "net_income": 232340,
            "revenue": 1034902,
            "common_shares": 1368936,
            "book_valuer_per_share": 16.23,
            "book_valuer_per_share_4q_avg": 14.31,
            "equity": 2221340,
            "current_ratio": 298.71,
            "debt_ratio": 23.31,
            "inventory_turnover_ratio": 1.82,
            "account_receivable_turnover_ratio": 4.69,
            "reinvestment_rate": -29.15,
            "research_to_sale_ratio": 3.1,
            "price_fair": 76.07,
            "eps_avg_yearly": 2.17,
            "eps_latest_yearly": 6.8,
            "eps_growth_yearly": 176.75
        },
        "20151": {
            "year_quarter": 20151,
            "year": 2015,
            "quarter": 1,
            "eps": 1.73,
            "eps_growth_year": null,
            "eps_4q": 4.59,
            "eps_4q_growth_year": null,
            "roe": 10.09,
            "roe_4q": 29.81,
            "gross_profit": 336702,
            "gross_margin": 33.13,
            "gross_margin_4q_avg": 25.3,
            "net_income": 236457,
            "revenue": 1016444,
            "common_shares": 1370626,
            "book_valuer_per_share": 17.99,
            "book_valuer_per_share_4q_avg": 15.52,
            "equity": 2465871,
            "current_ratio": 318.57,
            "debt_ratio": 21.26,
            "inventory_turnover_ratio": 1.83,
            "account_receivable_turnover_ratio": 4.65,
            "reinvestment_rate": -13.75,
            "research_to_sale_ratio": 3.91,
            "price_fair": 113.4,
            "eps_avg_yearly": 3.24,
            "eps_latest_yearly": 6.92,
            "eps_growth_yearly": 217.51
        },
        "20152": {
            "year_quarter": 20152,
            "year": 2015,
            "quarter": 2,
            "eps": 1.93,
            "eps_growth_year": 543.33,
            "eps_4q": 6.08,
            "eps_4q_growth_year": null,
            "roe": 10.48,
            "roe_4q": 38.02,
            "gross_profit": 377327,
            "gross_margin": 34.36,
            "gross_margin_4q_avg": 29.42,
            "net_income": 264748,
            "revenue": 1097998,
            "common_shares": 1400041,
            "book_valuer_per_share": 18.45,
            "book_valuer_per_share_4q_avg": 16.77,
            "equity": 2584263,
            "current_ratio": 231.21,
            "debt_ratio": 29.05,
            "inventory_turnover_ratio": 1.81,
            "account_receivable_turnover_ratio": 6.07,
            "reinvestment_rate": -6.13,
            "research_to_sale_ratio": 3.34,
            "price_fair": 152.37,
            "eps_avg_yearly": 4.35,
            "eps_latest_yearly": 7.72,
            "eps_growth_yearly": 158.55
        },
        "20153": {
            "year_quarter": 20153,
            "year": 2015,
            "quarter": 3,
            "eps": 2.25,
            "eps_growth_year": 155.68,
            "eps_4q": 7.47,
            "eps_4q_growth_year": 759.46,
            "roe": 11.44,
            "roe_4q": 43.14000000000001,
            "gross_profit": 397761,
            "gross_margin": 33.22,
            "gross_margin_4q_avg": 32.45,
            "net_income": 314490,
            "revenue": 1197369,
            "common_shares": 1403191,
            "book_valuer_per_share": 20.77,
            "book_valuer_per_share_4q_avg": 18.36,
            "equity": 2914153,
            "current_ratio": 322.94,
            "debt_ratio": 20.8,
            "inventory_turnover_ratio": 2.03,
            "account_receivable_turnover_ratio": 5.33,
            "reinvestment_rate": -2.74,
            "research_to_sale_ratio": 3.43,
            "price_fair": 200.67,
            "eps_avg_yearly": 5.73,
            "eps_latest_yearly": 9,
            "eps_growth_yearly": 190.11
        },
        "20154": {
            "year_quarter": 20154,
            "year": 2015,
            "quarter": 4,
            "eps": 1.94,
            "eps_growth_year": 14.34,
            "eps_4q": 7.75,
            "eps_4q_growth_year": 183.28,
            "roe": 8.92,
            "roe_4q": 40.93,
            "gross_profit": 368154,
            "gross_margin": 33.09,
            "gross_margin_4q_avg": 33.45,
            "net_income": 272295,
            "revenue": 1112497,
            "common_shares": 1403191,
            "book_valuer_per_share": 22.74,
            "book_valuer_per_share_4q_avg": 19.99,
            "equity": 3190944,
            "current_ratio": 311.25,
            "debt_ratio": 21.61,
            "inventory_turnover_ratio": 2.18,
            "account_receivable_turnover_ratio": 3.74,
            "reinvestment_rate": 1.1,
            "research_to_sale_ratio": 4.18,
            "price_fair": 210.8,
            "eps_avg_yearly": 6.02,
            "eps_latest_yearly": 7.76,
            "eps_growth_yearly": 155.08
        },
        "20161": {
            "year_quarter": 20161,
            "year": 2016,
            "quarter": 1,
            "eps": 1.37,
            "eps_growth_year": -20.81,
            "eps_4q": 7.43,
            "eps_4q_growth_year": 61.96,
            "roe": 5.83,
            "roe_4q": 36.67,
            "gross_profit": 269145,
            "gross_margin": 32.61,
            "gross_margin_4q_avg": 33.32,
            "net_income": 191745,
            "revenue": 825237,
            "common_shares": 1403439,
            "book_valuer_per_share": 24.13,
            "book_valuer_per_share_4q_avg": 21.52,
            "equity": 3386536,
            "current_ratio": 369.06,
            "debt_ratio": 18.46,
            "inventory_turnover_ratio": 1.81,
            "account_receivable_turnover_ratio": 3.3,
            "reinvestment_rate": 2.37,
            "research_to_sale_ratio": 2.86,
            "price_fair": 208.43,
            "eps_avg_yearly": 5.96,
            "eps_latest_yearly": 5.48,
            "eps_growth_yearly": 121.01
        },
        "20162": {
            "year_quarter": 20162,
            "year": 2016,
            "quarter": 2,
            "eps": 0.85,
            "eps_growth_year": -55.96,
            "eps_4q": 6.34,
            "eps_4q_growth_year": 4.24,
            "roe": 3.8,
            "roe_4q": 29.989999999999995,
            "gross_profit": 224987,
            "gross_margin": 31.86,
            "gross_margin_4q_avg": 32.7,
            "net_income": 118675,
            "revenue": 706262,
            "common_shares": 1403439,
            "book_valuer_per_share": 20.25,
            "book_valuer_per_share_4q_avg": 21.97,
            "equity": 2852137,
            "current_ratio": 218.41,
            "debt_ratio": 30.9,
            "inventory_turnover_ratio": 1.97,
            "account_receivable_turnover_ratio": 3.74,
            "reinvestment_rate": 2.75,
            "research_to_sale_ratio": 4.59,
            "price_fair": 198.49,
            "eps_avg_yearly": 5.67,
            "eps_latest_yearly": 3.4,
            "eps_growth_yearly": 90.69
        },
        "20163": {
            "year_quarter": 20163,
            "year": 2016,
            "quarter": 3,
            "eps": 0.17,
            "eps_growth_year": -92.44,
            "eps_4q": 4.19,
            "eps_4q_growth_year": -43.97,
            "roe": 0.85,
            "roe_4q": 19.4,
            "gross_profit": 84543,
            "gross_margin": 22.86,
            "gross_margin_4q_avg": 30.11,
            "net_income": 24400,
            "revenue": 369841,
            "common_shares": 1403439,
            "book_valuer_per_share": 20.3,
            "book_valuer_per_share_4q_avg": 21.86,
            "equity": 2880862,
            "current_ratio": 535.89,
            "debt_ratio": 11.63,
            "inventory_turnover_ratio": 1.52,
            "account_receivable_turnover_ratio": 1.84,
            "reinvestment_rate": 1.12,
            "research_to_sale_ratio": 6.53,
            "price_fair": 199.42,
            "eps_avg_yearly": 5.7,
            "eps_latest_yearly": 0.68,
            "eps_growth_yearly": 69.02
        },
        "20164": {
            "year_quarter": 20164,
            "year": 2016,
            "quarter": 4,
            "eps": 0.39,
            "eps_growth_year": -80.13,
            "eps_4q": 2.78,
            "eps_4q_growth_year": -64.15,
            "roe": 1.89,
            "roe_4q": 12.37,
            "gross_profit": 89536,
            "gross_margin": 24.1,
            "gross_margin_4q_avg": 27.86,
            "net_income": 53919,
            "revenue": 371532,
            "common_shares": 1429651,
            "book_valuer_per_share": 20.22,
            "book_valuer_per_share_4q_avg": 21.23,
            "equity": 2826731,
            "current_ratio": 545.76,
            "debt_ratio": 11.36,
            "inventory_turnover_ratio": 1.69,
            "account_receivable_turnover_ratio": 2.05,
            "reinvestment_rate": 1.6,
            "research_to_sale_ratio": 7.02,
            "price_fair": 184.94,
            "eps_avg_yearly": 5.28,
            "eps_latest_yearly": 1.56,
            "eps_growth_yearly": 113.89
        },
        "20171": {
            "year_quarter": 20171,
            "year": 2017,
            "quarter": 1,
            "eps": 0.43,
            "eps_growth_year": -68.61,
            "eps_4q": 1.84,
            "eps_4q_growth_year": -75.27,
            "roe": 2.11,
            "roe_4q": 8.649999999999999,
            "gross_profit": 136357,
            "gross_margin": 30.93,
            "gross_margin_4q_avg": 27.44,
            "net_income": 60237,
            "revenue": 440856,
            "common_shares": 1430971,
            "book_valuer_per_share": 20.66,
            "book_valuer_per_share_4q_avg": 20.36,
            "equity": 2889976,
            "current_ratio": 582.77,
            "debt_ratio": 10.8,
            "inventory_turnover_ratio": 1.86,
            "account_receivable_turnover_ratio": 2.97,
            "reinvestment_rate": 3.2,
            "research_to_sale_ratio": 5.9,
            "price_fair": 173.6,
            "eps_avg_yearly": 4.96,
            "eps_latest_yearly": 1.72,
            "eps_growth_yearly": 107.26
        },
        "20172": {
            "year_quarter": 20172,
            "year": 2017,
            "quarter": 2,
            "eps": 0.59,
            "eps_growth_year": -30.59,
            "eps_4q": 1.58,
            "eps_4q_growth_year": -75.1,
            "roe": 2.98,
            "roe_4q": 7.829999999999999,
            "gross_profit": 147744,
            "gross_margin": 31.01,
            "gross_margin_4q_avg": 27.23,
            "net_income": 82407,
            "revenue": 476484,
            "common_shares": 1430971,
            "book_valuer_per_share": 18.85,
            "book_valuer_per_share_4q_avg": 20.01,
            "equity": 2637495,
            "current_ratio": 296.08,
            "debt_ratio": 21.66,
            "inventory_turnover_ratio": 2.08,
            "account_receivable_turnover_ratio": 2.29,
            "reinvestment_rate": 0.87,
            "research_to_sale_ratio": 7.41,
            "price_fair": 166.02,
            "eps_avg_yearly": 4.74,
            "eps_latest_yearly": 2.36,
            "eps_growth_yearly": 110.73
        },
        "20173": {
            "year_quarter": 20173,
            "year": 2017,
            "quarter": 3,
            "eps": 0.32,
            "eps_growth_year": 88.24,
            "eps_4q": 1.71,
            "eps_4q_growth_year": -59.14,
            "roe": 1.7,
            "roe_4q": 8.68,
            "gross_profit": 101224,
            "gross_margin": 26.83,
            "gross_margin_4q_avg": 28.22,
            "net_income": 45406,
            "revenue": 377339,
            "common_shares": 1430971,
            "book_valuer_per_share": 19.2,
            "book_valuer_per_share_4q_avg": 19.73,
            "equity": 2699664,
            "current_ratio": 624.52,
            "debt_ratio": 9.92,
            "inventory_turnover_ratio": 1.99,
            "account_receivable_turnover_ratio": 1.52,
            "reinvestment_rate": 0.76,
            "research_to_sale_ratio": 8.74,
            "price_fair": 156.69,
            "eps_avg_yearly": 4.48,
            "eps_latest_yearly": 1.28,
            "eps_growth_yearly": 88.13
        },
        "20174": {
            "year_quarter": 20174,
            "year": 2017,
            "quarter": 4,
            "eps": 0.24,
            "eps_growth_year": -38.56,
            "eps_4q": 1.57,
            "eps_4q_growth_year": -43.41,
            "roe": 1.23,
            "roe_4q": 8.02,
            "gross_profit": 95600,
            "gross_margin": 26.06,
            "gross_margin_4q_avg": 28.71,
            "net_income": 33336,
            "revenue": 366787,
            "common_shares": 1438501,
            "book_valuer_per_share": 19.44,
            "book_valuer_per_share_4q_avg": 19.54,
            "equity": 2735266,
            "current_ratio": 578.88,
            "debt_ratio": 11.06,
            "inventory_turnover_ratio": 2.02,
            "account_receivable_turnover_ratio": 1.55,
            "reinvestment_rate": 1.04,
            "research_to_sale_ratio": 10.35,
            "price_fair": 147.9,
            "eps_avg_yearly": 4.23,
            "eps_latest_yearly": 0.96,
            "eps_growth_yearly": 74.69
        },
        "20181": {
            "year_quarter": 20181,
            "year": 2018,
            "quarter": 1,
            "eps": 0.55,
            "eps_growth_year": 27.91,
            "eps_4q": 1.69,
            "eps_4q_growth_year": -8.02,
            "roe": 2.77,
            "roe_4q": 8.68,
            "gross_profit": 148956,
            "gross_margin": 32.07,
            "gross_margin_4q_avg": 28.99,
            "net_income": 76927,
            "revenue": 464531,
            "common_shares": 1439081,
            "book_valuer_per_share": 19.99,
            "book_valuer_per_share_4q_avg": 19.37,
            "equity": 2813803,
            "current_ratio": 528.11,
            "debt_ratio": 12.51,
            "inventory_turnover_ratio": 1.74,
            "account_receivable_turnover_ratio": 1.99,
            "reinvestment_rate": 1.65,
            "research_to_sale_ratio": 8.28,
            "price_fair": 143.17,
            "eps_avg_yearly": 4.09,
            "eps_latest_yearly": 2.2,
            "eps_growth_yearly": 104.16
        },
        "20182": {
            "year_quarter": 20182,
            "year": 2018,
            "quarter": 2,
            "eps": 0.99,
            "eps_growth_year": 67.8,
            "eps_4q": 2.1,
            "eps_4q_growth_year": 32.97,
            "roe": 5.02,
            "roe_4q": 10.719999999999999,
            "gross_profit": 202291,
            "gross_margin": 33.93,
            "gross_margin_4q_avg": 29.72,
            "net_income": 139910,
            "revenue": 596214,
            "common_shares": 1439381,
            "book_valuer_per_share": 19.59,
            "book_valuer_per_share_4q_avg": 19.56,
            "equity": 2757215,
            "current_ratio": 372.27,
            "debt_ratio": 17.98,
            "inventory_turnover_ratio": 1.7,
            "account_receivable_turnover_ratio": 2.71,
            "reinvestment_rate": 2.01,
            "research_to_sale_ratio": 5.96,
            "price_fair": 142.89,
            "eps_avg_yearly": 4.08,
            "eps_latest_yearly": 3.96,
            "eps_growth_yearly": 117.65
        },
        "20183": {
            "year_quarter": 20183,
            "year": 2018,
            "quarter": 3,
            "eps": 0.32,
            "eps_growth_year": 0,
            "eps_4q": 2.07,
            "eps_4q_growth_year": 21.33,
            "roe": 1.61,
            "roe_4q": 10.63,
            "gross_profit": 105306,
            "gross_margin": 24.36,
            "gross_margin_4q_avg": 29.11,
            "net_income": 44893,
            "revenue": 432245,
            "common_shares": 1439381,
            "book_valuer_per_share": 19.92,
            "book_valuer_per_share_4q_avg": 19.74,
            "equity": 2816969,
            "current_ratio": 584.07,
            "debt_ratio": 11.14,
            "inventory_turnover_ratio": 1.6,
            "account_receivable_turnover_ratio": 1.71,
            "reinvestment_rate": -0.68,
            "research_to_sale_ratio": 8.99,
            "price_fair": 137.99,
            "eps_avg_yearly": 3.94,
            "eps_latest_yearly": 1.28,
            "eps_growth_yearly": 52.39
        },
        "20184": {
            "year_quarter": 20184,
            "year": 2018,
            "quarter": 4,
            "eps": 0.25,
            "eps_growth_year": 3.87,
            "eps_4q": 2.1,
            "eps_4q_growth_year": 33.23,
            "roe": 1.23,
            "roe_4q": 10.629999999999999,
            "gross_profit": 84047,
            "gross_margin": 24.44,
            "gross_margin_4q_avg": 28.7,
            "net_income": 34812,
            "revenue": 343856,
            "common_shares": 1446361,
            "book_valuer_per_share": 20.17,
            "book_valuer_per_share_4q_avg": 19.92,
            "equity": 2852562,
            "current_ratio": 558.28,
            "debt_ratio": 11.71,
            "inventory_turnover_ratio": 1.55,
            "account_receivable_turnover_ratio": 1.4,
            "reinvestment_rate": 1.91,
            "research_to_sale_ratio": 10.21,
            "price_fair": 120.4,
            "eps_avg_yearly": 3.58,
            "eps_latest_yearly": 1,
            "eps_growth_yearly": 23.63
        },
        "20191": {
            "year_quarter": 20191,
            "year": 2019,
            "quarter": 1,
            "eps": 0.14,
            "eps_growth_year": -74.55,
            "eps_4q": 1.7,
            "eps_4q_growth_year": 0.27,
            "roe": 0.71,
            "roe_4q": 8.57,
            "gross_profit": 67636,
            "gross_margin": 21.83,
            "gross_margin_4q_avg": 26.14,
            "net_income": 20355,
            "revenue": 309888,
            "common_shares": 1447161,
            "book_valuer_per_share": 20.31,
            "book_valuer_per_share_4q_avg": 20,
            "equity": 2874089,
            "current_ratio": 593.75,
            "debt_ratio": 15.17,
            "inventory_turnover_ratio": 1.55,
            "account_receivable_turnover_ratio": 1.7,
            "reinvestment_rate": -2.49,
            "research_to_sale_ratio": 12.14,
            "price_fair": 70.62,
            "eps_avg_yearly": 3.18,
            "eps_latest_yearly": 0.56,
            "eps_growth_yearly": 12.19
        },
        "20192": {
            "year_quarter": 20192,
            "year": 2019,
            "quarter": 2,
            "eps": 0.46,
            "eps_growth_year": -53.54,
            "eps_4q": 1.17,
            "eps_4q_growth_year": -44.52,
            "roe": 2.32,
            "roe_4q": 5.87,
            "gross_profit": 135293,
            "gross_margin": 30.01,
            "gross_margin_4q_avg": 25.16,
            "net_income": 64833,
            "revenue": 450824,
            "common_shares": 1447161,
            "book_valuer_per_share": 19.27,
            "book_valuer_per_share_4q_avg": 19.92,
            "equity": 2726648,
            "current_ratio": 279.56,
            "debt_ratio": 25.81,
            "inventory_turnover_ratio": 1.7,
            "account_receivable_turnover_ratio": 1.88,
            "reinvestment_rate": -3.81,
            "research_to_sale_ratio": 8.47,
            "price_fair": 98.53,
            "eps_avg_yearly": 2.82,
            "eps_latest_yearly": 1.84,
            "eps_growth_yearly": 66.44
        },
        "20193": {
            "year_quarter": 20193,
            "year": 2019,
            "quarter": 3,
            "eps": 0.91,
            "eps_growth_year": 184.38,
            "eps_4q": 1.76,
            "eps_4q_growth_year": -15.41,
            "roe": 4.6,
            "roe_4q": 8.86,
            "gross_profit": 215273,
            "gross_margin": 32.34,
            "gross_margin_4q_avg": 27.16,
            "net_income": 128385,
            "revenue": 665658,
            "common_shares": 1447161,
            "book_valuer_per_share": 20.17,
            "book_valuer_per_share_4q_avg": 19.98,
            "equity": 2855033,
            "current_ratio": 403.36,
            "debt_ratio": 22.08,
            "inventory_turnover_ratio": 1.48,
            "account_receivable_turnover_ratio": 1.6,
            "reinvestment_rate": -6.46,
            "research_to_sale_ratio": 6.18,
            "price_fair": 86.8,
            "eps_avg_yearly": 2.48,
            "eps_latest_yearly": 3.64,
            "eps_growth_yearly": 86.75
        },
        "20194": {
            "year_quarter": 20194,
            "year": 2019,
            "quarter": 4,
            "eps": 1.03,
            "eps_growth_year": 318.27,
            "eps_4q": 2.54,
            "eps_4q_growth_year": 21.11,
            "roe": 4.97,
            "roe_4q": 12.600000000000001,
            "gross_profit": 251772,
            "gross_margin": 32.26,
            "gross_margin_4q_avg": 29.11,
            "net_income": 145635,
            "revenue": 780532,
            "common_shares": 1447161,
            "book_valuer_per_share": 21.2,
            "book_valuer_per_share_4q_avg": 20.24,
            "equity": 3000668,
            "current_ratio": 319.15,
            "debt_ratio": 25.03,
            "inventory_turnover_ratio": 1.28,
            "account_receivable_turnover_ratio": 1.6,
            "reinvestment_rate": 1.34,
            "research_to_sale_ratio": 5.15,
            "price_fair": 78.84,
            "eps_avg_yearly": 2.25,
            "eps_latest_yearly": 4.12,
            "eps_growth_yearly": 93.49
        },
        "20201": {
            "year_quarter": 20201,
            "year": 2020,
            "quarter": 1,
            "eps": 1.1,
            "eps_growth_year": 685.71,
            "eps_4q": 3.28,
            "eps_4q_growth_year": 93.65,
            "roe": 4.57,
            "roe_4q": 16.459999999999997,
            "gross_profit": 263223,
            "gross_margin": 32.35,
            "gross_margin_4q_avg": 31.74,
            "net_income": 158675,
            "revenue": 813701,
            "common_shares": 1547161,
            "book_valuer_per_share": 25.99,
            "book_valuer_per_share_4q_avg": 21.66,
            "equity": 3938283,
            "current_ratio": 378.75,
            "debt_ratio": 22.16,
            "inventory_turnover_ratio": 1.19,
            "account_receivable_turnover_ratio": 1.55,
            "reinvestment_rate": 9.66,
            "research_to_sale_ratio": 6.06,
            "price_fair": 76.48,
            "eps_avg_yearly": 2.19,
            "eps_latest_yearly": 4.4,
            "eps_growth_yearly": 102.54
        },
        "20202": {
            "year_quarter": 20202,
            "year": 2020,
            "quarter": 2,
            "eps": 1.1,
            "eps_growth_year": 139.13,
            "eps_4q": 3.95,
            "eps_4q_growth_year": 239.33,
            "roe": 4.27,
            "roe_4q": 18.409999999999997,
            "gross_profit": 272739,
            "gross_margin": 32.46,
            "gross_margin_4q_avg": 32.35,
            "net_income": 166373,
            "revenue": 840238,
            "common_shares": 1547161,
            "book_valuer_per_share": 25.39,
            "book_valuer_per_share_4q_avg": 23.19,
            "equity": 3847080,
            "current_ratio": 324.09,
            "debt_ratio": 26.03,
            "inventory_turnover_ratio": 1.18,
            "account_receivable_turnover_ratio": 1.35,
            "reinvestment_rate": 16.97,
            "research_to_sale_ratio": 4.81,
            "price_fair": 78.66,
            "eps_avg_yearly": 2.25,
            "eps_latest_yearly": 4.4,
            "eps_growth_yearly": 112.03
        },
        "20203": {
            "year_quarter": 20203,
            "year": 2020,
            "quarter": 3,
            "eps": 0.89,
            "eps_growth_year": -2.2,
            "eps_4q": 3.18,
            "eps_4q_growth_year": 80.96,
            "roe": 2.71,
            "roe_4q": 16.52,
            "gross_profit": 270784,
            "gross_margin": 30.79,
            "gross_margin_4q_avg": 31.97,
            "net_income": 153477,
            "revenue": 879377,
            "common_shares": 1997161,
            "book_valuer_per_share": 38.15,
            "book_valuer_per_share_4q_avg": 27.68,
            "equity": 7497057,
            "current_ratio": 939.91,
            "debt_ratio": 10.16,
            "inventory_turnover_ratio": 1.24,
            "account_receivable_turnover_ratio": 1.31,
            "reinvestment_rate": 40.79,
            "research_to_sale_ratio": 5.48,
            "price_fair": 84.96,
            "eps_avg_yearly": 2.43,
            "eps_latest_yearly": 3.56,
            "eps_growth_yearly": 127.25
        },
        "20204": {
            "year_quarter": 20204,
            "year": 2020,
            "quarter": 4,
            "eps": 0.73,
            "eps_growth_year": -28.63,
            "eps_4q": 3.17,
            "eps_4q_growth_year": 24.87,
            "roe": 1.91,
            "roe_4q": 13.46,
            "gross_profit": 268897,
            "gross_margin": 26.62,
            "gross_margin_4q_avg": 30.56,
            "net_income": 144336,
            "revenue": 1010118,
            "common_shares": 1997161,
            "book_valuer_per_share": 38.88,
            "book_valuer_per_share_4q_avg": 32.1,
            "equity": 7641393,
            "current_ratio": 738.99,
            "debt_ratio": 10.57,
            "inventory_turnover_ratio": 1.46,
            "account_receivable_turnover_ratio": 1.57,
            "reinvestment_rate": 60.12,
            "research_to_sale_ratio": 5.56,
            "price_fair": 87.94,
            "eps_avg_yearly": 2.51,
            "eps_latest_yearly": 2.92,
            "eps_growth_yearly": 90.41
        },
        "20211": {
            "year_quarter": 20211,
            "year": 2021,
            "quarter": 1,
            "eps": 0.89,
            "eps_growth_year": -19.09,
            "eps_4q": 3.26,
            "eps_4q_growth_year": -0.85,
            "roe": 2.27,
            "roe_4q": 11.16,
            "gross_profit": 297363,
            "gross_margin": 27.9,
            "gross_margin_4q_avg": 29.44,
            "net_income": 175604,
            "revenue": 1065737,
            "common_shares": 1997161,
            "book_valuer_per_share": 39.78,
            "book_valuer_per_share_4q_avg": 35.55,
            "equity": 7816997,
            "current_ratio": 625.15,
            "debt_ratio": 11.67,
            "inventory_turnover_ratio": 1.48,
            "account_receivable_turnover_ratio": 1.8,
            "reinvestment_rate": 73.53,
            "research_to_sale_ratio": 7,
            "price_fair": 91.96,
            "eps_avg_yearly": 2.63,
            "eps_latest_yearly": 3.56,
            "eps_growth_yearly": 93.32
        },
        "20212": {
            "year_quarter": 20212,
            "year": 2021,
            "quarter": 2,
            "eps": 1.01,
            "eps_growth_year": -8.18,
            "eps_4q": 3.42,
            "eps_4q_growth_year": -13.58,
            "roe": 2.59,
            "roe_4q": 9.48,
            "gross_profit": 334128,
            "gross_margin": 29.06,
            "gross_margin_4q_avg": 28.59,
            "net_income": 198024,
            "revenue": 1149793,
            "common_shares": 1997161,
            "book_valuer_per_share": 37.99,
            "book_valuer_per_share_4q_avg": 38.7,
            "equity": 7464776,
            "current_ratio": 338.95,
            "debt_ratio": 18.57,
            "inventory_turnover_ratio": 1.43,
            "account_receivable_turnover_ratio": 2.06,
            "reinvestment_rate": 102.4,
            "research_to_sale_ratio": 5.64,
            "price_fair": 95.64,
            "eps_avg_yearly": 2.73,
            "eps_latest_yearly": 4.04,
            "eps_growth_yearly": 87.39
        },
        "20213": {
            "year_quarter": 20213,
            "year": 2021,
            "quarter": 3,
            "eps": 1.3,
            "eps_growth_year": 46.07,
            "eps_4q": 3.94,
            "eps_4q_growth_year": 24.07,
            "roe": 3.38,
            "roe_4q": 10.15,
            "gross_profit": 388599,
            "gross_margin": 30.33,
            "gross_margin_4q_avg": 28.48,
            "net_income": 256434,
            "revenue": 1281276,
            "common_shares": 1965161,
            "book_valuer_per_share": 39.29,
            "book_valuer_per_share_4q_avg": 38.99,
            "equity": 7721210,
            "current_ratio": 459.77,
            "debt_ratio": 12.39,
            "inventory_turnover_ratio": 1.43,
            "account_receivable_turnover_ratio": 2.4,
            "reinvestment_rate": 124.94,
            "research_to_sale_ratio": 5.21,
            "price_fair": 104.21,
            "eps_avg_yearly": 2.98,
            "eps_latest_yearly": 5.2,
            "eps_growth_yearly": 106.01
        },
        "20214": {
            "year_quarter": 20214,
            "year": 2021,
            "quarter": 4,
            "eps": 1.09,
            "eps_growth_year": 47.95,
            "eps_4q": 4.29,
            "eps_4q_growth_year": 35.44,
            "roe": 2.73,
            "roe_4q": 10.969999999999999,
            "gross_profit": 366041,
            "gross_margin": 30.02,
            "gross_margin_4q_avg": 29.33,
            "net_income": 213550,
            "revenue": 1219215,
            "common_shares": 1965161,
            "book_valuer_per_share": 40.38,
            "book_valuer_per_share_4q_avg": 39.36,
            "equity": 7934760,
            "current_ratio": 487.02,
            "debt_ratio": 10.82,
            "inventory_turnover_ratio": 1.38,
            "account_receivable_turnover_ratio": 2.97,
            "reinvestment_rate": 152.11,
            "research_to_sale_ratio": 5.85,
            "price_fair": 111.65,
            "eps_avg_yearly": 3.19,
            "eps_latest_yearly": 4.36,
            "eps_growth_yearly": 108.22
        },
        "20221": {
            "year_quarter": 20221,
            "year": 2022,
            "quarter": 1,
            "eps": 0.24,
            "eps_growth_year": -73.03,
            "eps_4q": 3.64,
            "eps_4q_growth_year": 11.92,
            "roe": 0.6,
            "roe_4q": 9.3,
            "gross_profit": 138873,
            "gross_margin": 22.73,
            "gross_margin_4q_avg": 28.04,
            "net_income": 48027,
            "revenue": 611039,
            "common_shares": 1965161,
            "book_valuer_per_share": 40.62,
            "book_valuer_per_share_4q_avg": 39.57,
            "equity": 7982787,
            "current_ratio": 663.96,
            "debt_ratio": 7.66,
            "inventory_turnover_ratio": 0.84,
            "account_receivable_turnover_ratio": 2.08,
            "reinvestment_rate": 170.82,
            "research_to_sale_ratio": 9.72,
            "price_fair": 108.94,
            "eps_avg_yearly": 3.11,
            "eps_latest_yearly": 0.96,
            "eps_growth_yearly": 56.43
        },
        "20222": {
            "year_quarter": 20222,
            "year": 2022,
            "quarter": 2,
            "eps": 0.13,
            "eps_growth_year": -87.13,
            "eps_4q": 2.77,
            "eps_4q_growth_year": -18.91,
            "roe": 0.34,
            "roe_4q": 7.05,
            "gross_profit": 113057,
            "gross_margin": 19.23,
            "gross_margin_4q_avg": 25.58,
            "net_income": 26446,
            "revenue": 587943,
            "common_shares": 1965161,
            "book_valuer_per_share": 37.96,
            "book_valuer_per_share_4q_avg": 39.56,
            "equity": 7458988,
            "current_ratio": 336.95,
            "debt_ratio": 13.34,
            "inventory_turnover_ratio": 0.93,
            "account_receivable_turnover_ratio": 2.07,
            "reinvestment_rate": 189.04,
            "research_to_sale_ratio": 10.88,
            "price_fair": 101.34,
            "eps_avg_yearly": 2.9,
            "eps_latest_yearly": 0.52,
            "eps_growth_yearly": 24.98
        },
        "20223": {
            "year_quarter": 20223,
            "year": 2022,
            "quarter": 3,
            "eps": 0.07,
            "eps_growth_year": -94.62,
            "eps_4q": 1.54,
            "eps_4q_growth_year": -61.03,
            "roe": 0.18,
            "roe_4q": 3.85,
            "gross_profit": 71740,
            "gross_margin": 12.15,
            "gross_margin_4q_avg": 21.03,
            "net_income": 13724,
            "revenue": 590683,
            "common_shares": 1965161,
            "book_valuer_per_share": 38.03,
            "book_valuer_per_share_4q_avg": 39.25,
            "equity": 7472712,
            "current_ratio": 702.66,
            "debt_ratio": 6.29,
            "inventory_turnover_ratio": 1.18,
            "account_receivable_turnover_ratio": 1.98,
            "reinvestment_rate": 197.51,
            "research_to_sale_ratio": 9.6,
            "price_fair": 99.23,
            "eps_avg_yearly": 2.84,
            "eps_latest_yearly": 0.28,
            "eps_growth_yearly": 30.36
        },
        "20224": {
            "year_quarter": 20224,
            "year": 2022,
            "quarter": 4,
            "eps": -0.38,
            "eps_growth_year": -134.88,
            "eps_4q": 0.07,
            "eps_4q_growth_year": -98.37,
            "roe": -1,
            "roe_4q": 0.11999999999999994,
            "gross_profit": 20028,
            "gross_margin": 5.35,
            "gross_margin_4q_avg": 14.87,
            "net_income": -74485,
            "revenue": 374086,
            "common_shares": 1965161,
            "book_valuer_per_share": 37.65,
            "book_valuer_per_share_4q_avg": 38.57,
            "equity": 7398227,
            "current_ratio": 658.65,
            "debt_ratio": 6.39,
            "inventory_turnover_ratio": 0.92,
            "account_receivable_turnover_ratio": 1.5,
            "reinvestment_rate": 207.64,
            "research_to_sale_ratio": 16.63,
            "price_fair": 103.51,
            "eps_avg_yearly": 2.96,
            "eps_latest_yearly": 0.28,
            "eps_growth_yearly": 38.21
        },
        "20231": {
            "year_quarter": 20231,
            "year": 2023,
            "quarter": 1,
            "eps": -1,
            "eps_growth_year": -516.67,
            "eps_4q": -1.17,
            "eps_4q_growth_year": -132.11,
            "roe": -2.68,
            "roe_4q": -3.16,
            "gross_profit": -117831,
            "gross_margin": -34.49,
            "gross_margin_4q_avg": 0.56,
            "net_income": -195610,
            "revenue": 341676,
            "common_shares": 1965161,
            "book_valuer_per_share": 36.66,
            "book_valuer_per_share_4q_avg": 37.58,
            "equity": 7203780,
            "current_ratio": 790.32,
            "debt_ratio": 5.84,
            "inventory_turnover_ratio": 1.34,
            "account_receivable_turnover_ratio": 1.9,
            "reinvestment_rate": 245.94,
            "research_to_sale_ratio": 14.33,
            "price_fair": 109.5,
            "eps_avg_yearly": 3.13,
            "eps_latest_yearly": 0.28,
            "eps_growth_yearly": 53.52
        }
    },
    "months": {
        "2003-10": {
            "month": "2003-10",
            "price": "8.58",
            "revenue": 9343
        },
        "2003-11": {
            "month": "2003-11",
            "price": "9.80",
            "revenue": 8757
        },
        "2003-12": {
            "month": "2003-12",
            "price": "9.02",
            "revenue": 9012
        },
        "2004-01": {
            "month": "2004-01",
            "price": "8.00",
            "revenue": 10658
        },
        "2004-02": {
            "month": "2004-02",
            "price": "8.91",
            "revenue": 7089
        },
        "2004-03": {
            "month": "2004-03",
            "price": "10.58",
            "revenue": 10447
        },
        "2004-04": {
            "month": "2004-04",
            "price": "12.95",
            "revenue": 12376
        },
        "2004-05": {
            "month": "2004-05",
            "price": "13.38",
            "revenue": 16965
        },
        "2004-06": {
            "month": "2004-06",
            "price": "11.96",
            "revenue": 14499
        },
        "2004-07": {
            "month": "2004-07",
            "price": "10.46",
            "revenue": 23287
        },
        "2004-08": {
            "month": "2004-08",
            "price": "11.56",
            "revenue": 20018
        },
        "2004-09": {
            "month": "2004-09",
            "price": "8.30",
            "revenue": 9183
        },
        "2004-10": {
            "month": "2004-10",
            "price": "9.11",
            "revenue": 18606
        },
        "2004-11": {
            "month": "2004-11",
            "price": "9.36",
            "revenue": 18657
        },
        "2004-12": {
            "month": "2004-12",
            "price": "7.43",
            "revenue": 24541
        },
        "2005-01": {
            "month": "2005-01",
            "price": "7.28",
            "revenue": 25422
        },
        "2005-02": {
            "month": "2005-02",
            "price": "7.17",
            "revenue": 18499
        },
        "2005-03": {
            "month": "2005-03",
            "price": "6.67",
            "revenue": 21428
        },
        "2005-04": {
            "month": "2005-04",
            "price": "6.97",
            "revenue": 25984
        },
        "2005-05": {
            "month": "2005-05",
            "price": "7.02",
            "revenue": 25370
        },
        "2005-06": {
            "month": "2005-06",
            "price": "7.18",
            "revenue": 33358
        },
        "2005-07": {
            "month": "2005-07",
            "price": "8.88",
            "revenue": 36011
        },
        "2005-08": {
            "month": "2005-08",
            "price": "11.91",
            "revenue": 51384
        },
        "2005-09": {
            "month": "2005-09",
            "price": "14.20",
            "revenue": 65645
        },
        "2005-10": {
            "month": "2005-10",
            "price": "14.83",
            "revenue": 63524
        },
        "2005-11": {
            "month": "2005-11",
            "price": "13.78",
            "revenue": 75139
        },
        "2005-12": {
            "month": "2005-12",
            "price": "17.66",
            "revenue": 79552
        },
        "2006-01": {
            "month": "2006-01",
            "price": "25.37",
            "revenue": 71836
        },
        "2006-02": {
            "month": "2006-02",
            "price": "27.52",
            "revenue": 90879
        },
        "2006-03": {
            "month": "2006-03",
            "price": "41.95",
            "revenue": 92380
        },
        "2006-04": {
            "month": "2006-04",
            "price": "44.78",
            "revenue": 87690
        },
        "2006-05": {
            "month": "2006-05",
            "price": "39.78",
            "revenue": 83743
        },
        "2006-06": {
            "month": "2006-06",
            "price": "35.82",
            "revenue": 94710
        },
        "2006-07": {
            "month": "2006-07",
            "price": "30.77",
            "revenue": 54482
        },
        "2006-08": {
            "month": "2006-08",
            "price": "31.47",
            "revenue": 80873
        },
        "2006-09": {
            "month": "2006-09",
            "price": "27.52",
            "revenue": 53923
        },
        "2006-10": {
            "month": "2006-10",
            "price": "20.75",
            "revenue": 40177
        },
        "2006-11": {
            "month": "2006-11",
            "price": "18.95",
            "revenue": 41807
        },
        "2006-12": {
            "month": "2006-12",
            "price": "21.41",
            "revenue": 66682
        },
        "2007-01": {
            "month": "2007-01",
            "price": "22.14",
            "revenue": 53794
        },
        "2007-02": {
            "month": "2007-02",
            "price": "21.96",
            "revenue": 40148
        },
        "2007-03": {
            "month": "2007-03",
            "price": "22.64",
            "revenue": 51977
        },
        "2007-04": {
            "month": "2007-04",
            "price": "22.22",
            "revenue": 54841
        },
        "2007-05": {
            "month": "2007-05",
            "price": "23.03",
            "revenue": 52505
        },
        "2007-06": {
            "month": "2007-06",
            "price": "26.77",
            "revenue": 56045
        },
        "2007-07": {
            "month": "2007-07",
            "price": "30.09",
            "revenue": 61781
        },
        "2007-08": {
            "month": "2007-08",
            "price": "27.84",
            "revenue": 66152
        },
        "2007-09": {
            "month": "2007-09",
            "price": "25.82",
            "revenue": 65032
        },
        "2007-10": {
            "month": "2007-10",
            "price": "24.92",
            "revenue": 64438
        },
        "2007-11": {
            "month": "2007-11",
            "price": "23.75",
            "revenue": 71370
        },
        "2007-12": {
            "month": "2007-12",
            "price": "22.36",
            "revenue": 70281
        },
        "2008-01": {
            "month": "2008-01",
            "price": "21.45",
            "revenue": 81383
        },
        "2008-02": {
            "month": "2008-02",
            "price": "20.27",
            "revenue": 73363
        },
        "2008-03": {
            "month": "2008-03",
            "price": "22.61",
            "revenue": 84666
        },
        "2008-04": {
            "month": "2008-04",
            "price": "22.33",
            "revenue": 101729
        },
        "2008-05": {
            "month": "2008-05",
            "price": "23.19",
            "revenue": 103321
        },
        "2008-06": {
            "month": "2008-06",
            "price": "22.60",
            "revenue": 113441
        },
        "2008-07": {
            "month": "2008-07",
            "price": "20.08",
            "revenue": 124919
        },
        "2008-08": {
            "month": "2008-08",
            "price": "20.91",
            "revenue": 127224
        },
        "2008-09": {
            "month": "2008-09",
            "price": "19.23",
            "revenue": 127631
        },
        "2008-10": {
            "month": "2008-10",
            "price": "14.68",
            "revenue": 119897
        },
        "2008-11": {
            "month": "2008-11",
            "price": "10.91",
            "revenue": 109453
        },
        "2008-12": {
            "month": "2008-12",
            "price": "8.10",
            "revenue": 87975
        },
        "2009-01": {
            "month": "2009-01",
            "price": "9.65",
            "revenue": 81409
        },
        "2009-02": {
            "month": "2009-02",
            "price": "10.48",
            "revenue": 48364
        },
        "2009-03": {
            "month": "2009-03",
            "price": "12.60",
            "revenue": 56255
        },
        "2009-04": {
            "month": "2009-04",
            "price": "16.29",
            "revenue": 56936
        },
        "2009-05": {
            "month": "2009-05",
            "price": "19.70",
            "revenue": 66015
        },
        "2009-06": {
            "month": "2009-06",
            "price": "17.04",
            "revenue": 67671
        },
        "2009-07": {
            "month": "2009-07",
            "price": "20.83",
            "revenue": 77107
        },
        "2009-08": {
            "month": "2009-08",
            "price": "24.48",
            "revenue": 84551
        },
        "2009-09": {
            "month": "2009-09",
            "price": "32.68",
            "revenue": 102460
        },
        "2009-10": {
            "month": "2009-10",
            "price": "35.07",
            "revenue": 117878
        },
        "2009-11": {
            "month": "2009-11",
            "price": "33.74",
            "revenue": 129375
        },
        "2009-12": {
            "month": "2009-12",
            "price": "42.17",
            "revenue": 134756
        },
        "2010-01": {
            "month": "2010-01",
            "price": "44.17",
            "revenue": 136710
        },
        "2010-02": {
            "month": "2010-02",
            "price": "40.31",
            "revenue": 120563
        },
        "2010-03": {
            "month": "2010-03",
            "price": "49.58",
            "revenue": 140023
        },
        "2010-04": {
            "month": "2010-04",
            "price": "53.50",
            "revenue": 145084
        },
        "2010-05": {
            "month": "2010-05",
            "price": "44.61",
            "revenue": 156341
        },
        "2010-06": {
            "month": "2010-06",
            "price": "45.99",
            "revenue": 162578
        },
        "2010-07": {
            "month": "2010-07",
            "price": "46.25",
            "revenue": 175041
        },
        "2010-08": {
            "month": "2010-08",
            "price": "42.77",
            "revenue": 183076
        },
        "2010-09": {
            "month": "2010-09",
            "price": "46.97",
            "revenue": 185345
        },
        "2010-10": {
            "month": "2010-10",
            "price": "50.54",
            "revenue": 191576
        },
        "2010-11": {
            "month": "2010-11",
            "price": "44.90",
            "revenue": 180916
        },
        "2010-12": {
            "month": "2010-12",
            "price": "47.10",
            "revenue": 152974
        },
        "2011-01": {
            "month": "2011-01",
            "price": "44.13",
            "revenue": 137365
        },
        "2011-02": {
            "month": "2011-02",
            "price": "46.38",
            "revenue": 88649
        },
        "2011-03": {
            "month": "2011-03",
            "price": "48.76",
            "revenue": 155155
        },
        "2011-04": {
            "month": "2011-04",
            "price": "49.07",
            "revenue": 178484
        },
        "2011-05": {
            "month": "2011-05",
            "price": "50.10",
            "revenue": 179432
        },
        "2011-06": {
            "month": "2011-06",
            "price": "40.88",
            "revenue": 180191
        },
        "2011-07": {
            "month": "2011-07",
            "price": "34.90",
            "revenue": 144110
        },
        "2011-08": {
            "month": "2011-08",
            "price": "22.60",
            "revenue": 142071
        },
        "2011-09": {
            "month": "2011-09",
            "price": "22.82",
            "revenue": 130012
        },
        "2011-10": {
            "month": "2011-10",
            "price": "25.36",
            "revenue": 101857
        },
        "2011-11": {
            "month": "2011-11",
            "price": "21.26",
            "revenue": 113345
        },
        "2011-12": {
            "month": "2011-12",
            "price": "18.50",
            "revenue": 100191
        },
        "2012-01": {
            "month": "2012-01",
            "price": "22.56",
            "revenue": 75865
        },
        "2012-02": {
            "month": "2012-02",
            "price": "25.86",
            "revenue": 93630
        },
        "2012-03": {
            "month": "2012-03",
            "price": "32.00",
            "revenue": 114416
        },
        "2012-04": {
            "month": "2012-04",
            "price": "27.68",
            "revenue": 142995
        },
        "2012-05": {
            "month": "2012-05",
            "price": "31.84",
            "revenue": 168800
        },
        "2012-06": {
            "month": "2012-06",
            "price": "33.91",
            "revenue": 177984
        },
        "2012-07": {
            "month": "2012-07",
            "price": "31.48",
            "revenue": 178430
        },
        "2012-08": {
            "month": "2012-08",
            "price": "31.56",
            "revenue": 175666
        },
        "2012-09": {
            "month": "2012-09",
            "price": "28.66",
            "revenue": 150314
        },
        "2012-10": {
            "month": "2012-10",
            "price": "22.82",
            "revenue": 123892
        },
        "2012-11": {
            "month": "2012-11",
            "price": "19.52",
            "revenue": 107996
        },
        "2012-12": {
            "month": "2012-12",
            "price": "20.77",
            "revenue": 100776
        },
        "2013-01": {
            "month": "2013-01",
            "price": "21.08",
            "revenue": 78859
        },
        "2013-02": {
            "month": "2013-02",
            "price": "19.85",
            "revenue": 74188
        },
        "2013-03": {
            "month": "2013-03",
            "price": "19.30",
            "revenue": 92479
        },
        "2013-04": {
            "month": "2013-04",
            "price": "18.27",
            "revenue": 118204
        },
        "2013-05": {
            "month": "2013-05",
            "price": "18.38",
            "revenue": 116630
        },
        "2013-06": {
            "month": "2013-06",
            "price": "16.69",
            "revenue": 115089
        },
        "2013-07": {
            "month": "2013-07",
            "price": "15.15",
            "revenue": 89714
        },
        "2013-08": {
            "month": "2013-08",
            "price": "15.04",
            "revenue": 85694
        },
        "2013-09": {
            "month": "2013-09",
            "price": "14.08",
            "revenue": 70423
        },
        "2013-10": {
            "month": "2013-10",
            "price": "12.91",
            "revenue": 71540
        },
        "2013-11": {
            "month": "2013-11",
            "price": "13.11",
            "revenue": 73949
        },
        "2013-12": {
            "month": "2013-12",
            "price": "12.96",
            "revenue": 79340
        },
        "2014-01": {
            "month": "2014-01",
            "price": "15.14",
            "revenue": 89070
        },
        "2014-02": {
            "month": "2014-02",
            "price": "16.81",
            "revenue": 80467
        },
        "2014-03": {
            "month": "2014-03",
            "price": "17.24",
            "revenue": 98913
        },
        "2014-04": {
            "month": "2014-04",
            "price": "20.01",
            "revenue": 139049
        },
        "2014-05": {
            "month": "2014-05",
            "price": "21.55",
            "revenue": 180082
        },
        "2014-06": {
            "month": "2014-06",
            "price": "26.38",
            "revenue": 203846
        },
        "2014-07": {
            "month": "2014-07",
            "price": "26.08",
            "revenue": 263478
        },
        "2014-08": {
            "month": "2014-08",
            "price": "25.10",
            "revenue": 275075
        },
        "2014-09": {
            "month": "2014-09",
            "price": "25.66",
            "revenue": 304540
        },
        "2014-10": {
            "month": "2014-10",
            "price": "25.89",
            "revenue": 332197
        },
        "2014-11": {
            "month": "2014-11",
            "price": "30.38",
            "revenue": 339851
        },
        "2014-12": {
            "month": "2014-12",
            "price": "35.19",
            "revenue": 362854
        },
        "2015-01": {
            "month": "2015-01",
            "price": "45.09",
            "revenue": 365060
        },
        "2015-02": {
            "month": "2015-02",
            "price": "43.37",
            "revenue": 310334
        },
        "2015-03": {
            "month": "2015-03",
            "price": "57.48",
            "revenue": 341050
        },
        "2015-04": {
            "month": "2015-04",
            "price": "64.22",
            "revenue": 351020
        },
        "2015-05": {
            "month": "2015-05",
            "price": "82.42",
            "revenue": 371209
        },
        "2015-06": {
            "month": "2015-06",
            "price": "109.42",
            "revenue": 375768
        },
        "2015-07": {
            "month": "2015-07",
            "price": "101.47",
            "revenue": 385207
        },
        "2015-08": {
            "month": "2015-08",
            "price": "76.21",
            "revenue": 406343
        },
        "2015-09": {
            "month": "2015-09",
            "price": "85.10",
            "revenue": 405819
        },
        "2015-10": {
            "month": "2015-10",
            "price": "81.39",
            "revenue": 352037
        },
        "2015-11": {
            "month": "2015-11",
            "price": "81.34",
            "revenue": 379766
        },
        "2015-12": {
            "month": "2015-12",
            "price": "92.91",
            "revenue": 380694
        },
        "2016-01": {
            "month": "2016-01",
            "price": "76.81",
            "revenue": 342439
        },
        "2016-02": {
            "month": "2016-02",
            "price": "75.93",
            "revenue": 236314
        },
        "2016-03": {
            "month": "2016-03",
            "price": "74.94",
            "revenue": 246483
        },
        "2016-04": {
            "month": "2016-04",
            "price": "61.75",
            "revenue": 251526
        },
        "2016-05": {
            "month": "2016-05",
            "price": "63.03",
            "revenue": 253321
        },
        "2016-06": {
            "month": "2016-06",
            "price": "67.46",
            "revenue": 201417
        },
        "2016-07": {
            "month": "2016-07",
            "price": "57.62",
            "revenue": 126247
        },
        "2016-08": {
            "month": "2016-08",
            "price": "50.68",
            "revenue": 126553
        },
        "2016-09": {
            "month": "2016-09",
            "price": "51.60",
            "revenue": 117040
        },
        "2016-10": {
            "month": "2016-10",
            "price": "49.04",
            "revenue": 112903
        },
        "2016-11": {
            "month": "2016-11",
            "price": "44.98",
            "revenue": 119304
        },
        "2016-12": {
            "month": "2016-12",
            "price": "50.42",
            "revenue": 139324
        },
        "2017-01": {
            "month": "2017-01",
            "price": "50.90",
            "revenue": 138705
        },
        "2017-02": {
            "month": "2017-02",
            "price": "59.52",
            "revenue": 147510
        },
        "2017-03": {
            "month": "2017-03",
            "price": "59.83",
            "revenue": 154641
        },
        "2017-04": {
            "month": "2017-04",
            "price": "57.92",
            "revenue": 158341
        },
        "2017-05": {
            "month": "2017-05",
            "price": "58.75",
            "revenue": 162283
        },
        "2017-06": {
            "month": "2017-06",
            "price": "61.38",
            "revenue": 155860
        },
        "2017-07": {
            "month": "2017-07",
            "price": "63.42",
            "revenue": 127995
        },
        "2017-08": {
            "month": "2017-08",
            "price": "59.96",
            "revenue": 129124
        },
        "2017-09": {
            "month": "2017-09",
            "price": "55.58",
            "revenue": 120221
        },
        "2017-10": {
            "month": "2017-10",
            "price": "57.01",
            "revenue": 109411
        },
        "2017-11": {
            "month": "2017-11",
            "price": "63.44",
            "revenue": 117554
        },
        "2017-12": {
            "month": "2017-12",
            "price": "73.09",
            "revenue": 139822
        },
        "2018-01": {
            "month": "2018-01",
            "price": "70.67",
            "revenue": 146839
        },
        "2018-02": {
            "month": "2018-02",
            "price": "67.81",
            "revenue": 129350
        },
        "2018-03": {
            "month": "2018-03",
            "price": "64.27",
            "revenue": 188342
        },
        "2018-04": {
            "month": "2018-04",
            "price": "65.84",
            "revenue": 201243
        },
        "2018-05": {
            "month": "2018-05",
            "price": "65.35",
            "revenue": 196377
        },
        "2018-06": {
            "month": "2018-06",
            "price": "71.94",
            "revenue": 198595
        },
        "2018-07": {
            "month": "2018-07",
            "price": "67.51",
            "revenue": 178573
        },
        "2018-08": {
            "month": "2018-08",
            "price": "58.18",
            "revenue": 131404
        },
        "2018-09": {
            "month": "2018-09",
            "price": "50.44",
            "revenue": 122268
        },
        "2018-10": {
            "month": "2018-10",
            "price": "41.20",
            "revenue": 111162
        },
        "2018-11": {
            "month": "2018-11",
            "price": "38.53",
            "revenue": 123505
        },
        "2018-12": {
            "month": "2018-12",
            "price": "41.47",
            "revenue": 109188
        },
        "2019-01": {
            "month": "2019-01",
            "price": "44.36",
            "revenue": 113324
        },
        "2019-02": {
            "month": "2019-02",
            "price": "47.17",
            "revenue": 93561
        },
        "2019-03": {
            "month": "2019-03",
            "price": "48.39",
            "revenue": 103003
        },
        "2019-04": {
            "month": "2019-04",
            "price": "53.01",
            "revenue": 124508
        },
        "2019-05": {
            "month": "2019-05",
            "price": "45.91",
            "revenue": 155303
        },
        "2019-06": {
            "month": "2019-06",
            "price": "54.52",
            "revenue": 171013
        },
        "2019-07": {
            "month": "2019-07",
            "price": "69.83",
            "revenue": 196202
        },
        "2019-08": {
            "month": "2019-08",
            "price": "69.88",
            "revenue": 232077
        },
        "2019-09": {
            "month": "2019-09",
            "price": "81.49",
            "revenue": 237380
        },
        "2019-10": {
            "month": "2019-10",
            "price": "103.88",
            "revenue": 253073
        },
        "2019-11": {
            "month": "2019-11",
            "price": "105.56",
            "revenue": 259976
        },
        "2019-12": {
            "month": "2019-12",
            "price": "103.51",
            "revenue": 267483
        },
        "2020-01": {
            "month": "2020-01",
            "price": "94.82",
            "revenue": 269664
        },
        "2020-02": {
            "month": "2020-02",
            "price": "97.27",
            "revenue": 271871
        },
        "2020-03": {
            "month": "2020-03",
            "price": "81.14",
            "revenue": 272166
        },
        "2020-04": {
            "month": "2020-04",
            "price": "87.20",
            "revenue": 276598
        },
        "2020-05": {
            "month": "2020-05",
            "price": "90.02",
            "revenue": 279317
        },
        "2020-06": {
            "month": "2020-06",
            "price": "92.41",
            "revenue": 284323
        },
        "2020-07": {
            "month": "2020-07",
            "price": "98.38",
            "revenue": 280652
        },
        "2020-08": {
            "month": "2020-08",
            "price": "90.52",
            "revenue": 286648
        },
        "2020-09": {
            "month": "2020-09",
            "price": "94.90",
            "revenue": 312077
        },
        "2020-10": {
            "month": "2020-10",
            "price": "102.82",
            "revenue": 322793
        },
        "2020-11": {
            "month": "2020-11",
            "price": "112.48",
            "revenue": 340273
        },
        "2020-12": {
            "month": "2020-12",
            "price": "127.24",
            "revenue": 347052
        },
        "2021-01": {
            "month": "2021-01",
            "price": "148.32",
            "revenue": 360285
        },
        "2021-02": {
            "month": "2021-02",
            "price": "163.73",
            "revenue": 334523
        },
        "2021-03": {
            "month": "2021-03",
            "price": "149.48",
            "revenue": 370930
        },
        "2021-04": {
            "month": "2021-04",
            "price": "157.34",
            "revenue": 374485
        },
        "2021-05": {
            "month": "2021-05",
            "price": "127.10",
            "revenue": 378944
        },
        "2021-06": {
            "month": "2021-06",
            "price": "147.33",
            "revenue": 396364
        },
        "2021-07": {
            "month": "2021-07",
            "price": "172.95",
            "revenue": 412458
        },
        "2021-08": {
            "month": "2021-08",
            "price": "157.86",
            "revenue": 428889
        },
        "2021-09": {
            "month": "2021-09",
            "price": "157.32",
            "revenue": 439930
        },
        "2021-10": {
            "month": "2021-10",
            "price": "142.72",
            "revenue": 450348
        },
        "2021-11": {
            "month": "2021-11",
            "price": "151.91",
            "revenue": 424824
        },
        "2021-12": {
            "month": "2021-12",
            "price": "142.05",
            "revenue": 344043
        },
        "2022-01": {
            "month": "2022-01",
            "price": "125.92",
            "revenue": 246852
        },
        "2022-02": {
            "month": "2022-02",
            "price": "109.87",
            "revenue": 181917
        },
        "2022-03": {
            "month": "2022-03",
            "price": "101.80",
            "revenue": 182271
        },
        "2022-04": {
            "month": "2022-04",
            "price": "92.98",
            "revenue": 187133
        },
        "2022-05": {
            "month": "2022-05",
            "price": "85.40",
            "revenue": 197071
        },
        "2022-06": {
            "month": "2022-06",
            "price": "87.70",
            "revenue": 203738
        },
        "2022-07": {
            "month": "2022-07",
            "price": "72.81",
            "revenue": 206039
        },
        "2022-08": {
            "month": "2022-08",
            "price": "74.98",
            "revenue": 198145
        },
        "2022-09": {
            "month": "2022-09",
            "price": "72.03",
            "revenue": 186499
        },
        "2022-10": {
            "month": "2022-10",
            "price": "60.04",
            "revenue": 123101
        },
        "2022-11": {
            "month": "2022-11",
            "price": "69.25",
            "revenue": 124596
        },
        "2022-12": {
            "month": "2022-12",
            "price": "70.40",
            "revenue": 126389
        },
        "2023-01": {
            "month": "2023-01",
            "price": "73.45",
            "revenue": 118671
        },
        "2023-02": {
            "month": "2023-02",
            "price": "77.41",
            "revenue": 104951
        },
        "2023-03": {
            "month": "2023-03",
            "price": "78.75",
            "revenue": 118053
        },
        "2023-04": {
            "month": "2023-04",
            "price": "89.11",
            "revenue": 118760
        }
    }
}
