{
    "summary": {
        "stock_name": "華鎂鑫",
        "stock_id": "8087",
        "category": "綠能環保",
        "main_business": "各類能源發電案場之開發、設計與工程服務<br>電廠資產管理及維運服務<br>儲能服務及再生能源售電",
        "website_url": "http://www.leadsun-green.com",
        "ceo": "林麗珍",
        "pe_ratio": -145,
        "report_year_from": 2001,
        "report_year_to": 2023,
        "age": 22,
        "eps_negative_percentage": 59,
        "eps_growth_avg": {
            "last_all": -50.34,
            "last_2y": -100,
            "last_4y": -100,
            "last_8y": -33.33,
            "last_12y": -60,
            "last_16y": -60,
            "last_20y": null,
            "at_2006_last_3y": -34.24,
            "at_2007_last_3y": -47.83,
            "at_2008_last_3y": -100,
            "at_2009_last_3y": null,
            "at_2010_last_3y": -100,
            "at_2011_last_3y": -100,
            "at_2012_last_3y": -100,
            "at_2013_last_3y": -100,
            "at_2014_last_3y": -100,
            "at_2015_last_3y": -100,
            "at_2016_last_3y": -100,
            "at_2017_last_3y": 100,
            "at_2018_last_3y": 0,
            "at_2019_last_3y": 0,
            "at_2020_last_3y": -33.33,
            "at_2021_last_3y": -100,
            "at_2022_last_3y": -100,
            "at_2023_last_3y": -100,
            "at_2006_last_all": -34.24,
            "at_2007_last_all": -34.24,
            "at_2008_last_all": -34.24,
            "at_2009_last_all": -34.24,
            "at_2010_last_all": -50.68,
            "at_2011_last_all": -50.68,
            "at_2012_last_all": -50.68,
            "at_2013_last_all": -60.54,
            "at_2014_last_all": -60.54,
            "at_2015_last_all": -60.54,
            "at_2016_last_all": -60.54,
            "at_2017_last_all": -33.79,
            "at_2018_last_all": -43.25,
            "at_2019_last_all": -43.25,
            "at_2020_last_all": -50.34,
            "at_2021_last_all": -50.34,
            "at_2022_last_all": -50.34,
            "at_2023_last_all": -50.34
        },
        "latest_eps": -0.34,
        "latest_price": 49.25,
        "latest_roe": -3.48,
        "latest_gross_margin": 7.27,
        "latest_equity": 286248,
        "latest_revenue": 58547,
        "latest_gross_profit": 4258,
        "latest_net_income": -12314,
        "latest_debt_ratio": 67.89,
        "latest_current_ratio": 60.51,
        "latest_account_receivable_turnover_ratio": 0.96,
        "latest_inventory_turnover_ratio": null,
        "latest_reinvestment_rate": 4783.28,
        "latest_research_to_sale_ratio": null
    },
    "eps_dividends": {
        "2001": {
            "cash": 0,
            "stock": 0,
            "eps": 0
        },
        "2002": {
            "cash": 1,
            "stock": 0,
            "eps": 2.97
        },
        "2003": {
            "cash": 1,
            "stock": 0.5,
            "eps": 2.76
        },
        "2004": {
            "cash": 0.77,
            "stock": 0.96,
            "eps": 2.88
        },
        "2005": {
            "cash": 0.7,
            "stock": 0.5,
            "eps": -0.99
        },
        "2006": {
            "cash": 0.2,
            "stock": 0,
            "eps": -0.06
        },
        "2007": {
            "cash": 0.1,
            "stock": 0,
            "eps": -1.03
        },
        "2008": {
            "cash": 0,
            "stock": 0,
            "eps": -1.6
        },
        "2009": {
            "cash": 0,
            "stock": 0,
            "eps": 0.18
        },
        "2010": {
            "cash": 0.15,
            "stock": 0,
            "eps": -0.57
        },
        "2011": {
            "cash": 0,
            "stock": 0,
            "eps": -0.44
        },
        "2012": {
            "cash": 0,
            "stock": 0,
            "eps": 0.24
        },
        "2013": {
            "cash": 0.2,
            "stock": 0,
            "eps": -1.17
        },
        "2014": {
            "cash": 0,
            "stock": 0,
            "eps": -0.16
        },
        "2015": {
            "cash": 0,
            "stock": 0,
            "eps": -0.27
        },
        "2016": {
            "cash": 0,
            "stock": 0,
            "eps": 0.08
        },
        "2017": {
            "cash": 0,
            "stock": 0,
            "eps": 0.3
        },
        "2018": {
            "cash": 0.1,
            "stock": 0,
            "eps": -0.62
        },
        "2019": {
            "cash": 0,
            "stock": 0,
            "eps": 0.03
        },
        "2020": {
            "cash": 0,
            "stock": 0,
            "eps": -0.2
        },
        "2021": {
            "cash": 0,
            "stock": 0,
            "eps": -0.84
        },
        "2022": {
            "cash": 0,
            "stock": 0,
            "eps": 1.28
        },
        "2023": {
            "cash": 0,
            "stock": 0,
            "eps": -0.26
        }
    },
    "dividends": {
        "2002-05-03": {
            "cash": 1,
            "stock": 0
        },
        "2003-06-17": {
            "cash": 1,
            "stock": 0.5
        },
        "2004-04-30": {
            "cash": 0.77,
            "stock": 0.96
        },
        "2005-05-03": {
            "cash": 0.7,
            "stock": 0.5
        },
        "2006-05-12": {
            "cash": 0.2,
            "stock": 0
        },
        "2007-04-26": {
            "cash": 0.1,
            "stock": 0
        },
        "2010-04-28": {
            "cash": 0.15,
            "stock": 0
        },
        "2013-06-10": {
            "cash": 0.2,
            "stock": 0
        },
        "2018-09-17": {
            "cash": 0.1,
            "stock": 0
        }
    },
    "prices": {
        "200101": "無",
        "200102": "無",
        "200103": "無",
        "200104": "無",
        "200105": "無",
        "200106": "無",
        "200107": "無",
        "200108": "無",
        "200109": "無",
        "200110": "無",
        "200111": "無",
        "200112": "無",
        "200201": "無",
        "200202": "無",
        "200203": "無",
        "200204": "無",
        "200205": "無",
        "200206": "無",
        "200207": "無",
        "200208": "無",
        "200209": "無",
        "200210": "無",
        "200211": "無",
        "200212": "無",
        "200301": "無",
        "200302": "無",
        "200303": "無",
        "200304": "無",
        "200305": "無",
        "200306": "無",
        "200307": "無",
        "200308": "無",
        "200309": "無",
        "200310": "27.00",
        "200311": "27.21",
        "200312": "32.15",
        "200401": "36.88",
        "200402": "33.97",
        "200403": "31.37",
        "200404": "32.82",
        "200405": "30.61",
        "200406": "28.85",
        "200407": "25.30",
        "200408": "22.41",
        "200409": "22.45",
        "200410": "19.67",
        "200411": "16.65",
        "200412": "16.73",
        "200501": "15.51",
        "200502": "15.50",
        "200503": "15.97",
        "200504": "15.45",
        "200505": "13.19",
        "200506": "14.60",
        "200507": "13.46",
        "200508": "12.64",
        "200509": "13.19",
        "200510": "13.14",
        "200511": "11.79",
        "200512": "10.00",
        "200601": "8.83",
        "200602": "8.37",
        "200603": "7.85",
        "200604": "9.55",
        "200605": "10.16",
        "200606": "9.90",
        "200607": "9.71",
        "200608": "8.87",
        "200609": "8.15",
        "200610": "7.89",
        "200611": "8.53",
        "200612": "10.22",
        "200701": "10.03",
        "200702": "9.40",
        "200703": "10.25",
        "200704": "12.03",
        "200705": "12.10",
        "200706": "13.10",
        "200707": "13.53",
        "200708": "11.87",
        "200709": "12.23",
        "200710": "11.93",
        "200711": "9.31",
        "200712": "8.70",
        "200801": "7.98",
        "200802": "8.03",
        "200803": "8.45",
        "200804": "9.48",
        "200805": "9.17",
        "200806": "8.58",
        "200807": "7.29",
        "200808": "6.84",
        "200809": "6.76",
        "200810": "5.61",
        "200811": "3.57",
        "200812": "3.56",
        "200901": "3.72",
        "200902": "4.49",
        "200903": "5.11",
        "200904": "5.80",
        "200905": "6.61",
        "200906": "6.71",
        "200907": "7.71",
        "200908": "8.69",
        "200909": "9.20",
        "200910": "9.81",
        "200911": "9.12",
        "200912": "9.36",
        "201001": "13.68",
        "201002": "11.72",
        "201003": "13.13",
        "201004": "15.96",
        "201005": "15.30",
        "201006": "13.28",
        "201007": "14.51",
        "201008": "14.80",
        "201009": "13.47",
        "201010": "11.75",
        "201011": "9.96",
        "201012": "11.26",
        "201101": "11.36",
        "201102": "10.89",
        "201103": "11.43",
        "201104": "11.23",
        "201105": "10.92",
        "201106": "10.57",
        "201107": "10.16",
        "201108": "8.99",
        "201109": "9.21",
        "201110": "9.40",
        "201111": "8.61",
        "201112": "7.08",
        "201201": "7.00",
        "201202": "7.96",
        "201203": "8.02",
        "201204": "7.81",
        "201205": "7.47",
        "201206": "7.12",
        "201207": "6.98",
        "201208": "6.95",
        "201209": "7.16",
        "201210": "6.96",
        "201211": "6.98",
        "201212": "6.97",
        "201301": "7.12",
        "201302": "7.08",
        "201303": "7.13",
        "201304": "7.47",
        "201305": "8.06",
        "201306": "8.10",
        "201307": "8.07",
        "201308": "7.99",
        "201309": "7.88",
        "201310": "7.93",
        "201311": "7.96",
        "201312": "7.88",
        "201401": "8.10",
        "201402": "8.47",
        "201403": "8.64",
        "201404": "8.32",
        "201405": "8.18",
        "201406": "9.31",
        "201407": "12.89",
        "201408": "10.99",
        "201409": "10.99",
        "201410": "10.58",
        "201411": "10.24",
        "201412": "10.24",
        "201501": "10.78",
        "201502": "10.66",
        "201503": "10.73",
        "201504": "10.48",
        "201505": "10.31",
        "201506": "9.56",
        "201507": "8.58",
        "201508": "7.73",
        "201509": "7.43",
        "201510": "7.91",
        "201511": "7.89",
        "201512": "7.77",
        "201601": "7.62",
        "201602": "7.81",
        "201603": "8.15",
        "201604": "8.16",
        "201605": "7.84",
        "201606": "7.79",
        "201607": "7.88",
        "201608": "8.11",
        "201609": "7.83",
        "201610": "7.82",
        "201611": "7.66",
        "201612": "7.76",
        "201701": "7.55",
        "201702": "8.27",
        "201703": "8.73",
        "201704": "8.98",
        "201705": "8.66",
        "201706": "8.71",
        "201707": "8.80",
        "201708": "9.67",
        "201709": "9.92",
        "201710": "12.92",
        "201711": "10.26",
        "201712": "9.83",
        "201801": "9.91",
        "201802": "9.70",
        "201803": "10.08",
        "201804": "9.90",
        "201805": "9.72",
        "201806": "10.11",
        "201807": "9.91",
        "201808": "9.44",
        "201809": "8.89",
        "201810": "7.89",
        "201811": "7.45",
        "201812": "7.61",
        "201901": "7.72",
        "201902": "8.02",
        "201903": "8.38",
        "201904": "8.16",
        "201905": "7.68",
        "201906": "7.78",
        "201907": "7.86",
        "201908": "7.73",
        "201909": "7.92",
        "201910": "7.59",
        "201911": "7.35",
        "201912": "7.32",
        "202001": "7.37",
        "202002": "7.26",
        "202003": "6.18",
        "202004": "5.66",
        "202005": "6.24",
        "202006": "6.15",
        "202007": "6.86",
        "202008": "7.17",
        "202009": "8.04",
        "202010": "7.85",
        "202011": "7.78",
        "202012": "8.75",
        "202101": "19.05",
        "202102": "19.85",
        "202103": "24.86",
        "202104": "28.18",
        "202105": "25.30",
        "202106": "25.28",
        "202107": "27.70",
        "202108": "27.48",
        "202109": "26.42",
        "202110": "25.55",
        "202111": "26.39",
        "202112": "25.49",
        "202201": "29.46",
        "202202": "33.83",
        "202203": "31.50",
        "202204": "35.27",
        "202205": "46.02",
        "202206": "41.98",
        "202207": "33.14",
        "202208": "32.58",
        "202209": "29.25",
        "202210": "26.20",
        "202211": "26.36",
        "202212": "25.80",
        "202301": "27.47",
        "202302": "28.79",
        "202303": "31.44",
        "202304": "36.64",
        "202305": "35.19",
        "202306": "44.29",
        "202307": "62.87",
        "202308": "52.20",
        "202309": "55.18",
        "202310": "50.87"
    },
    "quarters": {
        "20011": {
            "year_quarter": 20011,
            "year": 2001,
            "quarter": 1,
            "eps": null,
            "eps_growth_year": null,
            "eps_4q": null,
            "eps_4q_growth_year": null,
            "roe": null,
            "roe_4q": 0,
            "gross_profit": null,
            "gross_margin": null,
            "gross_margin_4q_avg": 0,
            "net_income": null,
            "net_income_4q": null,
            "revenue": null,
            "revenue_4q": null,
            "common_shares": null,
            "book_valuer_per_share": null,
            "book_valuer_per_share_4q_avg": 0,
            "equity": null,
            "current_ratio": null,
            "debt_ratio": null,
            "inventory_turnover_ratio": null,
            "account_receivable_turnover_ratio": null,
            "reinvestment_rate": null,
            "research_to_sale_ratio": null,
            "price_fair": 0,
            "eps_avg_yearly": 0,
            "eps_latest_yearly": 0,
            "eps_growth_yearly": 0
        },
        "20012": {
            "year_quarter": 20012,
            "year": 2001,
            "quarter": 2,
            "eps": null,
            "eps_growth_year": null,
            "eps_4q": null,
            "eps_4q_growth_year": null,
            "roe": null,
            "roe_4q": 0,
            "gross_profit": null,
            "gross_margin": null,
            "gross_margin_4q_avg": 0,
            "net_income": null,
            "net_income_4q": null,
            "revenue": null,
            "revenue_4q": null,
            "common_shares": null,
            "book_valuer_per_share": null,
            "book_valuer_per_share_4q_avg": 0,
            "equity": null,
            "current_ratio": null,
            "debt_ratio": null,
            "inventory_turnover_ratio": null,
            "account_receivable_turnover_ratio": null,
            "reinvestment_rate": null,
            "research_to_sale_ratio": null,
            "price_fair": 0,
            "eps_avg_yearly": 0,
            "eps_latest_yearly": 0,
            "eps_growth_yearly": 0
        },
        "20013": {
            "year_quarter": 20013,
            "year": 2001,
            "quarter": 3,
            "eps": null,
            "eps_growth_year": null,
            "eps_4q": null,
            "eps_4q_growth_year": null,
            "roe": null,
            "roe_4q": 0,
            "gross_profit": null,
            "gross_margin": null,
            "gross_margin_4q_avg": 0,
            "net_income": null,
            "net_income_4q": null,
            "revenue": null,
            "revenue_4q": null,
            "common_shares": null,
            "book_valuer_per_share": null,
            "book_valuer_per_share_4q_avg": 0,
            "equity": null,
            "current_ratio": null,
            "debt_ratio": null,
            "inventory_turnover_ratio": null,
            "account_receivable_turnover_ratio": null,
            "reinvestment_rate": null,
            "research_to_sale_ratio": null,
            "price_fair": 0,
            "eps_avg_yearly": 0,
            "eps_latest_yearly": 0,
            "eps_growth_yearly": 0
        },
        "20014": {
            "year_quarter": 20014,
            "year": 2001,
            "quarter": 4,
            "eps": null,
            "eps_growth_year": null,
            "eps_4q": null,
            "eps_4q_growth_year": null,
            "roe": null,
            "roe_4q": 0,
            "gross_profit": null,
            "gross_margin": null,
            "gross_margin_4q_avg": 0,
            "net_income": null,
            "net_income_4q": null,
            "revenue": null,
            "revenue_4q": null,
            "common_shares": 245097,
            "book_valuer_per_share": 14.65,
            "book_valuer_per_share_4q_avg": 3.66,
            "equity": 359163,
            "current_ratio": 196.7,
            "debt_ratio": 39.49,
            "inventory_turnover_ratio": null,
            "account_receivable_turnover_ratio": null,
            "reinvestment_rate": null,
            "research_to_sale_ratio": null,
            "price_fair": 0,
            "eps_avg_yearly": 0,
            "eps_latest_yearly": 0,
            "eps_growth_yearly": 0
        },
        "20021": {
            "year_quarter": 20021,
            "year": 2002,
            "quarter": 1,
            "eps": 0.59,
            "eps_growth_year": null,
            "eps_4q": null,
            "eps_4q_growth_year": null,
            "roe": 3.96,
            "roe_4q": 3.96,
            "gross_profit": 25498,
            "gross_margin": 32.42,
            "gross_margin_4q_avg": 8.11,
            "net_income": 14513,
            "net_income_4q": null,
            "revenue": 78645,
            "revenue_4q": null,
            "common_shares": 245097,
            "book_valuer_per_share": 15.25,
            "book_valuer_per_share_4q_avg": 7.48,
            "equity": 373676,
            "current_ratio": 191.04,
            "debt_ratio": 44.47,
            "inventory_turnover_ratio": 5.84,
            "account_receivable_turnover_ratio": null,
            "reinvestment_rate": null,
            "research_to_sale_ratio": null,
            "price_fair": 0,
            "eps_avg_yearly": 0,
            "eps_latest_yearly": 0,
            "eps_growth_yearly": 0
        },
        "20022": {
            "year_quarter": 20022,
            "year": 2002,
            "quarter": 2,
            "eps": 0.51,
            "eps_growth_year": null,
            "eps_4q": null,
            "eps_4q_growth_year": null,
            "roe": 3.41,
            "roe_4q": 7.37,
            "gross_profit": 35077,
            "gross_margin": 37.86,
            "gross_margin_4q_avg": 17.57,
            "net_income": 12492,
            "net_income_4q": null,
            "revenue": 92649,
            "revenue_4q": null,
            "common_shares": 245097,
            "book_valuer_per_share": 14.67,
            "book_valuer_per_share_4q_avg": 11.14,
            "equity": 359490,
            "current_ratio": 129.14,
            "debt_ratio": 47.25,
            "inventory_turnover_ratio": 8.06,
            "account_receivable_turnover_ratio": null,
            "reinvestment_rate": null,
            "research_to_sale_ratio": null,
            "price_fair": 6.12,
            "eps_avg_yearly": 2.04,
            "eps_latest_yearly": 2.04,
            "eps_growth_yearly": -54.24
        },
        "20023": {
            "year_quarter": 20023,
            "year": 2002,
            "quarter": 3,
            "eps": 0.81,
            "eps_growth_year": null,
            "eps_4q": null,
            "eps_4q_growth_year": null,
            "roe": 5.34,
            "roe_4q": 12.71,
            "gross_profit": 44711,
            "gross_margin": 38.81,
            "gross_margin_4q_avg": 27.27,
            "net_income": 20765,
            "net_income_4q": null,
            "revenue": 115214,
            "revenue_4q": null,
            "common_shares": 277110,
            "book_valuer_per_share": 15.11,
            "book_valuer_per_share_4q_avg": 14.92,
            "equity": 418671,
            "current_ratio": 144.06,
            "debt_ratio": 47.27,
            "inventory_turnover_ratio": 15.41,
            "account_receivable_turnover_ratio": null,
            "reinvestment_rate": null,
            "research_to_sale_ratio": null,
            "price_fair": 92.4,
            "eps_avg_yearly": 2.64,
            "eps_latest_yearly": 3.24,
            "eps_growth_yearly": 90.53
        },
        "20024": {
            "year_quarter": 20024,
            "year": 2002,
            "quarter": 4,
            "eps": 1.06,
            "eps_growth_year": null,
            "eps_4q": 2.97,
            "eps_4q_growth_year": null,
            "roe": 6.06,
            "roe_4q": 18.77,
            "gross_profit": 49113,
            "gross_margin": 42.39,
            "gross_margin_4q_avg": 37.87,
            "net_income": 26479,
            "net_income_4q": null,
            "revenue": 115865,
            "revenue_4q": null,
            "common_shares": 277110,
            "book_valuer_per_share": 16.42,
            "book_valuer_per_share_4q_avg": 15.36,
            "equity": 455150,
            "current_ratio": 153.78,
            "debt_ratio": 45.77,
            "inventory_turnover_ratio": 11.62,
            "account_receivable_turnover_ratio": null,
            "reinvestment_rate": null,
            "research_to_sale_ratio": null,
            "price_fair": 111.07,
            "eps_avg_yearly": 3.17,
            "eps_latest_yearly": 4.24,
            "eps_growth_yearly": 101.5
        },
        "20031": {
            "year_quarter": 20031,
            "year": 2003,
            "quarter": 1,
            "eps": 0.54,
            "eps_growth_year": -8.47,
            "eps_4q": 2.72,
            "eps_4q_growth_year": null,
            "roe": 3.2,
            "roe_4q": 18.009999999999998,
            "gross_profit": 39982,
            "gross_margin": 34.99,
            "gross_margin_4q_avg": 38.51,
            "net_income": 14823,
            "net_income_4q": null,
            "revenue": 114277,
            "revenue_4q": null,
            "common_shares": 277110,
            "book_valuer_per_share": 16.96,
            "book_valuer_per_share_4q_avg": 15.79,
            "equity": 469973,
            "current_ratio": 127.44,
            "debt_ratio": 46.3,
            "inventory_turnover_ratio": 9.73,
            "account_receivable_turnover_ratio": null,
            "reinvestment_rate": null,
            "research_to_sale_ratio": null,
            "price_fair": 102.2,
            "eps_avg_yearly": 2.92,
            "eps_latest_yearly": 2.16,
            "eps_growth_yearly": 27.07
        },
        "20032": {
            "year_quarter": 20032,
            "year": 2003,
            "quarter": 2,
            "eps": 0.02,
            "eps_growth_year": -96.08,
            "eps_4q": 2.21,
            "eps_4q_growth_year": null,
            "roe": 0.13,
            "roe_4q": 14.73,
            "gross_profit": 23842,
            "gross_margin": 24.23,
            "gross_margin_4q_avg": 35.11,
            "net_income": 568,
            "net_income_4q": null,
            "revenue": 98394,
            "revenue_4q": null,
            "common_shares": 277110,
            "book_valuer_per_share": 15.74,
            "book_valuer_per_share_4q_avg": 16.06,
            "equity": 436148,
            "current_ratio": 113.88,
            "debt_ratio": 52.77,
            "inventory_turnover_ratio": 12.13,
            "account_receivable_turnover_ratio": null,
            "reinvestment_rate": null,
            "research_to_sale_ratio": null,
            "price_fair": 7.06,
            "eps_avg_yearly": 2.35,
            "eps_latest_yearly": 0.08,
            "eps_growth_yearly": -55.38
        },
        "20033": {
            "year_quarter": 20033,
            "year": 2003,
            "quarter": 3,
            "eps": 1.06,
            "eps_growth_year": 30.86,
            "eps_4q": 2.57,
            "eps_4q_growth_year": null,
            "roe": 6.51,
            "roe_4q": 15.899999999999999,
            "gross_profit": 40395,
            "gross_margin": 34.85,
            "gross_margin_4q_avg": 34.12,
            "net_income": 29343,
            "net_income_4q": null,
            "revenue": 115921,
            "revenue_4q": null,
            "common_shares": 277110,
            "book_valuer_per_share": 16.8,
            "book_valuer_per_share_4q_avg": 16.48,
            "equity": 465490,
            "current_ratio": 120.68,
            "debt_ratio": 48.91,
            "inventory_turnover_ratio": 19.03,
            "account_receivable_turnover_ratio": null,
            "reinvestment_rate": null,
            "research_to_sale_ratio": null,
            "price_fair": 93.33,
            "eps_avg_yearly": 2.67,
            "eps_latest_yearly": 4.24,
            "eps_growth_yearly": 3420.52
        },
        "20034": {
            "year_quarter": 20034,
            "year": 2003,
            "quarter": 4,
            "eps": 1.14,
            "eps_growth_year": 7.55,
            "eps_4q": 2.67,
            "eps_4q_growth_year": -10.09,
            "roe": 6.9,
            "roe_4q": 16.740000000000002,
            "gross_profit": 55993,
            "gross_margin": 40.04,
            "gross_margin_4q_avg": 33.53,
            "net_income": 33282,
            "net_income_4q": null,
            "revenue": 139850,
            "revenue_4q": null,
            "common_shares": 277110,
            "book_valuer_per_share": 18,
            "book_valuer_per_share_4q_avg": 16.88,
            "equity": 498773,
            "current_ratio": 157.17,
            "debt_ratio": 47.53,
            "inventory_turnover_ratio": 12.38,
            "account_receivable_turnover_ratio": null,
            "reinvestment_rate": null,
            "research_to_sale_ratio": null,
            "price_fair": 102.8,
            "eps_avg_yearly": 2.94,
            "eps_latest_yearly": 4.56,
            "eps_growth_yearly": 2936.18
        },
        "20041": {
            "year_quarter": 20041,
            "year": 2004,
            "quarter": 1,
            "eps": 1.28,
            "eps_growth_year": 137.04,
            "eps_4q": 3.4,
            "eps_4q_growth_year": 25.01,
            "roe": 6.82,
            "roe_4q": 20.36,
            "gross_profit": 60722,
            "gross_margin": 41.42,
            "gross_margin_4q_avg": 35.14,
            "net_income": 38237,
            "net_income_4q": null,
            "revenue": 146614,
            "revenue_4q": null,
            "common_shares": 317136,
            "book_valuer_per_share": 19.62,
            "book_valuer_per_share_4q_avg": 17.54,
            "equity": 622066,
            "current_ratio": 212.18,
            "debt_ratio": 40.62,
            "inventory_turnover_ratio": 6.19,
            "account_receivable_turnover_ratio": null,
            "reinvestment_rate": null,
            "research_to_sale_ratio": null,
            "price_fair": 112.35,
            "eps_avg_yearly": 3.21,
            "eps_latest_yearly": 5.12,
            "eps_growth_yearly": 2575.3
        },
        "20042": {
            "year_quarter": 20042,
            "year": 2004,
            "quarter": 2,
            "eps": 0.42,
            "eps_growth_year": 2000,
            "eps_4q": 3.75,
            "eps_4q_growth_year": 70.16,
            "roe": 2.14,
            "roe_4q": 22.37,
            "gross_profit": 32406,
            "gross_margin": 29.06,
            "gross_margin_4q_avg": 36.34,
            "net_income": 12711,
            "net_income_4q": null,
            "revenue": 111499,
            "revenue_4q": null,
            "common_shares": 317136,
            "book_valuer_per_share": 17.82,
            "book_valuer_per_share_4q_avg": 18.06,
            "equity": 565272,
            "current_ratio": 141.53,
            "debt_ratio": 45.69,
            "inventory_turnover_ratio": 5.03,
            "account_receivable_turnover_ratio": null,
            "reinvestment_rate": null,
            "research_to_sale_ratio": null,
            "price_fair": 106.4,
            "eps_avg_yearly": 3.04,
            "eps_latest_yearly": 1.68,
            "eps_growth_yearly": 2259.3
        },
        "20043": {
            "year_quarter": 20043,
            "year": 2004,
            "quarter": 3,
            "eps": 0.28,
            "eps_growth_year": -73.58,
            "eps_4q": 2.78,
            "eps_4q_growth_year": 8.11,
            "roe": 1.65,
            "roe_4q": 17.509999999999998,
            "gross_profit": 26997,
            "gross_margin": 24.01,
            "gross_margin_4q_avg": 33.63,
            "net_income": 9429,
            "net_income_4q": null,
            "revenue": 112463,
            "revenue_4q": null,
            "common_shares": 317136,
            "book_valuer_per_share": 18.12,
            "book_valuer_per_share_4q_avg": 18.39,
            "equity": 574701,
            "current_ratio": 169.12,
            "debt_ratio": 49.03,
            "inventory_turnover_ratio": 4.21,
            "account_receivable_turnover_ratio": null,
            "reinvestment_rate": null,
            "research_to_sale_ratio": null,
            "price_fair": 99.68,
            "eps_avg_yearly": 2.85,
            "eps_latest_yearly": 1.12,
            "eps_growth_yearly": 2020.03
        },
        "20044": {
            "year_quarter": 20044,
            "year": 2004,
            "quarter": 4,
            "eps": 0.9,
            "eps_growth_year": -21.05,
            "eps_4q": 2.69,
            "eps_4q_growth_year": 0.65,
            "roe": 5.15,
            "roe_4q": 15.760000000000002,
            "gross_profit": 39582,
            "gross_margin": 26.42,
            "gross_margin_4q_avg": 30.23,
            "net_income": 30364,
            "net_income_4q": null,
            "revenue": 149814,
            "revenue_4q": null,
            "common_shares": 350710,
            "book_valuer_per_share": 17.25,
            "book_valuer_per_share_4q_avg": 18.2,
            "equity": 605065,
            "current_ratio": 220.03,
            "debt_ratio": 54.72,
            "inventory_turnover_ratio": 3.34,
            "account_receivable_turnover_ratio": null,
            "reinvestment_rate": null,
            "research_to_sale_ratio": null,
            "price_fair": 102.07,
            "eps_avg_yearly": 2.92,
            "eps_latest_yearly": 3.6,
            "eps_growth_yearly": 1916.91
        },
        "20051": {
            "year_quarter": 20051,
            "year": 2005,
            "quarter": 1,
            "eps": 0.01,
            "eps_growth_year": -99.22,
            "eps_4q": 1.18,
            "eps_4q_growth_year": -65.34,
            "roe": 0.07,
            "roe_4q": 9.010000000000002,
            "gross_profit": 8860,
            "gross_margin": 8.68,
            "gross_margin_4q_avg": 22.04,
            "net_income": 450,
            "net_income_4q": null,
            "revenue": 102035,
            "revenue_4q": null,
            "common_shares": 350710,
            "book_valuer_per_share": 17.16,
            "book_valuer_per_share_4q_avg": 17.59,
            "equity": 601677,
            "current_ratio": 216.96,
            "debt_ratio": 54.98,
            "inventory_turnover_ratio": 2.58,
            "account_receivable_turnover_ratio": null,
            "reinvestment_rate": null,
            "research_to_sale_ratio": null,
            "price_fair": 93.68,
            "eps_avg_yearly": 2.68,
            "eps_latest_yearly": 0.04,
            "eps_growth_yearly": 1724.21
        },
        "20052": {
            "year_quarter": 20052,
            "year": 2005,
            "quarter": 2,
            "eps": -0.27,
            "eps_growth_year": -164.29,
            "eps_4q": 0.88,
            "eps_4q_growth_year": -76.58,
            "roe": -1.63,
            "roe_4q": 5.24,
            "gross_profit": 2506,
            "gross_margin": 2.58,
            "gross_margin_4q_avg": 15.42,
            "net_income": -9422,
            "net_income_4q": null,
            "revenue": 97313,
            "revenue_4q": null,
            "common_shares": 350710,
            "book_valuer_per_share": 15.83,
            "book_valuer_per_share_4q_avg": 17.09,
            "equity": 555253,
            "current_ratio": 181.18,
            "debt_ratio": 58.35,
            "inventory_turnover_ratio": 3.2,
            "account_receivable_turnover_ratio": null,
            "reinvestment_rate": null,
            "research_to_sale_ratio": null,
            "price_fair": 93.68,
            "eps_avg_yearly": 2.68,
            "eps_latest_yearly": 0.04,
            "eps_growth_yearly": 1724.21
        },
        "20053": {
            "year_quarter": 20053,
            "year": 2005,
            "quarter": 3,
            "eps": -0.05,
            "eps_growth_year": -117.86,
            "eps_4q": 0.53,
            "eps_4q_growth_year": -80.92,
            "roe": -0.33,
            "roe_4q": 3.2600000000000007,
            "gross_profit": 12764,
            "gross_margin": 11.2,
            "gross_margin_4q_avg": 12.22,
            "net_income": -1839,
            "net_income_4q": null,
            "revenue": 113924,
            "revenue_4q": null,
            "common_shares": 368462,
            "book_valuer_per_share": 15.06,
            "book_valuer_per_share_4q_avg": 16.33,
            "equity": 554926,
            "current_ratio": 202.98,
            "debt_ratio": 56.23,
            "inventory_turnover_ratio": 4.35,
            "account_receivable_turnover_ratio": null,
            "reinvestment_rate": null,
            "research_to_sale_ratio": null,
            "price_fair": 93.68,
            "eps_avg_yearly": 2.68,
            "eps_latest_yearly": 0.04,
            "eps_growth_yearly": 1724.21
        },
        "20054": {
            "year_quarter": 20054,
            "year": 2005,
            "quarter": 4,
            "eps": -0.68,
            "eps_growth_year": -175.56,
            "eps_4q": -0.99,
            "eps_4q_growth_year": -136.81,
            "roe": -4.39,
            "roe_4q": -6.279999999999999,
            "gross_profit": 2736,
            "gross_margin": 2.82,
            "gross_margin_4q_avg": 6.32,
            "net_income": -23862,
            "net_income_4q": null,
            "revenue": 97086,
            "revenue_4q": null,
            "common_shares": 368462,
            "book_valuer_per_share": 14.41,
            "book_valuer_per_share_4q_avg": 15.62,
            "equity": 531064,
            "current_ratio": 189.45,
            "debt_ratio": 55.98,
            "inventory_turnover_ratio": 5.45,
            "account_receivable_turnover_ratio": null,
            "reinvestment_rate": 154.88,
            "research_to_sale_ratio": null,
            "price_fair": 93.68,
            "eps_avg_yearly": 2.68,
            "eps_latest_yearly": 0.04,
            "eps_growth_yearly": 1724.21
        },
        "20061": {
            "year_quarter": 20061,
            "year": 2006,
            "quarter": 1,
            "eps": -0.1,
            "eps_growth_year": -1100,
            "eps_4q": -1.05,
            "eps_4q_growth_year": -188.88,
            "roe": -0.7,
            "roe_4q": -7.05,
            "gross_profit": 6384,
            "gross_margin": 6.81,
            "gross_margin_4q_avg": 5.85,
            "net_income": -3713,
            "net_income_4q": null,
            "revenue": 93722,
            "revenue_4q": null,
            "common_shares": 368462,
            "book_valuer_per_share": 14.31,
            "book_valuer_per_share_4q_avg": 14.9,
            "equity": 527351,
            "current_ratio": 205.3,
            "debt_ratio": 54.43,
            "inventory_turnover_ratio": 8.11,
            "account_receivable_turnover_ratio": null,
            "reinvestment_rate": 133.28,
            "research_to_sale_ratio": null,
            "price_fair": 93.68,
            "eps_avg_yearly": 2.68,
            "eps_latest_yearly": 0.04,
            "eps_growth_yearly": 1724.21
        },
        "20062": {
            "year_quarter": 20062,
            "year": 2006,
            "quarter": 2,
            "eps": -0.09,
            "eps_growth_year": null,
            "eps_4q": -0.88,
            "eps_4q_growth_year": -200.53,
            "roe": -0.6,
            "roe_4q": -6.02,
            "gross_profit": 7548,
            "gross_margin": 8.37,
            "gross_margin_4q_avg": 7.3,
            "net_income": -3139,
            "net_income_4q": null,
            "revenue": 90194,
            "revenue_4q": null,
            "common_shares": 368462,
            "book_valuer_per_share": 13.94,
            "book_valuer_per_share_4q_avg": 14.43,
            "equity": 513457,
            "current_ratio": 208.51,
            "debt_ratio": 53.86,
            "inventory_turnover_ratio": 15.13,
            "account_receivable_turnover_ratio": null,
            "reinvestment_rate": 119.67,
            "research_to_sale_ratio": null,
            "price_fair": 95.71,
            "eps_avg_yearly": 2.73,
            "eps_latest_yearly": 0.04,
            "eps_growth_yearly": 1885.88
        },
        "20063": {
            "year_quarter": 20063,
            "year": 2006,
            "quarter": 3,
            "eps": 0.06,
            "eps_growth_year": null,
            "eps_4q": -0.8,
            "eps_4q_growth_year": -251.27,
            "roe": 0.42,
            "roe_4q": -5.27,
            "gross_profit": 17850,
            "gross_margin": 17.85,
            "gross_margin_4q_avg": 8.96,
            "net_income": 2136,
            "net_income_4q": null,
            "revenue": 99993,
            "revenue_4q": null,
            "common_shares": 364642,
            "book_valuer_per_share": 14.14,
            "book_valuer_per_share_4q_avg": 14.2,
            "equity": 515593,
            "current_ratio": 229.14,
            "debt_ratio": 52.26,
            "inventory_turnover_ratio": 10.31,
            "account_receivable_turnover_ratio": null,
            "reinvestment_rate": 73.31,
            "research_to_sale_ratio": null,
            "price_fair": 93.94,
            "eps_avg_yearly": 2.68,
            "eps_latest_yearly": 0.04,
            "eps_growth_yearly": 2050.94
        },
        "20064": {
            "year_quarter": 20064,
            "year": 2006,
            "quarter": 4,
            "eps": 0.07,
            "eps_growth_year": null,
            "eps_4q": -0.06,
            "eps_4q_growth_year": null,
            "roe": 0.48,
            "roe_4q": -0.4,
            "gross_profit": 25455,
            "gross_margin": 20.79,
            "gross_margin_4q_avg": 13.46,
            "net_income": 2462,
            "net_income_4q": null,
            "revenue": 122437,
            "revenue_4q": null,
            "common_shares": 364642,
            "book_valuer_per_share": 14.21,
            "book_valuer_per_share_4q_avg": 14.15,
            "equity": 518056,
            "current_ratio": 241.78,
            "debt_ratio": 51.31,
            "inventory_turnover_ratio": 6.31,
            "account_receivable_turnover_ratio": null,
            "reinvestment_rate": 54.99,
            "research_to_sale_ratio": null,
            "price_fair": 80.08,
            "eps_avg_yearly": 2.29,
            "eps_latest_yearly": 0.28,
            "eps_growth_yearly": 2045.26
        },
        "20071": {
            "year_quarter": 20071,
            "year": 2007,
            "quarter": 1,
            "eps": -0.1,
            "eps_growth_year": null,
            "eps_4q": -0.06,
            "eps_4q_growth_year": null,
            "roe": -0.67,
            "roe_4q": -0.37000000000000005,
            "gross_profit": 11461,
            "gross_margin": 12.37,
            "gross_margin_4q_avg": 14.85,
            "net_income": -3474,
            "net_income_4q": null,
            "revenue": 92625,
            "revenue_4q": null,
            "common_shares": 364642,
            "book_valuer_per_share": 14.11,
            "book_valuer_per_share_4q_avg": 14.1,
            "equity": 514582,
            "current_ratio": 289.58,
            "debt_ratio": 49.89,
            "inventory_turnover_ratio": 4.11,
            "account_receivable_turnover_ratio": null,
            "reinvestment_rate": 18.2,
            "research_to_sale_ratio": null,
            "price_fair": 80.58,
            "eps_avg_yearly": 2.3,
            "eps_latest_yearly": 0.28,
            "eps_growth_yearly": 2294.32
        },
        "20072": {
            "year_quarter": 20072,
            "year": 2007,
            "quarter": 2,
            "eps": -0.14,
            "eps_growth_year": null,
            "eps_4q": -0.1,
            "eps_4q_growth_year": null,
            "roe": -0.92,
            "roe_4q": -0.6900000000000002,
            "gross_profit": 13657,
            "gross_margin": 15.21,
            "gross_margin_4q_avg": 16.56,
            "net_income": -4714,
            "net_income_4q": null,
            "revenue": 89794,
            "revenue_4q": null,
            "common_shares": 352764,
            "book_valuer_per_share": 14.4,
            "book_valuer_per_share_4q_avg": 14.22,
            "equity": 507844,
            "current_ratio": 290.1,
            "debt_ratio": 49.31,
            "inventory_turnover_ratio": 4.21,
            "account_receivable_turnover_ratio": null,
            "reinvestment_rate": -33.15,
            "research_to_sale_ratio": null,
            "price_fair": 90.3,
            "eps_avg_yearly": 2.58,
            "eps_latest_yearly": 0.28,
            "eps_growth_yearly": 2629.26
        },
        "20073": {
            "year_quarter": 20073,
            "year": 2007,
            "quarter": 3,
            "eps": -0.11,
            "eps_growth_year": -283.33,
            "eps_4q": -0.26,
            "eps_4q_growth_year": null,
            "roe": -0.73,
            "roe_4q": -1.8399999999999999,
            "gross_profit": 5813,
            "gross_margin": 7.41,
            "gross_margin_4q_avg": 13.95,
            "net_income": -3775,
            "net_income_4q": null,
            "revenue": 78425,
            "revenue_4q": null,
            "common_shares": 370472,
            "book_valuer_per_share": 14.22,
            "book_valuer_per_share_4q_avg": 14.24,
            "equity": 526747,
            "current_ratio": 291.39,
            "debt_ratio": 45.96,
            "inventory_turnover_ratio": 5.37,
            "account_receivable_turnover_ratio": null,
            "reinvestment_rate": -69.67,
            "research_to_sale_ratio": null,
            "price_fair": 82,
            "eps_avg_yearly": 2.34,
            "eps_latest_yearly": 0.28,
            "eps_growth_yearly": 33.44
        },
        "20074": {
            "year_quarter": 20074,
            "year": 2007,
            "quarter": 4,
            "eps": -0.68,
            "eps_growth_year": -1071.43,
            "eps_4q": -1.03,
            "eps_4q_growth_year": null,
            "roe": -4.64,
            "roe_4q": -6.959999999999999,
            "gross_profit": 8099,
            "gross_margin": 10.45,
            "gross_margin_4q_avg": 11.36,
            "net_income": -23818,
            "net_income_4q": null,
            "revenue": 77514,
            "revenue_4q": null,
            "common_shares": 368886,
            "book_valuer_per_share": 13.58,
            "book_valuer_per_share_4q_avg": 14.08,
            "equity": 500844,
            "current_ratio": 212.85,
            "debt_ratio": 41.82,
            "inventory_turnover_ratio": 5.65,
            "account_receivable_turnover_ratio": null,
            "reinvestment_rate": -279.65,
            "research_to_sale_ratio": null,
            "price_fair": 69.07,
            "eps_avg_yearly": 1.97,
            "eps_latest_yearly": 0.28,
            "eps_growth_yearly": 33.98
        },
        "20081": {
            "year_quarter": 20081,
            "year": 2008,
            "quarter": 1,
            "eps": 0.05,
            "eps_growth_year": null,
            "eps_4q": -0.92,
            "eps_4q_growth_year": null,
            "roe": 0.33,
            "roe_4q": -5.959999999999999,
            "gross_profit": 16925,
            "gross_margin": 17.29,
            "gross_margin_4q_avg": 12.59,
            "net_income": 1670,
            "net_income_4q": null,
            "revenue": 97882,
            "revenue_4q": null,
            "common_shares": 368886,
            "book_valuer_per_share": 13.62,
            "book_valuer_per_share_4q_avg": 13.96,
            "equity": 502514,
            "current_ratio": 193.8,
            "debt_ratio": 39.82,
            "inventory_turnover_ratio": 7.95,
            "account_receivable_turnover_ratio": null,
            "reinvestment_rate": null,
            "research_to_sale_ratio": null,
            "price_fair": 47.04,
            "eps_avg_yearly": 1.34,
            "eps_latest_yearly": 0.28,
            "eps_growth_yearly": 30.95
        },
        "20082": {
            "year_quarter": 20082,
            "year": 2008,
            "quarter": 2,
            "eps": -0.15,
            "eps_growth_year": null,
            "eps_4q": -0.86,
            "eps_4q_growth_year": null,
            "roe": -1.06,
            "roe_4q": -6.1,
            "gross_profit": 3221,
            "gross_margin": 4.58,
            "gross_margin_4q_avg": 9.93,
            "net_income": -5298,
            "net_income_4q": null,
            "revenue": 70291,
            "revenue_4q": null,
            "common_shares": 362176,
            "book_valuer_per_share": 13.73,
            "book_valuer_per_share_4q_avg": 13.79,
            "equity": 497216,
            "current_ratio": 203.24,
            "debt_ratio": 37.58,
            "inventory_turnover_ratio": 6.55,
            "account_receivable_turnover_ratio": null,
            "reinvestment_rate": null,
            "research_to_sale_ratio": null,
            "price_fair": 44.1,
            "eps_avg_yearly": 1.26,
            "eps_latest_yearly": 0.28,
            "eps_growth_yearly": 105.87
        },
        "20083": {
            "year_quarter": 20083,
            "year": 2008,
            "quarter": 3,
            "eps": -0.11,
            "eps_growth_year": null,
            "eps_4q": -0.86,
            "eps_4q_growth_year": null,
            "roe": -0.79,
            "roe_4q": -6.16,
            "gross_profit": 64,
            "gross_margin": 0.1,
            "gross_margin_4q_avg": 8.11,
            "net_income": -3879,
            "net_income_4q": null,
            "revenue": 63749,
            "revenue_4q": null,
            "common_shares": 362176,
            "book_valuer_per_share": 13.55,
            "book_valuer_per_share_4q_avg": 13.62,
            "equity": 490788,
            "current_ratio": 221.72,
            "debt_ratio": 37.2,
            "inventory_turnover_ratio": 4.43,
            "account_receivable_turnover_ratio": null,
            "reinvestment_rate": null,
            "research_to_sale_ratio": null,
            "price_fair": 45.73,
            "eps_avg_yearly": 1.31,
            "eps_latest_yearly": 0.28,
            "eps_growth_yearly": 185.61
        },
        "20084": {
            "year_quarter": 20084,
            "year": 2008,
            "quarter": 4,
            "eps": -1.39,
            "eps_growth_year": null,
            "eps_4q": -1.6,
            "eps_4q_growth_year": null,
            "roe": -10.76,
            "roe_4q": -12.280000000000001,
            "gross_profit": 6750,
            "gross_margin": 10.83,
            "gross_margin_4q_avg": 8.2,
            "net_income": -49931,
            "net_income_4q": null,
            "revenue": 62299,
            "revenue_4q": null,
            "common_shares": 352186,
            "book_valuer_per_share": 12.41,
            "book_valuer_per_share_4q_avg": 13.33,
            "equity": 437217,
            "current_ratio": 243.75,
            "debt_ratio": 38.44,
            "inventory_turnover_ratio": 4.09,
            "account_receivable_turnover_ratio": 1.93,
            "reinvestment_rate": null,
            "research_to_sale_ratio": null,
            "price_fair": 0.48,
            "eps_avg_yearly": 0.16,
            "eps_latest_yearly": 0.28,
            "eps_growth_yearly": -164.44
        },
        "20091": {
            "year_quarter": 20091,
            "year": 2009,
            "quarter": 1,
            "eps": -0.02,
            "eps_growth_year": -140,
            "eps_4q": -1.7,
            "eps_4q_growth_year": null,
            "roe": -0.17,
            "roe_4q": -12.78,
            "gross_profit": 8924,
            "gross_margin": 14.34,
            "gross_margin_4q_avg": 7.46,
            "net_income": -740,
            "net_income_4q": null,
            "revenue": 62212,
            "revenue_4q": null,
            "common_shares": 352186,
            "book_valuer_per_share": 12.39,
            "book_valuer_per_share_4q_avg": 13.02,
            "equity": 436477,
            "current_ratio": 249.2,
            "debt_ratio": 36.88,
            "inventory_turnover_ratio": 3.52,
            "account_receivable_turnover_ratio": 1.01,
            "reinvestment_rate": null,
            "research_to_sale_ratio": null,
            "price_fair": 9.8,
            "eps_avg_yearly": 0.28,
            "eps_latest_yearly": 0.28,
            "eps_growth_yearly": 66.67
        },
        "20092": {
            "year_quarter": 20092,
            "year": 2009,
            "quarter": 2,
            "eps": -0.09,
            "eps_growth_year": null,
            "eps_4q": -1.64,
            "eps_4q_growth_year": null,
            "roe": -0.72,
            "roe_4q": -12.440000000000001,
            "gross_profit": 6398,
            "gross_margin": 10.02,
            "gross_margin_4q_avg": 8.82,
            "net_income": -3108,
            "net_income_4q": null,
            "revenue": 63827,
            "revenue_4q": null,
            "common_shares": 352186,
            "book_valuer_per_share": 12.08,
            "book_valuer_per_share_4q_avg": 12.61,
            "equity": 425491,
            "current_ratio": 257.49,
            "debt_ratio": 36.13,
            "inventory_turnover_ratio": 3.14,
            "account_receivable_turnover_ratio": 1.06,
            "reinvestment_rate": null,
            "research_to_sale_ratio": null,
            "price_fair": 9.8,
            "eps_avg_yearly": 0.28,
            "eps_latest_yearly": 0.28,
            "eps_growth_yearly": 66.67
        },
        "20093": {
            "year_quarter": 20093,
            "year": 2009,
            "quarter": 3,
            "eps": 0.15,
            "eps_growth_year": null,
            "eps_4q": -1.4,
            "eps_4q_growth_year": null,
            "roe": 1.23,
            "roe_4q": -10.42,
            "gross_profit": 15145,
            "gross_margin": 18.51,
            "gross_margin_4q_avg": 13.43,
            "net_income": 5220,
            "net_income_4q": null,
            "revenue": 81838,
            "revenue_4q": null,
            "common_shares": 352186,
            "book_valuer_per_share": 12.05,
            "book_valuer_per_share_4q_avg": 12.23,
            "equity": 424350,
            "current_ratio": 283.25,
            "debt_ratio": 34.94,
            "inventory_turnover_ratio": 4.28,
            "account_receivable_turnover_ratio": 1.13,
            "reinvestment_rate": null,
            "research_to_sale_ratio": null,
            "price_fair": 9.8,
            "eps_avg_yearly": 0.28,
            "eps_latest_yearly": 0.28,
            "eps_growth_yearly": 66.67
        },
        "20094": {
            "year_quarter": 20094,
            "year": 2009,
            "quarter": 4,
            "eps": 0.14,
            "eps_growth_year": null,
            "eps_4q": 0.18,
            "eps_4q_growth_year": null,
            "roe": 1.13,
            "roe_4q": 1.47,
            "gross_profit": 17034,
            "gross_margin": 20.2,
            "gross_margin_4q_avg": 15.77,
            "net_income": 4812,
            "net_income_4q": null,
            "revenue": 84318,
            "revenue_4q": null,
            "common_shares": 352186,
            "book_valuer_per_share": 12.19,
            "book_valuer_per_share_4q_avg": 12.18,
            "equity": 429162,
            "current_ratio": 302.75,
            "debt_ratio": 33.9,
            "inventory_turnover_ratio": 4.42,
            "account_receivable_turnover_ratio": 2,
            "reinvestment_rate": null,
            "research_to_sale_ratio": null,
            "price_fair": 12.6,
            "eps_avg_yearly": 0.42,
            "eps_latest_yearly": 0.56,
            "eps_growth_yearly": 20
        },
        "20101": {
            "year_quarter": 20101,
            "year": 2010,
            "quarter": 1,
            "eps": 0.01,
            "eps_growth_year": null,
            "eps_4q": 0.2,
            "eps_4q_growth_year": null,
            "roe": 0.06,
            "roe_4q": 1.7,
            "gross_profit": 11708,
            "gross_margin": 15.1,
            "gross_margin_4q_avg": 15.96,
            "net_income": 258,
            "net_income_4q": null,
            "revenue": 77513,
            "revenue_4q": null,
            "common_shares": 352186,
            "book_valuer_per_share": 12.19,
            "book_valuer_per_share_4q_avg": 12.13,
            "equity": 429420,
            "current_ratio": 324.24,
            "debt_ratio": 32.72,
            "inventory_turnover_ratio": 4.36,
            "account_receivable_turnover_ratio": 0.96,
            "reinvestment_rate": null,
            "research_to_sale_ratio": null,
            "price_fair": 0.88,
            "eps_avg_yearly": 0.29,
            "eps_latest_yearly": 0.04,
            "eps_growth_yearly": -110.48
        },
        "20102": {
            "year_quarter": 20102,
            "year": 2010,
            "quarter": 2,
            "eps": -0.02,
            "eps_growth_year": null,
            "eps_4q": 0.27,
            "eps_4q_growth_year": null,
            "roe": -0.16,
            "roe_4q": 2.26,
            "gross_profit": 11468,
            "gross_margin": 13.9,
            "gross_margin_4q_avg": 16.93,
            "net_income": -680,
            "net_income_4q": null,
            "revenue": 82526,
            "revenue_4q": null,
            "common_shares": 352186,
            "book_valuer_per_share": 12.03,
            "book_valuer_per_share_4q_avg": 12.12,
            "equity": 423757,
            "current_ratio": 320.99,
            "debt_ratio": 32.23,
            "inventory_turnover_ratio": 3.93,
            "account_receivable_turnover_ratio": 1.06,
            "reinvestment_rate": null,
            "research_to_sale_ratio": null,
            "price_fair": 0.88,
            "eps_avg_yearly": 0.29,
            "eps_latest_yearly": 0.04,
            "eps_growth_yearly": -110.48
        },
        "20103": {
            "year_quarter": 20103,
            "year": 2010,
            "quarter": 3,
            "eps": 0.06,
            "eps_growth_year": -57.77,
            "eps_4q": 0.19,
            "eps_4q_growth_year": null,
            "roe": 0.53,
            "roe_4q": 1.5599999999999998,
            "gross_profit": 11062,
            "gross_margin": 13.44,
            "gross_margin_4q_avg": 15.66,
            "net_income": 2231,
            "net_income_4q": null,
            "revenue": 82320,
            "revenue_4q": null,
            "common_shares": 352186,
            "book_valuer_per_share": 12.1,
            "book_valuer_per_share_4q_avg": 12.13,
            "equity": 425988,
            "current_ratio": 358.36,
            "debt_ratio": 30.38,
            "inventory_turnover_ratio": 3.39,
            "account_receivable_turnover_ratio": 1.03,
            "reinvestment_rate": null,
            "research_to_sale_ratio": null,
            "price_fair": 0.88,
            "eps_avg_yearly": 0.29,
            "eps_latest_yearly": 0.04,
            "eps_growth_yearly": -110.48
        },
        "20104": {
            "year_quarter": 20104,
            "year": 2010,
            "quarter": 4,
            "eps": -0.62,
            "eps_growth_year": -542.04,
            "eps_4q": -0.57,
            "eps_4q_growth_year": -423.19,
            "roe": -5.25,
            "roe_4q": -4.82,
            "gross_profit": 8095,
            "gross_margin": 10.83,
            "gross_margin_4q_avg": 13.32,
            "net_income": -21795,
            "net_income_4q": null,
            "revenue": 74739,
            "revenue_4q": null,
            "common_shares": 352186,
            "book_valuer_per_share": 11.48,
            "book_valuer_per_share_4q_avg": 11.95,
            "equity": 404194,
            "current_ratio": 302.4,
            "debt_ratio": 32.36,
            "inventory_turnover_ratio": 3.72,
            "account_receivable_turnover_ratio": 0.93,
            "reinvestment_rate": null,
            "research_to_sale_ratio": null,
            "price_fair": 0.9,
            "eps_avg_yearly": 0.3,
            "eps_latest_yearly": 0.04,
            "eps_growth_yearly": -199.05
        },
        "20111": {
            "year_quarter": 20111,
            "year": 2011,
            "quarter": 1,
            "eps": -0.14,
            "eps_growth_year": -1500,
            "eps_4q": -0.7,
            "eps_4q_growth_year": -444.42,
            "roe": -1.12,
            "roe_4q": -6,
            "gross_profit": 9261,
            "gross_margin": 13.78,
            "gross_margin_4q_avg": 12.99,
            "net_income": -4492,
            "net_income_4q": null,
            "revenue": 67219,
            "revenue_4q": null,
            "common_shares": 352186,
            "book_valuer_per_share": 11.35,
            "book_valuer_per_share_4q_avg": 11.74,
            "equity": 399702,
            "current_ratio": 317.38,
            "debt_ratio": 31.79,
            "inventory_turnover_ratio": 3.66,
            "account_receivable_turnover_ratio": 0.94,
            "reinvestment_rate": null,
            "research_to_sale_ratio": null,
            "price_fair": 0.9,
            "eps_avg_yearly": 0.3,
            "eps_latest_yearly": 0.04,
            "eps_growth_yearly": -199.05
        },
        "20112": {
            "year_quarter": 20112,
            "year": 2011,
            "quarter": 2,
            "eps": -0.15,
            "eps_growth_year": null,
            "eps_4q": -0.83,
            "eps_4q_growth_year": -405.38,
            "roe": -1.33,
            "roe_4q": -7.17,
            "gross_profit": 6300,
            "gross_margin": 9.43,
            "gross_margin_4q_avg": 11.87,
            "net_income": -5291,
            "net_income_4q": null,
            "revenue": 66789,
            "revenue_4q": null,
            "common_shares": 352186,
            "book_valuer_per_share": 11.2,
            "book_valuer_per_share_4q_avg": 11.53,
            "equity": 394411,
            "current_ratio": 360.75,
            "debt_ratio": 30.31,
            "inventory_turnover_ratio": 4.09,
            "account_receivable_turnover_ratio": 1.03,
            "reinvestment_rate": null,
            "research_to_sale_ratio": null,
            "price_fair": 0.9,
            "eps_avg_yearly": 0.3,
            "eps_latest_yearly": 0.04,
            "eps_growth_yearly": -199.05
        },
        "20113": {
            "year_quarter": 20113,
            "year": 2011,
            "quarter": 3,
            "eps": -0.12,
            "eps_growth_year": -289.83,
            "eps_4q": -1.02,
            "eps_4q_growth_year": -640.9,
            "roe": -1.08,
            "roe_4q": -8.780000000000001,
            "gross_profit": 12904,
            "gross_margin": 17.37,
            "gross_margin_4q_avg": 12.85,
            "net_income": -4235,
            "net_income_4q": null,
            "revenue": 74271,
            "revenue_4q": null,
            "common_shares": 352186,
            "book_valuer_per_share": 10.99,
            "book_valuer_per_share_4q_avg": 11.26,
            "equity": 386934,
            "current_ratio": 408.8,
            "debt_ratio": 29.17,
            "inventory_turnover_ratio": 4.84,
            "account_receivable_turnover_ratio": 1.18,
            "reinvestment_rate": null,
            "research_to_sale_ratio": null,
            "price_fair": 0.9,
            "eps_avg_yearly": 0.3,
            "eps_latest_yearly": 0.04,
            "eps_growth_yearly": -199.05
        },
        "20114": {
            "year_quarter": 20114,
            "year": 2011,
            "quarter": 4,
            "eps": -0.03,
            "eps_growth_year": null,
            "eps_4q": -0.46,
            "eps_4q_growth_year": null,
            "roe": -0.26,
            "roe_4q": -3.79,
            "gross_profit": 17129,
            "gross_margin": 26.28,
            "gross_margin_4q_avg": 16.72,
            "net_income": -996,
            "net_income_4q": null,
            "revenue": 65175,
            "revenue_4q": null,
            "common_shares": 343606,
            "book_valuer_per_share": 11.72,
            "book_valuer_per_share_4q_avg": 11.32,
            "equity": 386139,
            "current_ratio": 408.03,
            "debt_ratio": 29.01,
            "inventory_turnover_ratio": 5.82,
            "account_receivable_turnover_ratio": 1.04,
            "reinvestment_rate": null,
            "research_to_sale_ratio": null,
            "price_fair": 0.9,
            "eps_avg_yearly": 0.3,
            "eps_latest_yearly": 0.04,
            "eps_growth_yearly": -199.05
        },
        "20121": {
            "year_quarter": 20121,
            "year": 2012,
            "quarter": 1,
            "eps": 0.08,
            "eps_growth_year": null,
            "eps_4q": -0.24,
            "eps_4q_growth_year": null,
            "roe": 0.67,
            "roe_4q": -2,
            "gross_profit": 15489,
            "gross_margin": 23.2,
            "gross_margin_4q_avg": 19.07,
            "net_income": 2592,
            "net_income_4q": null,
            "revenue": 66758,
            "revenue_4q": null,
            "common_shares": 343606,
            "book_valuer_per_share": 11.83,
            "book_valuer_per_share_4q_avg": 11.44,
            "equity": 389825,
            "current_ratio": 393.62,
            "debt_ratio": 28.88,
            "inventory_turnover_ratio": 7.3,
            "account_receivable_turnover_ratio": 0.94,
            "reinvestment_rate": null,
            "research_to_sale_ratio": null,
            "price_fair": 0.9,
            "eps_avg_yearly": 0.3,
            "eps_latest_yearly": 0.04,
            "eps_growth_yearly": -199.05
        },
        "20122": {
            "year_quarter": 20122,
            "year": 2012,
            "quarter": 2,
            "eps": -0.02,
            "eps_growth_year": null,
            "eps_4q": -0.1,
            "eps_4q_growth_year": null,
            "roe": -0.16,
            "roe_4q": -0.8300000000000001,
            "gross_profit": 13248,
            "gross_margin": 24,
            "gross_margin_4q_avg": 22.71,
            "net_income": -617,
            "net_income_4q": null,
            "revenue": 55211,
            "revenue_4q": null,
            "common_shares": 343606,
            "book_valuer_per_share": 11.71,
            "book_valuer_per_share_4q_avg": 11.56,
            "equity": 393019,
            "current_ratio": 447.46,
            "debt_ratio": 27.28,
            "inventory_turnover_ratio": 3.15,
            "account_receivable_turnover_ratio": 0.85,
            "reinvestment_rate": null,
            "research_to_sale_ratio": null,
            "price_fair": 0.9,
            "eps_avg_yearly": 0.3,
            "eps_latest_yearly": 0.04,
            "eps_growth_yearly": -199.05
        },
        "20123": {
            "year_quarter": 20123,
            "year": 2012,
            "quarter": 3,
            "eps": 0.02,
            "eps_growth_year": null,
            "eps_4q": 0.05,
            "eps_4q_growth_year": null,
            "roe": 0.16,
            "roe_4q": 0.41000000000000003,
            "gross_profit": 19195,
            "gross_margin": 28.63,
            "gross_margin_4q_avg": 25.53,
            "net_income": 591,
            "net_income_4q": null,
            "revenue": 67041,
            "revenue_4q": null,
            "common_shares": 305810,
            "book_valuer_per_share": 11.91,
            "book_valuer_per_share_4q_avg": 11.79,
            "equity": 355814,
            "current_ratio": 270.08,
            "debt_ratio": 33.44,
            "inventory_turnover_ratio": 2.5,
            "account_receivable_turnover_ratio": 1.11,
            "reinvestment_rate": null,
            "research_to_sale_ratio": null,
            "price_fair": 0.9,
            "eps_avg_yearly": 0.3,
            "eps_latest_yearly": 0.04,
            "eps_growth_yearly": -199.05
        },
        "20124": {
            "year_quarter": 20124,
            "year": 2012,
            "quarter": 4,
            "eps": 0.16,
            "eps_growth_year": null,
            "eps_4q": 0.24,
            "eps_4q_growth_year": null,
            "roe": 1.3,
            "roe_4q": 1.9700000000000002,
            "gross_profit": 15663,
            "gross_margin": 25.69,
            "gross_margin_4q_avg": 25.38,
            "net_income": 4657,
            "net_income_4q": null,
            "revenue": 60965,
            "revenue_4q": null,
            "common_shares": 298690,
            "book_valuer_per_share": 12.1,
            "book_valuer_per_share_4q_avg": 11.89,
            "equity": 361351,
            "current_ratio": 419.71,
            "debt_ratio": 27.62,
            "inventory_turnover_ratio": 2.65,
            "account_receivable_turnover_ratio": 0.92,
            "reinvestment_rate": null,
            "research_to_sale_ratio": null,
            "price_fair": 14.47,
            "eps_avg_yearly": 0.41,
            "eps_latest_yearly": 0.64,
            "eps_growth_yearly": 800.63
        },
        "20131": {
            "year_quarter": 20131,
            "year": 2013,
            "quarter": 1,
            "eps": 0.04,
            "eps_growth_year": -50,
            "eps_4q": 0.19,
            "eps_4q_growth_year": null,
            "roe": 0.32,
            "roe_4q": 1.62,
            "gross_profit": 13296,
            "gross_margin": 26.03,
            "gross_margin_4q_avg": 26.09,
            "net_income": 1159,
            "net_income_4q": null,
            "revenue": 51070,
            "revenue_4q": null,
            "common_shares": 298690,
            "book_valuer_per_share": 12.12,
            "book_valuer_per_share_4q_avg": 11.96,
            "equity": 362151,
            "current_ratio": 401.05,
            "debt_ratio": 26.65,
            "inventory_turnover_ratio": 2.4,
            "account_receivable_turnover_ratio": 0.81,
            "reinvestment_rate": null,
            "research_to_sale_ratio": null,
            "price_fair": 12.25,
            "eps_avg_yearly": 0.35,
            "eps_latest_yearly": 0.16,
            "eps_growth_yearly": 525.48
        },
        "20132": {
            "year_quarter": 20132,
            "year": 2013,
            "quarter": 2,
            "eps": -0.36,
            "eps_growth_year": null,
            "eps_4q": -0.15,
            "eps_4q_growth_year": null,
            "roe": -3.07,
            "roe_4q": -1.29,
            "gross_profit": 7781,
            "gross_margin": 18.14,
            "gross_margin_4q_avg": 24.62,
            "net_income": -10872,
            "net_income_4q": null,
            "revenue": 42883,
            "revenue_4q": null,
            "common_shares": 298690,
            "book_valuer_per_share": 11.56,
            "book_valuer_per_share_4q_avg": 11.92,
            "equity": 345304,
            "current_ratio": 332.16,
            "debt_ratio": 28.23,
            "inventory_turnover_ratio": 2.06,
            "account_receivable_turnover_ratio": 0.82,
            "reinvestment_rate": null,
            "research_to_sale_ratio": null,
            "price_fair": 12.25,
            "eps_avg_yearly": 0.35,
            "eps_latest_yearly": 0.16,
            "eps_growth_yearly": 525.48
        },
        "20133": {
            "year_quarter": 20133,
            "year": 2013,
            "quarter": 3,
            "eps": 0.04,
            "eps_growth_year": 102.16,
            "eps_4q": -0.13,
            "eps_4q_growth_year": -346.3,
            "roe": 0.34,
            "roe_4q": -1.11,
            "gross_profit": 10806,
            "gross_margin": 21.54,
            "gross_margin_4q_avg": 22.85,
            "net_income": 1189,
            "net_income_4q": null,
            "revenue": 50177,
            "revenue_4q": null,
            "common_shares": 298690,
            "book_valuer_per_share": 11.6,
            "book_valuer_per_share_4q_avg": 11.85,
            "equity": 346493,
            "current_ratio": 365.79,
            "debt_ratio": 26.68,
            "inventory_turnover_ratio": 3.63,
            "account_receivable_turnover_ratio": 1.09,
            "reinvestment_rate": null,
            "research_to_sale_ratio": null,
            "price_fair": 12.25,
            "eps_avg_yearly": 0.35,
            "eps_latest_yearly": 0.16,
            "eps_growth_yearly": 525.48
        },
        "20134": {
            "year_quarter": 20134,
            "year": 2013,
            "quarter": 4,
            "eps": -0.89,
            "eps_growth_year": -670.58,
            "eps_4q": -1.17,
            "eps_4q_growth_year": -585.89,
            "roe": -7.97,
            "roe_4q": -10.379999999999999,
            "gross_profit": 8271,
            "gross_margin": 19.35,
            "gross_margin_4q_avg": 21.27,
            "net_income": -26572,
            "net_income_4q": null,
            "revenue": 42736,
            "revenue_4q": null,
            "common_shares": 298690,
            "book_valuer_per_share": 10.71,
            "book_valuer_per_share_4q_avg": 11.5,
            "equity": 320036,
            "current_ratio": 390.73,
            "debt_ratio": 27.18,
            "inventory_turnover_ratio": 5.38,
            "account_receivable_turnover_ratio": 0.91,
            "reinvestment_rate": null,
            "research_to_sale_ratio": null,
            "price_fair": 9.8,
            "eps_avg_yearly": 0.28,
            "eps_latest_yearly": 0.16,
            "eps_growth_yearly": 709.52
        },
        "20141": {
            "year_quarter": 20141,
            "year": 2014,
            "quarter": 1,
            "eps": 0.17,
            "eps_growth_year": 325,
            "eps_4q": -1.04,
            "eps_4q_growth_year": -636.22,
            "roe": 1.61,
            "roe_4q": -9.09,
            "gross_profit": 6771,
            "gross_margin": 15.77,
            "gross_margin_4q_avg": 18.7,
            "net_income": 5208,
            "net_income_4q": null,
            "revenue": 42929,
            "revenue_4q": null,
            "common_shares": 298690,
            "book_valuer_per_share": 10.89,
            "book_valuer_per_share_4q_avg": 11.19,
            "equity": 325244,
            "current_ratio": 391.56,
            "debt_ratio": 26.27,
            "inventory_turnover_ratio": 5,
            "account_receivable_turnover_ratio": 0.94,
            "reinvestment_rate": null,
            "research_to_sale_ratio": null,
            "price_fair": 14,
            "eps_avg_yearly": 0.4,
            "eps_latest_yearly": 0.16,
            "eps_growth_yearly": 1250
        },
        "20142": {
            "year_quarter": 20142,
            "year": 2014,
            "quarter": 2,
            "eps": -0.34,
            "eps_growth_year": null,
            "eps_4q": -1.02,
            "eps_4q_growth_year": null,
            "roe": -3.21,
            "roe_4q": -9.23,
            "gross_profit": 2294,
            "gross_margin": 6.74,
            "gross_margin_4q_avg": 15.85,
            "net_income": -10275,
            "net_income_4q": null,
            "revenue": 34012,
            "revenue_4q": null,
            "common_shares": 298690,
            "book_valuer_per_share": 10.55,
            "book_valuer_per_share_4q_avg": 10.94,
            "equity": 314969,
            "current_ratio": 377.6,
            "debt_ratio": 25.96,
            "inventory_turnover_ratio": 4.06,
            "account_receivable_turnover_ratio": 0.83,
            "reinvestment_rate": null,
            "research_to_sale_ratio": null,
            "price_fair": 14,
            "eps_avg_yearly": 0.4,
            "eps_latest_yearly": 0.16,
            "eps_growth_yearly": 1250
        },
        "20143": {
            "year_quarter": 20143,
            "year": 2014,
            "quarter": 3,
            "eps": -0.07,
            "eps_growth_year": -275,
            "eps_4q": -1.13,
            "eps_4q_growth_year": null,
            "roe": -0.68,
            "roe_4q": -10.25,
            "gross_profit": 6848,
            "gross_margin": 18.22,
            "gross_margin_4q_avg": 15.02,
            "net_income": -2152,
            "net_income_4q": null,
            "revenue": 37593,
            "revenue_4q": null,
            "common_shares": 298690,
            "book_valuer_per_share": 10.54,
            "book_valuer_per_share_4q_avg": 10.67,
            "equity": 314937,
            "current_ratio": 384.99,
            "debt_ratio": 25.25,
            "inventory_turnover_ratio": 2.89,
            "account_receivable_turnover_ratio": 0.97,
            "reinvestment_rate": null,
            "research_to_sale_ratio": null,
            "price_fair": 14,
            "eps_avg_yearly": 0.4,
            "eps_latest_yearly": 0.16,
            "eps_growth_yearly": 1250
        },
        "20144": {
            "year_quarter": 20144,
            "year": 2014,
            "quarter": 4,
            "eps": 0.08,
            "eps_growth_year": null,
            "eps_4q": -0.16,
            "eps_4q_growth_year": null,
            "roe": 0.75,
            "roe_4q": -1.53,
            "gross_profit": 8689,
            "gross_margin": 23.3,
            "gross_margin_4q_avg": 16.01,
            "net_income": 2375,
            "net_income_4q": null,
            "revenue": 37286,
            "revenue_4q": null,
            "common_shares": 298690,
            "book_valuer_per_share": 10.55,
            "book_valuer_per_share_4q_avg": 10.63,
            "equity": 315251,
            "current_ratio": 366.27,
            "debt_ratio": 28.1,
            "inventory_turnover_ratio": 2.34,
            "account_receivable_turnover_ratio": 0.92,
            "reinvestment_rate": null,
            "research_to_sale_ratio": null,
            "price_fair": 14,
            "eps_avg_yearly": 0.4,
            "eps_latest_yearly": 0.16,
            "eps_growth_yearly": 1250
        },
        "20151": {
            "year_quarter": 20151,
            "year": 2015,
            "quarter": 1,
            "eps": -0.15,
            "eps_growth_year": -188.24,
            "eps_4q": -0.49,
            "eps_4q_growth_year": null,
            "roe": -1.45,
            "roe_4q": -4.59,
            "gross_profit": 7182,
            "gross_margin": 19.34,
            "gross_margin_4q_avg": 16.9,
            "net_income": -4502,
            "net_income_4q": null,
            "revenue": 37133,
            "revenue_4q": null,
            "common_shares": 298690,
            "book_valuer_per_share": 10.26,
            "book_valuer_per_share_4q_avg": 10.48,
            "equity": 306573,
            "current_ratio": 374.73,
            "debt_ratio": 27.77,
            "inventory_turnover_ratio": 3.27,
            "account_receivable_turnover_ratio": 0.93,
            "reinvestment_rate": null,
            "research_to_sale_ratio": null,
            "price_fair": 14,
            "eps_avg_yearly": 0.4,
            "eps_latest_yearly": 0.16,
            "eps_growth_yearly": 1250
        },
        "20152": {
            "year_quarter": 20152,
            "year": 2015,
            "quarter": 2,
            "eps": -0.04,
            "eps_growth_year": null,
            "eps_4q": -0.18,
            "eps_4q_growth_year": null,
            "roe": -0.38,
            "roe_4q": -1.7600000000000002,
            "gross_profit": 7084,
            "gross_margin": 21.86,
            "gross_margin_4q_avg": 20.68,
            "net_income": -1168,
            "net_income_4q": null,
            "revenue": 32400,
            "revenue_4q": null,
            "common_shares": 298690,
            "book_valuer_per_share": 10.22,
            "book_valuer_per_share_4q_avg": 10.39,
            "equity": 305405,
            "current_ratio": 391.01,
            "debt_ratio": 26.9,
            "inventory_turnover_ratio": 3.15,
            "account_receivable_turnover_ratio": 0.83,
            "reinvestment_rate": null,
            "research_to_sale_ratio": null,
            "price_fair": 14,
            "eps_avg_yearly": 0.4,
            "eps_latest_yearly": 0.16,
            "eps_growth_yearly": 1250
        },
        "20153": {
            "year_quarter": 20153,
            "year": 2015,
            "quarter": 3,
            "eps": -0.03,
            "eps_growth_year": null,
            "eps_4q": -0.14,
            "eps_4q_growth_year": null,
            "roe": -0.3,
            "roe_4q": -1.38,
            "gross_profit": 11019,
            "gross_margin": 26.85,
            "gross_margin_4q_avg": 22.84,
            "net_income": -902,
            "net_income_4q": null,
            "revenue": 41032,
            "revenue_4q": null,
            "common_shares": 298690,
            "book_valuer_per_share": 10.15,
            "book_valuer_per_share_4q_avg": 10.3,
            "equity": 303023,
            "current_ratio": 389.88,
            "debt_ratio": 31.37,
            "inventory_turnover_ratio": 3.78,
            "account_receivable_turnover_ratio": 0.97,
            "reinvestment_rate": null,
            "research_to_sale_ratio": null,
            "price_fair": 14,
            "eps_avg_yearly": 0.4,
            "eps_latest_yearly": 0.16,
            "eps_growth_yearly": 1250
        },
        "20154": {
            "year_quarter": 20154,
            "year": 2015,
            "quarter": 4,
            "eps": -0.05,
            "eps_growth_year": -162.23,
            "eps_4q": -0.27,
            "eps_4q_growth_year": null,
            "roe": -0.49,
            "roe_4q": -2.62,
            "gross_profit": 8736,
            "gross_margin": 24.5,
            "gross_margin_4q_avg": 23.14,
            "net_income": -1478,
            "net_income_4q": null,
            "revenue": 35659,
            "revenue_4q": null,
            "common_shares": 298690,
            "book_valuer_per_share": 10.12,
            "book_valuer_per_share_4q_avg": 10.19,
            "equity": 302129,
            "current_ratio": 375.87,
            "debt_ratio": 30.77,
            "inventory_turnover_ratio": 4.49,
            "account_receivable_turnover_ratio": 0.81,
            "reinvestment_rate": null,
            "research_to_sale_ratio": null,
            "price_fair": 14,
            "eps_avg_yearly": 0.4,
            "eps_latest_yearly": 0.16,
            "eps_growth_yearly": 1250
        },
        "20161": {
            "year_quarter": 20161,
            "year": 2016,
            "quarter": 1,
            "eps": 0.02,
            "eps_growth_year": null,
            "eps_4q": -0.1,
            "eps_4q_growth_year": null,
            "roe": 0.22,
            "roe_4q": -0.9500000000000001,
            "gross_profit": 9085,
            "gross_margin": 26.71,
            "gross_margin_4q_avg": 24.98,
            "net_income": 665,
            "net_income_4q": null,
            "revenue": 34008,
            "revenue_4q": null,
            "common_shares": 298690,
            "book_valuer_per_share": 10.14,
            "book_valuer_per_share_4q_avg": 10.16,
            "equity": 302930,
            "current_ratio": 376.64,
            "debt_ratio": 29.53,
            "inventory_turnover_ratio": 4.95,
            "account_receivable_turnover_ratio": 0.88,
            "reinvestment_rate": null,
            "research_to_sale_ratio": null,
            "price_fair": 14,
            "eps_avg_yearly": 0.4,
            "eps_latest_yearly": 0.16,
            "eps_growth_yearly": 1250
        },
        "20162": {
            "year_quarter": 20162,
            "year": 2016,
            "quarter": 2,
            "eps": 0.01,
            "eps_growth_year": null,
            "eps_4q": -0.05,
            "eps_4q_growth_year": null,
            "roe": 0.12,
            "roe_4q": -0.45,
            "gross_profit": 6826,
            "gross_margin": 22.8,
            "gross_margin_4q_avg": 25.22,
            "net_income": 357,
            "net_income_4q": null,
            "revenue": 29938,
            "revenue_4q": null,
            "common_shares": 298690,
            "book_valuer_per_share": 10.13,
            "book_valuer_per_share_4q_avg": 10.14,
            "equity": 302695,
            "current_ratio": 367.48,
            "debt_ratio": 28.67,
            "inventory_turnover_ratio": 4.59,
            "account_receivable_turnover_ratio": 0.86,
            "reinvestment_rate": null,
            "research_to_sale_ratio": null,
            "price_fair": 9.8,
            "eps_avg_yearly": 0.28,
            "eps_latest_yearly": 0.04,
            "eps_growth_yearly": 766.67
        },
        "20163": {
            "year_quarter": 20163,
            "year": 2016,
            "quarter": 3,
            "eps": 0.06,
            "eps_growth_year": null,
            "eps_4q": 0.05,
            "eps_4q_growth_year": null,
            "roe": 0.64,
            "roe_4q": 0.49,
            "gross_profit": 7364,
            "gross_margin": 22.31,
            "gross_margin_4q_avg": 24.08,
            "net_income": 1936,
            "net_income_4q": null,
            "revenue": 33004,
            "revenue_4q": null,
            "common_shares": 298690,
            "book_valuer_per_share": 10.23,
            "book_valuer_per_share_4q_avg": 10.16,
            "equity": 305551,
            "current_ratio": 369.46,
            "debt_ratio": 27.33,
            "inventory_turnover_ratio": 4.63,
            "account_receivable_turnover_ratio": 0.97,
            "reinvestment_rate": null,
            "research_to_sale_ratio": null,
            "price_fair": 9.45,
            "eps_avg_yearly": 0.27,
            "eps_latest_yearly": 0.24,
            "eps_growth_yearly": 1075
        },
        "20164": {
            "year_quarter": 20164,
            "year": 2016,
            "quarter": 4,
            "eps": -0.01,
            "eps_growth_year": null,
            "eps_4q": 0.09,
            "eps_4q_growth_year": null,
            "roe": -0.12,
            "roe_4q": 0.86,
            "gross_profit": 6091,
            "gross_margin": 20.98,
            "gross_margin_4q_avg": 23.2,
            "net_income": -366,
            "net_income_4q": null,
            "revenue": 29030,
            "revenue_4q": null,
            "common_shares": 298690,
            "book_valuer_per_share": 10.15,
            "book_valuer_per_share_4q_avg": 10.16,
            "equity": 303065,
            "current_ratio": 366.26,
            "debt_ratio": 26.46,
            "inventory_turnover_ratio": 4.53,
            "account_receivable_turnover_ratio": 0.84,
            "reinvestment_rate": null,
            "research_to_sale_ratio": null,
            "price_fair": 5.13,
            "eps_avg_yearly": 0.15,
            "eps_latest_yearly": 0.24,
            "eps_growth_yearly": 500
        },
        "20171": {
            "year_quarter": 20171,
            "year": 2017,
            "quarter": 1,
            "eps": 0.02,
            "eps_growth_year": 0,
            "eps_4q": 0.09,
            "eps_4q_growth_year": null,
            "roe": 0.22,
            "roe_4q": 0.86,
            "gross_profit": 6419,
            "gross_margin": 18.5,
            "gross_margin_4q_avg": 21.15,
            "net_income": 657,
            "net_income_4q": null,
            "revenue": 34688,
            "revenue_4q": null,
            "common_shares": 298690,
            "book_valuer_per_share": 10.29,
            "book_valuer_per_share_4q_avg": 10.2,
            "equity": 300496,
            "current_ratio": 335.96,
            "debt_ratio": 25.59,
            "inventory_turnover_ratio": 4.34,
            "account_receivable_turnover_ratio": 0.99,
            "reinvestment_rate": null,
            "research_to_sale_ratio": null,
            "price_fair": 4.9,
            "eps_avg_yearly": 0.14,
            "eps_latest_yearly": 0.24,
            "eps_growth_yearly": 900
        },
        "20172": {
            "year_quarter": 20172,
            "year": 2017,
            "quarter": 2,
            "eps": 0.14,
            "eps_growth_year": 1300,
            "eps_4q": 0.22,
            "eps_4q_growth_year": null,
            "roe": 1.31,
            "roe_4q": 2.0500000000000003,
            "gross_profit": 6981,
            "gross_margin": 21.17,
            "gross_margin_4q_avg": 20.74,
            "net_income": 4038,
            "net_income_4q": null,
            "revenue": 32979,
            "revenue_4q": null,
            "common_shares": 298690,
            "book_valuer_per_share": 10.84,
            "book_valuer_per_share_4q_avg": 10.38,
            "equity": 315036,
            "current_ratio": 336.9,
            "debt_ratio": 23.59,
            "inventory_turnover_ratio": 3.04,
            "account_receivable_turnover_ratio": 0.86,
            "reinvestment_rate": null,
            "research_to_sale_ratio": null,
            "price_fair": 9.8,
            "eps_avg_yearly": 0.28,
            "eps_latest_yearly": 0.56,
            "eps_growth_yearly": 1400
        },
        "20173": {
            "year_quarter": 20173,
            "year": 2017,
            "quarter": 3,
            "eps": 0.25,
            "eps_growth_year": 316.67,
            "eps_4q": 0.4,
            "eps_4q_growth_year": 705.91,
            "roe": 2.25,
            "roe_4q": 3.66,
            "gross_profit": 9786,
            "gross_margin": 23.43,
            "gross_margin_4q_avg": 21.02,
            "net_income": 7279,
            "net_income_4q": null,
            "revenue": 41762,
            "revenue_4q": null,
            "common_shares": 298690,
            "book_valuer_per_share": 11.44,
            "book_valuer_per_share_4q_avg": 10.68,
            "equity": 332675,
            "current_ratio": 348.79,
            "debt_ratio": 21.59,
            "inventory_turnover_ratio": 4.4,
            "account_receivable_turnover_ratio": 1.01,
            "reinvestment_rate": null,
            "research_to_sale_ratio": null,
            "price_fair": 16.1,
            "eps_avg_yearly": 0.46,
            "eps_latest_yearly": 1,
            "eps_growth_yearly": 1128.57
        },
        "20174": {
            "year_quarter": 20174,
            "year": 2017,
            "quarter": 4,
            "eps": -0.11,
            "eps_growth_year": null,
            "eps_4q": 0.3,
            "eps_4q_growth_year": 246,
            "roe": -1.01,
            "roe_4q": 2.77,
            "gross_profit": 5655,
            "gross_margin": 18.08,
            "gross_margin_4q_avg": 20.3,
            "net_income": -3246,
            "net_income_4q": null,
            "revenue": 31276,
            "revenue_4q": null,
            "common_shares": 298690,
            "book_valuer_per_share": 10.68,
            "book_valuer_per_share_4q_avg": 10.81,
            "equity": 310331,
            "current_ratio": 356.55,
            "debt_ratio": 25.16,
            "inventory_turnover_ratio": 4.28,
            "account_receivable_turnover_ratio": 0.73,
            "reinvestment_rate": null,
            "research_to_sale_ratio": null,
            "price_fair": 16.1,
            "eps_avg_yearly": 0.46,
            "eps_latest_yearly": 1,
            "eps_growth_yearly": 1128.57
        },
        "20181": {
            "year_quarter": 20181,
            "year": 2018,
            "quarter": 1,
            "eps": -0.12,
            "eps_growth_year": -700,
            "eps_4q": 0.16,
            "eps_4q_growth_year": 81.74,
            "roe": -1.11,
            "roe_4q": 1.44,
            "gross_profit": 2351,
            "gross_margin": 8.4,
            "gross_margin_4q_avg": 17.77,
            "net_income": -3398,
            "net_income_4q": null,
            "revenue": 27986,
            "revenue_4q": null,
            "common_shares": 298690,
            "book_valuer_per_share": 10.4,
            "book_valuer_per_share_4q_avg": 10.84,
            "equity": 302346,
            "current_ratio": 346.07,
            "debt_ratio": 24,
            "inventory_turnover_ratio": 3.06,
            "account_receivable_turnover_ratio": 0.75,
            "reinvestment_rate": null,
            "research_to_sale_ratio": null,
            "price_fair": 16.1,
            "eps_avg_yearly": 0.46,
            "eps_latest_yearly": 1,
            "eps_growth_yearly": 1128.57
        },
        "20182": {
            "year_quarter": 20182,
            "year": 2018,
            "quarter": 2,
            "eps": -0.2,
            "eps_growth_year": -242.86,
            "eps_4q": -0.18,
            "eps_4q_growth_year": -181.48,
            "roe": -1.94,
            "roe_4q": -1.8099999999999996,
            "gross_profit": -164,
            "gross_margin": -0.69,
            "gross_margin_4q_avg": 12.31,
            "net_income": -5740,
            "net_income_4q": null,
            "revenue": 23775,
            "revenue_4q": null,
            "common_shares": 298690,
            "book_valuer_per_share": 9.97,
            "book_valuer_per_share_4q_avg": 10.62,
            "equity": 289963,
            "current_ratio": 317.57,
            "debt_ratio": 23.74,
            "inventory_turnover_ratio": 2.38,
            "account_receivable_turnover_ratio": 0.73,
            "reinvestment_rate": null,
            "research_to_sale_ratio": null,
            "price_fair": 16.1,
            "eps_avg_yearly": 0.46,
            "eps_latest_yearly": 1,
            "eps_growth_yearly": 1128.57
        },
        "20183": {
            "year_quarter": 20183,
            "year": 2018,
            "quarter": 3,
            "eps": -0.29,
            "eps_growth_year": -216,
            "eps_4q": -0.71,
            "eps_4q_growth_year": -278.96,
            "roe": -2.95,
            "roe_4q": -7.010000000000001,
            "gross_profit": 2386,
            "gross_margin": 8.16,
            "gross_margin_4q_avg": 8.49,
            "net_income": -8390,
            "net_income_4q": null,
            "revenue": 29254,
            "revenue_4q": null,
            "common_shares": 298690,
            "book_valuer_per_share": 9.57,
            "book_valuer_per_share_4q_avg": 10.16,
            "equity": 278157,
            "current_ratio": 312.14,
            "debt_ratio": 22.21,
            "inventory_turnover_ratio": 3.64,
            "account_receivable_turnover_ratio": 0.82,
            "reinvestment_rate": null,
            "research_to_sale_ratio": null,
            "price_fair": 16.1,
            "eps_avg_yearly": 0.46,
            "eps_latest_yearly": 1,
            "eps_growth_yearly": 1128.57
        },
        "20184": {
            "year_quarter": 20184,
            "year": 2018,
            "quarter": 4,
            "eps": -0.01,
            "eps_growth_year": null,
            "eps_4q": -0.62,
            "eps_4q_growth_year": -305.47,
            "roe": -0.15,
            "roe_4q": -6.15,
            "gross_profit": 3700,
            "gross_margin": 14.84,
            "gross_margin_4q_avg": 7.68,
            "net_income": -405,
            "net_income_4q": null,
            "revenue": 24926,
            "revenue_4q": null,
            "common_shares": 298690,
            "book_valuer_per_share": 9.54,
            "book_valuer_per_share_4q_avg": 9.87,
            "equity": 277444,
            "current_ratio": 336.84,
            "debt_ratio": 20.43,
            "inventory_turnover_ratio": 3.6,
            "account_receivable_turnover_ratio": 0.72,
            "reinvestment_rate": null,
            "research_to_sale_ratio": null,
            "price_fair": 16.1,
            "eps_avg_yearly": 0.46,
            "eps_latest_yearly": 1,
            "eps_growth_yearly": 1128.57
        },
        "20191": {
            "year_quarter": 20191,
            "year": 2019,
            "quarter": 1,
            "eps": 0.1,
            "eps_growth_year": null,
            "eps_4q": -0.4,
            "eps_4q_growth_year": -349.11,
            "roe": 1.04,
            "roe_4q": -4,
            "gross_profit": 2596,
            "gross_margin": 12.8,
            "gross_margin_4q_avg": 8.78,
            "net_income": 2894,
            "net_income_4q": null,
            "revenue": 20287,
            "revenue_4q": null,
            "common_shares": 298690,
            "book_valuer_per_share": 9.62,
            "book_valuer_per_share_4q_avg": 9.68,
            "equity": 279719,
            "current_ratio": 371.26,
            "debt_ratio": 18.74,
            "inventory_turnover_ratio": 2.14,
            "account_receivable_turnover_ratio": 0.71,
            "reinvestment_rate": null,
            "research_to_sale_ratio": null,
            "price_fair": 16.1,
            "eps_avg_yearly": 0.46,
            "eps_latest_yearly": 1,
            "eps_growth_yearly": 1128.57
        },
        "20192": {
            "year_quarter": 20192,
            "year": 2019,
            "quarter": 2,
            "eps": -0.12,
            "eps_growth_year": null,
            "eps_4q": -0.32,
            "eps_4q_growth_year": null,
            "roe": -1.21,
            "roe_4q": -3.27,
            "gross_profit": 2049,
            "gross_margin": 11.02,
            "gross_margin_4q_avg": 11.71,
            "net_income": -3374,
            "net_income_4q": null,
            "revenue": 18592,
            "revenue_4q": null,
            "common_shares": 298690,
            "book_valuer_per_share": 9.5,
            "book_valuer_per_share_4q_avg": 9.56,
            "equity": 276049,
            "current_ratio": 381.91,
            "debt_ratio": 17.48,
            "inventory_turnover_ratio": 1.63,
            "account_receivable_turnover_ratio": 0.74,
            "reinvestment_rate": null,
            "research_to_sale_ratio": null,
            "price_fair": 16.1,
            "eps_avg_yearly": 0.46,
            "eps_latest_yearly": 1,
            "eps_growth_yearly": 1128.57
        },
        "20193": {
            "year_quarter": 20193,
            "year": 2019,
            "quarter": 3,
            "eps": 0.08,
            "eps_growth_year": null,
            "eps_4q": 0.05,
            "eps_4q_growth_year": null,
            "roe": 0.81,
            "roe_4q": 0.4900000000000001,
            "gross_profit": 5987,
            "gross_margin": 24.98,
            "gross_margin_4q_avg": 15.91,
            "net_income": 2256,
            "net_income_4q": null,
            "revenue": 23970,
            "revenue_4q": null,
            "common_shares": 298690,
            "book_valuer_per_share": 9.57,
            "book_valuer_per_share_4q_avg": 9.56,
            "equity": 278110,
            "current_ratio": 430.03,
            "debt_ratio": 15.85,
            "inventory_turnover_ratio": 1.89,
            "account_receivable_turnover_ratio": 0.9,
            "reinvestment_rate": null,
            "research_to_sale_ratio": null,
            "price_fair": 16.1,
            "eps_avg_yearly": 0.46,
            "eps_latest_yearly": 1,
            "eps_growth_yearly": 1128.57
        },
        "20194": {
            "year_quarter": 20194,
            "year": 2019,
            "quarter": 4,
            "eps": -0.03,
            "eps_growth_year": null,
            "eps_4q": 0.04,
            "eps_4q_growth_year": null,
            "roe": -0.26,
            "roe_4q": 0.3800000000000001,
            "gross_profit": 3360,
            "gross_margin": 18.45,
            "gross_margin_4q_avg": 16.81,
            "net_income": -731,
            "net_income_4q": null,
            "revenue": 18211,
            "revenue_4q": null,
            "common_shares": 298690,
            "book_valuer_per_share": 9.53,
            "book_valuer_per_share_4q_avg": 9.56,
            "equity": 276914,
            "current_ratio": 455.26,
            "debt_ratio": 14.78,
            "inventory_turnover_ratio": 1.82,
            "account_receivable_turnover_ratio": 0.73,
            "reinvestment_rate": null,
            "research_to_sale_ratio": null,
            "price_fair": 16.1,
            "eps_avg_yearly": 0.46,
            "eps_latest_yearly": 1,
            "eps_growth_yearly": 1128.57
        },
        "20201": {
            "year_quarter": 20201,
            "year": 2020,
            "quarter": 1,
            "eps": -0.2,
            "eps_growth_year": -300,
            "eps_4q": -0.26,
            "eps_4q_growth_year": null,
            "roe": -2.08,
            "roe_4q": -2.7399999999999998,
            "gross_profit": 2856,
            "gross_margin": 16.26,
            "gross_margin_4q_avg": 17.68,
            "net_income": -5705,
            "net_income_4q": null,
            "revenue": 17567,
            "revenue_4q": null,
            "common_shares": 298690,
            "book_valuer_per_share": 9.35,
            "book_valuer_per_share_4q_avg": 9.49,
            "equity": 271707,
            "current_ratio": 451.09,
            "debt_ratio": 19.6,
            "inventory_turnover_ratio": 2.02,
            "account_receivable_turnover_ratio": 0.86,
            "reinvestment_rate": null,
            "research_to_sale_ratio": null,
            "price_fair": 16.1,
            "eps_avg_yearly": 0.46,
            "eps_latest_yearly": 1,
            "eps_growth_yearly": 1128.57
        },
        "20202": {
            "year_quarter": 20202,
            "year": 2020,
            "quarter": 2,
            "eps": -0.09,
            "eps_growth_year": null,
            "eps_4q": -0.23,
            "eps_4q_growth_year": null,
            "roe": -0.95,
            "roe_4q": -2.48,
            "gross_profit": -675,
            "gross_margin": -6.27,
            "gross_margin_4q_avg": 13.36,
            "net_income": -2583,
            "net_income_4q": null,
            "revenue": 10760,
            "revenue_4q": null,
            "common_shares": 290690,
            "book_valuer_per_share": 9.36,
            "book_valuer_per_share_4q_avg": 9.45,
            "equity": 272120,
            "current_ratio": 445.94,
            "debt_ratio": 18.51,
            "inventory_turnover_ratio": 1.9,
            "account_receivable_turnover_ratio": 0.65,
            "reinvestment_rate": null,
            "research_to_sale_ratio": null,
            "price_fair": 21,
            "eps_avg_yearly": 0.6,
            "eps_latest_yearly": 1,
            "eps_growth_yearly": 1571.43
        },
        "20203": {
            "year_quarter": 20203,
            "year": 2020,
            "quarter": 3,
            "eps": 0.09,
            "eps_growth_year": 12.5,
            "eps_4q": -0.22,
            "eps_4q_growth_year": -566.81,
            "roe": 0.95,
            "roe_4q": -2.34,
            "gross_profit": 5623,
            "gross_margin": 29.38,
            "gross_margin_4q_avg": 14.46,
            "net_income": 2619,
            "net_income_4q": null,
            "revenue": 19137,
            "revenue_4q": null,
            "common_shares": 290690,
            "book_valuer_per_share": 9.54,
            "book_valuer_per_share_4q_avg": 9.45,
            "equity": 277228,
            "current_ratio": 592.45,
            "debt_ratio": 18.81,
            "inventory_turnover_ratio": 2.93,
            "account_receivable_turnover_ratio": 1.16,
            "reinvestment_rate": null,
            "research_to_sale_ratio": null,
            "price_fair": 27.3,
            "eps_avg_yearly": 0.78,
            "eps_latest_yearly": 1,
            "eps_growth_yearly": 1357.14
        },
        "20204": {
            "year_quarter": 20204,
            "year": 2020,
            "quarter": 4,
            "eps": -0,
            "eps_growth_year": null,
            "eps_4q": -0.2,
            "eps_4q_growth_year": -652.06,
            "roe": -0.04,
            "roe_4q": -2.12,
            "gross_profit": 2137,
            "gross_margin": 14.78,
            "gross_margin_4q_avg": 13.54,
            "net_income": -100,
            "net_income_4q": null,
            "revenue": 14459,
            "revenue_4q": null,
            "common_shares": 290690,
            "book_valuer_per_share": 9.63,
            "book_valuer_per_share_4q_avg": 9.47,
            "equity": 279867,
            "current_ratio": 494.43,
            "debt_ratio": 18.54,
            "inventory_turnover_ratio": 2.91,
            "account_receivable_turnover_ratio": 0.78,
            "reinvestment_rate": null,
            "research_to_sale_ratio": null,
            "price_fair": 27.3,
            "eps_avg_yearly": 0.78,
            "eps_latest_yearly": 1,
            "eps_growth_yearly": 1357.14
        },
        "20211": {
            "year_quarter": 20211,
            "year": 2021,
            "quarter": 1,
            "eps": 0.01,
            "eps_growth_year": null,
            "eps_4q": 0.01,
            "eps_4q_growth_year": null,
            "roe": 0.09,
            "roe_4q": 0.050000000000000044,
            "gross_profit": 1083,
            "gross_margin": 7.69,
            "gross_margin_4q_avg": 11.4,
            "net_income": 255,
            "net_income_4q": null,
            "revenue": 14079,
            "revenue_4q": null,
            "common_shares": 290690,
            "book_valuer_per_share": 9.63,
            "book_valuer_per_share_4q_avg": 9.54,
            "equity": 280049,
            "current_ratio": 460.35,
            "debt_ratio": 18,
            "inventory_turnover_ratio": 2.78,
            "account_receivable_turnover_ratio": 0.87,
            "reinvestment_rate": null,
            "research_to_sale_ratio": null,
            "price_fair": 27.3,
            "eps_avg_yearly": 0.78,
            "eps_latest_yearly": 1,
            "eps_growth_yearly": 1357.14
        },
        "20212": {
            "year_quarter": 20212,
            "year": 2021,
            "quarter": 2,
            "eps": -0.15,
            "eps_growth_year": null,
            "eps_4q": -0.05,
            "eps_4q_growth_year": null,
            "roe": -1.56,
            "roe_4q": -0.56,
            "gross_profit": -2597,
            "gross_margin": -27.06,
            "gross_margin_4q_avg": 6.2,
            "net_income": -4344,
            "net_income_4q": null,
            "revenue": 9598,
            "revenue_4q": null,
            "common_shares": 290690,
            "book_valuer_per_share": 9.47,
            "book_valuer_per_share_4q_avg": 9.57,
            "equity": 275327,
            "current_ratio": 365.23,
            "debt_ratio": 17.65,
            "inventory_turnover_ratio": 1.82,
            "account_receivable_turnover_ratio": 0.71,
            "reinvestment_rate": null,
            "research_to_sale_ratio": null,
            "price_fair": 35,
            "eps_avg_yearly": 1,
            "eps_latest_yearly": 1,
            "eps_growth_yearly": 314.29
        },
        "20213": {
            "year_quarter": 20213,
            "year": 2021,
            "quarter": 3,
            "eps": -0.32,
            "eps_growth_year": -455.56,
            "eps_4q": -0.47,
            "eps_4q_growth_year": null,
            "roe": -3.43,
            "roe_4q": -4.94,
            "gross_profit": -68,
            "gross_margin": -0.45,
            "gross_margin_4q_avg": -1.26,
            "net_income": -9336,
            "net_income_4q": null,
            "revenue": 15164,
            "revenue_4q": null,
            "common_shares": 290690,
            "book_valuer_per_share": 9.26,
            "book_valuer_per_share_4q_avg": 9.5,
            "equity": 269211,
            "current_ratio": 43.58,
            "debt_ratio": 41.76,
            "inventory_turnover_ratio": 2.68,
            "account_receivable_turnover_ratio": 1.07,
            "reinvestment_rate": null,
            "research_to_sale_ratio": null,
            "price_fair": 0,
            "eps_avg_yearly": 0,
            "eps_latest_yearly": 0,
            "eps_growth_yearly": 0
        },
        "20214": {
            "year_quarter": 20214,
            "year": 2021,
            "quarter": 4,
            "eps": -0.38,
            "eps_growth_year": null,
            "eps_4q": -0.84,
            "eps_4q_growth_year": null,
            "roe": -4.19,
            "roe_4q": -9.090000000000002,
            "gross_profit": -1836,
            "gross_margin": -6.62,
            "gross_margin_4q_avg": -6.61,
            "net_income": -11038,
            "net_income_4q": null,
            "revenue": 27749,
            "revenue_4q": null,
            "common_shares": 290690,
            "book_valuer_per_share": 8.87,
            "book_valuer_per_share_4q_avg": 9.31,
            "equity": 257938,
            "current_ratio": 62.9,
            "debt_ratio": 44.84,
            "inventory_turnover_ratio": 12.59,
            "account_receivable_turnover_ratio": 1.16,
            "reinvestment_rate": null,
            "research_to_sale_ratio": null,
            "price_fair": 0,
            "eps_avg_yearly": 0,
            "eps_latest_yearly": 0,
            "eps_growth_yearly": 0
        },
        "20221": {
            "year_quarter": 20221,
            "year": 2022,
            "quarter": 1,
            "eps": 1.58,
            "eps_growth_year": 15700,
            "eps_4q": 0.73,
            "eps_4q_growth_year": 11018.64,
            "roe": 16.26,
            "roe_4q": 7.08,
            "gross_profit": 4619,
            "gross_margin": 4,
            "gross_margin_4q_avg": -7.53,
            "net_income": 45956,
            "net_income_4q": null,
            "revenue": 115344,
            "revenue_4q": null,
            "common_shares": 290690,
            "book_valuer_per_share": 10.58,
            "book_valuer_per_share_4q_avg": 9.55,
            "equity": 307480,
            "current_ratio": 136.81,
            "debt_ratio": 49.18,
            "inventory_turnover_ratio": 49.82,
            "account_receivable_turnover_ratio": 1.98,
            "reinvestment_rate": -4901.34,
            "research_to_sale_ratio": null,
            "price_fair": 0,
            "eps_avg_yearly": 0,
            "eps_latest_yearly": 0,
            "eps_growth_yearly": 0
        },
        "20222": {
            "year_quarter": 20222,
            "year": 2022,
            "quarter": 2,
            "eps": -0.22,
            "eps_growth_year": null,
            "eps_4q": 0.66,
            "eps_4q_growth_year": null,
            "roe": -2.1,
            "roe_4q": 6.540000000000003,
            "gross_profit": 3787,
            "gross_margin": 3.9,
            "gross_margin_4q_avg": 0.21,
            "net_income": -6351,
            "net_income_4q": null,
            "revenue": 97204,
            "revenue_4q": null,
            "common_shares": 290690,
            "book_valuer_per_share": 10.22,
            "book_valuer_per_share_4q_avg": 9.73,
            "equity": 298765,
            "current_ratio": 106.69,
            "debt_ratio": 57.97,
            "inventory_turnover_ratio": 41.9,
            "account_receivable_turnover_ratio": 1.04,
            "reinvestment_rate": -6405.96,
            "research_to_sale_ratio": null,
            "price_fair": 0,
            "eps_avg_yearly": 0,
            "eps_latest_yearly": 0,
            "eps_growth_yearly": 0
        },
        "20223": {
            "year_quarter": 20223,
            "year": 2022,
            "quarter": 3,
            "eps": -0.61,
            "eps_growth_year": null,
            "eps_4q": 0.38,
            "eps_4q_growth_year": null,
            "roe": -6.16,
            "roe_4q": 3.8100000000000014,
            "gross_profit": 2943,
            "gross_margin": 4.14,
            "gross_margin_4q_avg": 1.36,
            "net_income": -17825,
            "net_income_4q": null,
            "revenue": 71068,
            "revenue_4q": null,
            "common_shares": 290690,
            "book_valuer_per_share": 9.58,
            "book_valuer_per_share_4q_avg": 9.81,
            "equity": 280013,
            "current_ratio": 67.34,
            "debt_ratio": 65.51,
            "inventory_turnover_ratio": 72.55,
            "account_receivable_turnover_ratio": 0.79,
            "reinvestment_rate": null,
            "research_to_sale_ratio": null,
            "price_fair": 0,
            "eps_avg_yearly": 0,
            "eps_latest_yearly": 0,
            "eps_growth_yearly": 0
        },
        "20224": {
            "year_quarter": 20224,
            "year": 2022,
            "quarter": 4,
            "eps": 0.53,
            "eps_growth_year": null,
            "eps_4q": 1.29,
            "eps_4q_growth_year": null,
            "roe": 5.33,
            "roe_4q": 13.330000000000002,
            "gross_profit": 61561,
            "gross_margin": -79.1,
            "gross_margin_4q_avg": -16.77,
            "net_income": 15338,
            "net_income_4q": null,
            "revenue": -77829,
            "revenue_4q": null,
            "common_shares": 290690,
            "book_valuer_per_share": 10.17,
            "book_valuer_per_share_4q_avg": 10.14,
            "equity": 295601,
            "current_ratio": 80.43,
            "debt_ratio": 64.75,
            "inventory_turnover_ratio": null,
            "account_receivable_turnover_ratio": -1.52,
            "reinvestment_rate": -404.26,
            "research_to_sale_ratio": null,
            "price_fair": 0,
            "eps_avg_yearly": 0,
            "eps_latest_yearly": 0,
            "eps_growth_yearly": 0
        },
        "20231": {
            "year_quarter": 20231,
            "year": 2023,
            "quarter": 1,
            "eps": 0.16,
            "eps_growth_year": -89.87,
            "eps_4q": -0.14,
            "eps_4q_growth_year": -118.67,
            "roe": 1.55,
            "roe_4q": -1.3800000000000003,
            "gross_profit": 3820,
            "gross_margin": 21.4,
            "gross_margin_4q_avg": -12.42,
            "net_income": 4611,
            "net_income_4q": null,
            "revenue": 17852,
            "revenue_4q": null,
            "common_shares": 290690,
            "book_valuer_per_share": 10.27,
            "book_valuer_per_share_4q_avg": 10.06,
            "equity": 298504,
            "current_ratio": 74.16,
            "debt_ratio": 65.46,
            "inventory_turnover_ratio": null,
            "account_receivable_turnover_ratio": 0.28,
            "reinvestment_rate": -314.82,
            "research_to_sale_ratio": null,
            "price_fair": 1.92,
            "eps_avg_yearly": 0.64,
            "eps_latest_yearly": 0.64,
            "eps_growth_yearly": -279.25
        },
        "20232": {
            "year_quarter": 20232,
            "year": 2023,
            "quarter": 2,
            "eps": -0.42,
            "eps_growth_year": null,
            "eps_4q": -0.34,
            "eps_4q_growth_year": -151.73,
            "roe": -4.21,
            "roe_4q": -3.49,
            "gross_profit": 4258,
            "gross_margin": 7.27,
            "gross_margin_4q_avg": -11.57,
            "net_income": -12314,
            "net_income_4q": null,
            "revenue": 58547,
            "revenue_4q": null,
            "common_shares": 290690,
            "book_valuer_per_share": 9.85,
            "book_valuer_per_share_4q_avg": 9.97,
            "equity": 286248,
            "current_ratio": 60.51,
            "debt_ratio": 67.89,
            "inventory_turnover_ratio": null,
            "account_receivable_turnover_ratio": 0.96,
            "reinvestment_rate": 4783.28,
            "research_to_sale_ratio": null,
            "price_fair": 1.92,
            "eps_avg_yearly": 0.64,
            "eps_latest_yearly": 0.64,
            "eps_growth_yearly": -279.25
        }
    },
    "months": {
        "2003-10": {
            "month": "2003-10",
            "price": "27.00",
            "revenue": 49075
        },
        "2003-11": {
            "month": "2003-11",
            "price": "27.21",
            "revenue": 48044
        },
        "2003-12": {
            "month": "2003-12",
            "price": "32.15",
            "revenue": 42754
        },
        "2004-01": {
            "month": "2004-01",
            "price": "36.88",
            "revenue": 48449
        },
        "2004-02": {
            "month": "2004-02",
            "price": "33.97",
            "revenue": 47595
        },
        "2004-03": {
            "month": "2004-03",
            "price": "31.37",
            "revenue": 50571
        },
        "2004-04": {
            "month": "2004-04",
            "price": "32.82",
            "revenue": 44762
        },
        "2004-05": {
            "month": "2004-05",
            "price": "30.61",
            "revenue": 31123
        },
        "2004-06": {
            "month": "2004-06",
            "price": "28.85",
            "revenue": 35613
        },
        "2004-07": {
            "month": "2004-07",
            "price": "25.30",
            "revenue": 32497
        },
        "2004-08": {
            "month": "2004-08",
            "price": "22.41",
            "revenue": 37956
        },
        "2004-09": {
            "month": "2004-09",
            "price": "22.45",
            "revenue": 42011
        },
        "2004-10": {
            "month": "2004-10",
            "price": "19.67",
            "revenue": 52020
        },
        "2004-11": {
            "month": "2004-11",
            "price": "16.65",
            "revenue": 56980
        },
        "2004-12": {
            "month": "2004-12",
            "price": "16.73",
            "revenue": 40914
        },
        "2005-01": {
            "month": "2005-01",
            "price": "15.51",
            "revenue": 34332
        },
        "2005-02": {
            "month": "2005-02",
            "price": "15.50",
            "revenue": 25802
        },
        "2005-03": {
            "month": "2005-03",
            "price": "15.97",
            "revenue": 41901
        },
        "2005-04": {
            "month": "2005-04",
            "price": "15.45",
            "revenue": 36158
        },
        "2005-05": {
            "month": "2005-05",
            "price": "13.19",
            "revenue": 27119
        },
        "2005-06": {
            "month": "2005-06",
            "price": "14.60",
            "revenue": 34035
        },
        "2005-07": {
            "month": "2005-07",
            "price": "13.46",
            "revenue": 34789
        },
        "2005-08": {
            "month": "2005-08",
            "price": "12.64",
            "revenue": 38386
        },
        "2005-09": {
            "month": "2005-09",
            "price": "13.19",
            "revenue": 40292
        },
        "2005-10": {
            "month": "2005-10",
            "price": "13.14",
            "revenue": 33289
        },
        "2005-11": {
            "month": "2005-11",
            "price": "11.79",
            "revenue": 36772
        },
        "2005-12": {
            "month": "2005-12",
            "price": "10.00",
            "revenue": 27063
        },
        "2006-01": {
            "month": "2006-01",
            "price": "8.83",
            "revenue": 30611
        },
        "2006-02": {
            "month": "2006-02",
            "price": "8.37",
            "revenue": 28919
        },
        "2006-03": {
            "month": "2006-03",
            "price": "7.85",
            "revenue": 33959
        },
        "2006-04": {
            "month": "2006-04",
            "price": "9.55",
            "revenue": 25611
        },
        "2006-05": {
            "month": "2006-05",
            "price": "10.16",
            "revenue": 29194
        },
        "2006-06": {
            "month": "2006-06",
            "price": "9.90",
            "revenue": 35389
        },
        "2006-07": {
            "month": "2006-07",
            "price": "9.71",
            "revenue": 36478
        },
        "2006-08": {
            "month": "2006-08",
            "price": "8.87",
            "revenue": 31026
        },
        "2006-09": {
            "month": "2006-09",
            "price": "8.15",
            "revenue": 32490
        },
        "2006-10": {
            "month": "2006-10",
            "price": "7.89",
            "revenue": 39900
        },
        "2006-11": {
            "month": "2006-11",
            "price": "8.53",
            "revenue": 44280
        },
        "2006-12": {
            "month": "2006-12",
            "price": "10.22",
            "revenue": 38328
        },
        "2007-01": {
            "month": "2007-01",
            "price": "10.03",
            "revenue": 33158
        },
        "2007-02": {
            "month": "2007-02",
            "price": "9.40",
            "revenue": 24254
        },
        "2007-03": {
            "month": "2007-03",
            "price": "10.25",
            "revenue": 35281
        },
        "2007-04": {
            "month": "2007-04",
            "price": "12.03",
            "revenue": 31248
        },
        "2007-05": {
            "month": "2007-05",
            "price": "12.10",
            "revenue": 30674
        },
        "2007-06": {
            "month": "2007-06",
            "price": "13.10",
            "revenue": 27804
        },
        "2007-07": {
            "month": "2007-07",
            "price": "13.53",
            "revenue": 26395
        },
        "2007-08": {
            "month": "2007-08",
            "price": "11.87",
            "revenue": 28610
        },
        "2007-09": {
            "month": "2007-09",
            "price": "12.23",
            "revenue": 23421
        },
        "2007-10": {
            "month": "2007-10",
            "price": "11.93",
            "revenue": 25793
        },
        "2007-11": {
            "month": "2007-11",
            "price": "9.31",
            "revenue": 24771
        },
        "2007-12": {
            "month": "2007-12",
            "price": "8.70",
            "revenue": 26950
        },
        "2008-01": {
            "month": "2008-01",
            "price": "7.98",
            "revenue": 33572
        },
        "2008-02": {
            "month": "2008-02",
            "price": "8.03",
            "revenue": 27765
        },
        "2008-03": {
            "month": "2008-03",
            "price": "8.45",
            "revenue": 36544
        },
        "2008-04": {
            "month": "2008-04",
            "price": "9.48",
            "revenue": 26512
        },
        "2008-05": {
            "month": "2008-05",
            "price": "9.17",
            "revenue": 21808
        },
        "2008-06": {
            "month": "2008-06",
            "price": "8.58",
            "revenue": 21971
        },
        "2008-07": {
            "month": "2008-07",
            "price": "7.29",
            "revenue": 21426
        },
        "2008-08": {
            "month": "2008-08",
            "price": "6.84",
            "revenue": 16720
        },
        "2008-09": {
            "month": "2008-09",
            "price": "6.76",
            "revenue": 25602
        },
        "2008-10": {
            "month": "2008-10",
            "price": "5.61",
            "revenue": 20123
        },
        "2008-11": {
            "month": "2008-11",
            "price": "3.57",
            "revenue": 21179
        },
        "2008-12": {
            "month": "2008-12",
            "price": "3.56",
            "revenue": 21011
        },
        "2009-01": {
            "month": "2009-01",
            "price": "3.72",
            "revenue": 17856
        },
        "2009-02": {
            "month": "2009-02",
            "price": "4.49",
            "revenue": 22677
        },
        "2009-03": {
            "month": "2009-03",
            "price": "5.11",
            "revenue": 21679
        },
        "2009-04": {
            "month": "2009-04",
            "price": "5.80",
            "revenue": 21999
        },
        "2009-05": {
            "month": "2009-05",
            "price": "6.61",
            "revenue": 20916
        },
        "2009-06": {
            "month": "2009-06",
            "price": "6.71",
            "revenue": 20911
        },
        "2009-07": {
            "month": "2009-07",
            "price": "7.71",
            "revenue": 29575
        },
        "2009-08": {
            "month": "2009-08",
            "price": "8.69",
            "revenue": 27831
        },
        "2009-09": {
            "month": "2009-09",
            "price": "9.20",
            "revenue": 24434
        },
        "2009-10": {
            "month": "2009-10",
            "price": "9.81",
            "revenue": 27030
        },
        "2009-11": {
            "month": "2009-11",
            "price": "9.12",
            "revenue": 27469
        },
        "2009-12": {
            "month": "2009-12",
            "price": "9.36",
            "revenue": 29819
        },
        "2010-01": {
            "month": "2010-01",
            "price": "13.68",
            "revenue": 29637
        },
        "2010-02": {
            "month": "2010-02",
            "price": "11.72",
            "revenue": 22588
        },
        "2010-03": {
            "month": "2010-03",
            "price": "13.13",
            "revenue": 25288
        },
        "2010-04": {
            "month": "2010-04",
            "price": "15.96",
            "revenue": 31236
        },
        "2010-05": {
            "month": "2010-05",
            "price": "15.30",
            "revenue": 23291
        },
        "2010-06": {
            "month": "2010-06",
            "price": "13.28",
            "revenue": 27999
        },
        "2010-07": {
            "month": "2010-07",
            "price": "14.51",
            "revenue": 33984
        },
        "2010-08": {
            "month": "2010-08",
            "price": "14.80",
            "revenue": 24248
        },
        "2010-09": {
            "month": "2010-09",
            "price": "13.47",
            "revenue": 24088
        },
        "2010-10": {
            "month": "2010-10",
            "price": "11.75",
            "revenue": 26064
        },
        "2010-11": {
            "month": "2010-11",
            "price": "9.96",
            "revenue": 24312
        },
        "2010-12": {
            "month": "2010-12",
            "price": "11.26",
            "revenue": 24363
        },
        "2011-01": {
            "month": "2011-01",
            "price": "11.36",
            "revenue": 24704
        },
        "2011-02": {
            "month": "2011-02",
            "price": "10.89",
            "revenue": 15619
        },
        "2011-03": {
            "month": "2011-03",
            "price": "11.43",
            "revenue": 26896
        },
        "2011-04": {
            "month": "2011-04",
            "price": "11.23",
            "revenue": 20726
        },
        "2011-05": {
            "month": "2011-05",
            "price": "10.92",
            "revenue": 20820
        },
        "2011-06": {
            "month": "2011-06",
            "price": "10.57",
            "revenue": 25241
        },
        "2011-07": {
            "month": "2011-07",
            "price": "10.16",
            "revenue": 27793
        },
        "2011-08": {
            "month": "2011-08",
            "price": "8.99",
            "revenue": 24773
        },
        "2011-09": {
            "month": "2011-09",
            "price": "9.21",
            "revenue": 21708
        },
        "2011-10": {
            "month": "2011-10",
            "price": "9.40",
            "revenue": 17689
        },
        "2011-11": {
            "month": "2011-11",
            "price": "8.61",
            "revenue": 21513
        },
        "2011-12": {
            "month": "2011-12",
            "price": "7.08",
            "revenue": 25973
        },
        "2012-01": {
            "month": "2012-01",
            "price": "7.00",
            "revenue": 20343
        },
        "2012-02": {
            "month": "2012-02",
            "price": "7.96",
            "revenue": 22804
        },
        "2012-03": {
            "month": "2012-03",
            "price": "8.02",
            "revenue": 23611
        },
        "2012-04": {
            "month": "2012-04",
            "price": "7.81",
            "revenue": 19007
        },
        "2012-05": {
            "month": "2012-05",
            "price": "7.47",
            "revenue": 18649
        },
        "2012-06": {
            "month": "2012-06",
            "price": "7.12",
            "revenue": 17555
        },
        "2012-07": {
            "month": "2012-07",
            "price": "6.98",
            "revenue": 22217
        },
        "2012-08": {
            "month": "2012-08",
            "price": "6.95",
            "revenue": 24721
        },
        "2012-09": {
            "month": "2012-09",
            "price": "7.16",
            "revenue": 20103
        },
        "2012-10": {
            "month": "2012-10",
            "price": "6.96",
            "revenue": 19790
        },
        "2012-11": {
            "month": "2012-11",
            "price": "6.98",
            "revenue": 20772
        },
        "2012-12": {
            "month": "2012-12",
            "price": "6.97",
            "revenue": 20402
        },
        "2013-01": {
            "month": "2013-01",
            "price": "7.12",
            "revenue": 18205
        },
        "2013-02": {
            "month": "2013-02",
            "price": "7.08",
            "revenue": 14876
        },
        "2013-03": {
            "month": "2013-03",
            "price": "7.13",
            "revenue": 17988
        },
        "2013-04": {
            "month": "2013-04",
            "price": "7.47",
            "revenue": 14473
        },
        "2013-05": {
            "month": "2013-05",
            "price": "8.06",
            "revenue": 14037
        },
        "2013-06": {
            "month": "2013-06",
            "price": "8.10",
            "revenue": 14372
        },
        "2013-07": {
            "month": "2013-07",
            "price": "8.07",
            "revenue": 18772
        },
        "2013-08": {
            "month": "2013-08",
            "price": "7.99",
            "revenue": 17139
        },
        "2013-09": {
            "month": "2013-09",
            "price": "7.88",
            "revenue": 14266
        },
        "2013-10": {
            "month": "2013-10",
            "price": "7.93",
            "revenue": 12290
        },
        "2013-11": {
            "month": "2013-11",
            "price": "7.96",
            "revenue": 13848
        },
        "2013-12": {
            "month": "2013-12",
            "price": "7.88",
            "revenue": 16597
        },
        "2014-01": {
            "month": "2014-01",
            "price": "8.10",
            "revenue": 13876
        },
        "2014-02": {
            "month": "2014-02",
            "price": "8.47",
            "revenue": 12358
        },
        "2014-03": {
            "month": "2014-03",
            "price": "8.64",
            "revenue": 17218
        },
        "2014-04": {
            "month": "2014-04",
            "price": "8.32",
            "revenue": 12193
        },
        "2014-05": {
            "month": "2014-05",
            "price": "8.18",
            "revenue": 11808
        },
        "2014-06": {
            "month": "2014-06",
            "price": "9.31",
            "revenue": 10394
        },
        "2014-07": {
            "month": "2014-07",
            "price": "12.89",
            "revenue": 15309
        },
        "2014-08": {
            "month": "2014-08",
            "price": "10.99",
            "revenue": 11834
        },
        "2014-09": {
            "month": "2014-09",
            "price": "10.99",
            "revenue": 10682
        },
        "2014-10": {
            "month": "2014-10",
            "price": "10.58",
            "revenue": 10062
        },
        "2014-11": {
            "month": "2014-11",
            "price": "10.24",
            "revenue": 11881
        },
        "2014-12": {
            "month": "2014-12",
            "price": "10.24",
            "revenue": 15447
        },
        "2015-01": {
            "month": "2015-01",
            "price": "10.78",
            "revenue": 13875
        },
        "2015-02": {
            "month": "2015-02",
            "price": "10.66",
            "revenue": 8637
        },
        "2015-03": {
            "month": "2015-03",
            "price": "10.73",
            "revenue": 14691
        },
        "2015-04": {
            "month": "2015-04",
            "price": "10.48",
            "revenue": 9207
        },
        "2015-05": {
            "month": "2015-05",
            "price": "10.31",
            "revenue": 9515
        },
        "2015-06": {
            "month": "2015-06",
            "price": "9.56",
            "revenue": 13677
        },
        "2015-07": {
            "month": "2015-07",
            "price": "8.58",
            "revenue": 15089
        },
        "2015-08": {
            "month": "2015-08",
            "price": "7.73",
            "revenue": 14473
        },
        "2015-09": {
            "month": "2015-09",
            "price": "7.43",
            "revenue": 11468
        },
        "2015-10": {
            "month": "2015-10",
            "price": "7.91",
            "revenue": 10666
        },
        "2015-11": {
            "month": "2015-11",
            "price": "7.89",
            "revenue": 11799
        },
        "2015-12": {
            "month": "2015-12",
            "price": "7.77",
            "revenue": 13195
        },
        "2016-01": {
            "month": "2016-01",
            "price": "7.62",
            "revenue": 13602
        },
        "2016-02": {
            "month": "2016-02",
            "price": "7.81",
            "revenue": 8160
        },
        "2016-03": {
            "month": "2016-03",
            "price": "8.15",
            "revenue": 12247
        },
        "2016-04": {
            "month": "2016-04",
            "price": "8.16",
            "revenue": 9152
        },
        "2016-05": {
            "month": "2016-05",
            "price": "7.84",
            "revenue": 10872
        },
        "2016-06": {
            "month": "2016-06",
            "price": "7.79",
            "revenue": 9914
        },
        "2016-07": {
            "month": "2016-07",
            "price": "7.88",
            "revenue": 11141
        },
        "2016-08": {
            "month": "2016-08",
            "price": "8.11",
            "revenue": 12860
        },
        "2016-09": {
            "month": "2016-09",
            "price": "7.83",
            "revenue": 9002
        },
        "2016-10": {
            "month": "2016-10",
            "price": "7.82",
            "revenue": 7844
        },
        "2016-11": {
            "month": "2016-11",
            "price": "7.66",
            "revenue": 10142
        },
        "2016-12": {
            "month": "2016-12",
            "price": "7.76",
            "revenue": 11044
        },
        "2017-01": {
            "month": "2017-01",
            "price": "7.55",
            "revenue": 11217
        },
        "2017-02": {
            "month": "2017-02",
            "price": "8.27",
            "revenue": 8846
        },
        "2017-03": {
            "month": "2017-03",
            "price": "8.73",
            "revenue": 14626
        },
        "2017-04": {
            "month": "2017-04",
            "price": "8.98",
            "revenue": 11129
        },
        "2017-05": {
            "month": "2017-05",
            "price": "8.66",
            "revenue": 10227
        },
        "2017-06": {
            "month": "2017-06",
            "price": "8.71",
            "revenue": 11623
        },
        "2017-07": {
            "month": "2017-07",
            "price": "8.80",
            "revenue": 16552
        },
        "2017-08": {
            "month": "2017-08",
            "price": "9.67",
            "revenue": 14146
        },
        "2017-09": {
            "month": "2017-09",
            "price": "9.92",
            "revenue": 11064
        },
        "2017-10": {
            "month": "2017-10",
            "price": "12.92",
            "revenue": 9245
        },
        "2017-11": {
            "month": "2017-11",
            "price": "10.26",
            "revenue": 11143
        },
        "2017-12": {
            "month": "2017-12",
            "price": "9.83",
            "revenue": 10888
        },
        "2018-01": {
            "month": "2018-01",
            "price": "9.91",
            "revenue": 10448
        },
        "2018-02": {
            "month": "2018-02",
            "price": "9.70",
            "revenue": 6967
        },
        "2018-03": {
            "month": "2018-03",
            "price": "10.08",
            "revenue": 10570
        },
        "2018-04": {
            "month": "2018-04",
            "price": "9.90",
            "revenue": 7793
        },
        "2018-05": {
            "month": "2018-05",
            "price": "9.72",
            "revenue": 8333
        },
        "2018-06": {
            "month": "2018-06",
            "price": "10.11",
            "revenue": 7650
        },
        "2018-07": {
            "month": "2018-07",
            "price": "9.91",
            "revenue": 11877
        },
        "2018-08": {
            "month": "2018-08",
            "price": "9.44",
            "revenue": 10826
        },
        "2018-09": {
            "month": "2018-09",
            "price": "8.89",
            "revenue": 6550
        },
        "2018-10": {
            "month": "2018-10",
            "price": "7.89",
            "revenue": 6794
        },
        "2018-11": {
            "month": "2018-11",
            "price": "7.45",
            "revenue": 10027
        },
        "2018-12": {
            "month": "2018-12",
            "price": "7.61",
            "revenue": 8105
        },
        "2019-01": {
            "month": "2019-01",
            "price": "7.72",
            "revenue": 8786
        },
        "2019-02": {
            "month": "2019-02",
            "price": "8.02",
            "revenue": 5520
        },
        "2019-03": {
            "month": "2019-03",
            "price": "8.38",
            "revenue": 5985
        },
        "2019-04": {
            "month": "2019-04",
            "price": "8.16",
            "revenue": 6179
        },
        "2019-05": {
            "month": "2019-05",
            "price": "7.68",
            "revenue": 6559
        },
        "2019-06": {
            "month": "2019-06",
            "price": "7.78",
            "revenue": 5854
        },
        "2019-07": {
            "month": "2019-07",
            "price": "7.86",
            "revenue": 9458
        },
        "2019-08": {
            "month": "2019-08",
            "price": "7.73",
            "revenue": 8974
        },
        "2019-09": {
            "month": "2019-09",
            "price": "7.92",
            "revenue": 5538
        },
        "2019-10": {
            "month": "2019-10",
            "price": "7.59",
            "revenue": 5544
        },
        "2019-11": {
            "month": "2019-11",
            "price": "7.35",
            "revenue": 5624
        },
        "2019-12": {
            "month": "2019-12",
            "price": "7.32",
            "revenue": 7042
        },
        "2020-01": {
            "month": "2020-01",
            "price": "7.37",
            "revenue": 7368
        },
        "2020-02": {
            "month": "2020-02",
            "price": "7.26",
            "revenue": 4928
        },
        "2020-03": {
            "month": "2020-03",
            "price": "6.18",
            "revenue": 5270
        },
        "2020-04": {
            "month": "2020-04",
            "price": "5.66",
            "revenue": 3257
        },
        "2020-05": {
            "month": "2020-05",
            "price": "6.24",
            "revenue": 3557
        },
        "2020-06": {
            "month": "2020-06",
            "price": "6.15",
            "revenue": 3947
        },
        "2020-07": {
            "month": "2020-07",
            "price": "6.86",
            "revenue": 7203
        },
        "2020-08": {
            "month": "2020-08",
            "price": "7.17",
            "revenue": 7189
        },
        "2020-09": {
            "month": "2020-09",
            "price": "8.04",
            "revenue": 4745
        },
        "2020-10": {
            "month": "2020-10",
            "price": "7.85",
            "revenue": 3936
        },
        "2020-11": {
            "month": "2020-11",
            "price": "7.78",
            "revenue": 4898
        },
        "2020-12": {
            "month": "2020-12",
            "price": "8.75",
            "revenue": 5624
        },
        "2021-01": {
            "month": "2021-01",
            "price": "19.05",
            "revenue": 7003
        },
        "2021-02": {
            "month": "2021-02",
            "price": "19.85",
            "revenue": 2742
        },
        "2021-03": {
            "month": "2021-03",
            "price": "24.86",
            "revenue": 4334
        },
        "2021-04": {
            "month": "2021-04",
            "price": "28.18",
            "revenue": 3053
        },
        "2021-05": {
            "month": "2021-05",
            "price": "25.30",
            "revenue": 3568
        },
        "2021-06": {
            "month": "2021-06",
            "price": "25.28",
            "revenue": 2977
        },
        "2021-07": {
            "month": "2021-07",
            "price": "27.70",
            "revenue": 5645
        },
        "2021-08": {
            "month": "2021-08",
            "price": "27.48",
            "revenue": 5977
        },
        "2021-09": {
            "month": "2021-09",
            "price": "26.42",
            "revenue": 3542
        },
        "2021-10": {
            "month": "2021-10",
            "price": "25.55",
            "revenue": 2893
        },
        "2021-11": {
            "month": "2021-11",
            "price": "26.39",
            "revenue": 3438
        },
        "2021-12": {
            "month": "2021-12",
            "price": "25.49",
            "revenue": 21418
        },
        "2022-01": {
            "month": "2022-01",
            "price": "29.46",
            "revenue": 38593
        },
        "2022-02": {
            "month": "2022-02",
            "price": "33.83",
            "revenue": 39051
        },
        "2022-03": {
            "month": "2022-03",
            "price": "31.50",
            "revenue": 37700
        },
        "2022-04": {
            "month": "2022-04",
            "price": "35.27",
            "revenue": 26177
        },
        "2022-05": {
            "month": "2022-05",
            "price": "46.02",
            "revenue": 41823
        },
        "2022-06": {
            "month": "2022-06",
            "price": "41.98",
            "revenue": 29204
        },
        "2022-07": {
            "month": "2022-07",
            "price": "33.14",
            "revenue": 24047
        },
        "2022-08": {
            "month": "2022-08",
            "price": "32.58",
            "revenue": 23010
        },
        "2022-09": {
            "month": "2022-09",
            "price": "29.25",
            "revenue": 36857
        },
        "2022-10": {
            "month": "2022-10",
            "price": "26.20",
            "revenue": 11674
        },
        "2022-11": {
            "month": "2022-11",
            "price": "26.36",
            "revenue": 807
        },
        "2022-12": {
            "month": "2022-12",
            "price": "25.80",
            "revenue": 158604
        },
        "2023-01": {
            "month": "2023-01",
            "price": "27.47",
            "revenue": 1281
        },
        "2023-02": {
            "month": "2023-02",
            "price": "28.79",
            "revenue": 14860
        },
        "2023-03": {
            "month": "2023-03",
            "price": "31.44",
            "revenue": 1711
        },
        "2023-04": {
            "month": "2023-04",
            "price": "36.64",
            "revenue": 12635
        },
        "2023-05": {
            "month": "2023-05",
            "price": "35.19",
            "revenue": 24259
        },
        "2023-06": {
            "month": "2023-06",
            "price": "44.29",
            "revenue": 21653
        },
        "2023-07": {
            "month": "2023-07",
            "price": "62.87",
            "revenue": 15416
        },
        "2023-08": {
            "month": "2023-08",
            "price": "52.20",
            "revenue": 14148
        },
        "2023-09": {
            "month": "2023-09",
            "price": "55.18",
            "revenue": 11743
        }
    }
}
