{
    "summary": {
        "stock_name": "品安",
        "stock_id": "8088",
        "category": "半導體",
        "main_business": "記憶體模組  積體電路   快閃記憶體  代工",
        "website_url": "http://www.panram.com.tw",
        "ceo": "謝吳沛",
        "pe_ratio": 11,
        "report_year_from": 2002,
        "report_year_to": 2023,
        "age": 21,
        "eps_negative_percentage": 24,
        "eps_growth_avg": {
            "last_all": -5.65,
            "last_2y": 22.06,
            "last_4y": 27.45,
            "last_8y": 1.68,
            "last_12y": 11.13,
            "last_16y": 1.87,
            "last_20y": null,
            "at_2006_last_3y": null,
            "at_2007_last_3y": -67.15,
            "at_2008_last_3y": -100,
            "at_2009_last_3y": -100,
            "at_2010_last_3y": -100,
            "at_2011_last_3y": null,
            "at_2012_last_3y": 7.25,
            "at_2013_last_3y": 53.62,
            "at_2014_last_3y": 18.49,
            "at_2015_last_3y": 12.6,
            "at_2016_last_3y": 3.64,
            "at_2017_last_3y": -30.52,
            "at_2018_last_3y": -24.82,
            "at_2019_last_3y": 1.45,
            "at_2020_last_3y": 4.2,
            "at_2021_last_3y": 9.31,
            "at_2022_last_3y": 41.55,
            "at_2023_last_3y": 41.55,
            "at_2006_last_all": -50.72,
            "at_2007_last_all": -67.15,
            "at_2008_last_all": -67.15,
            "at_2009_last_all": -67.15,
            "at_2010_last_all": -67.15,
            "at_2011_last_all": -67.15,
            "at_2012_last_all": -48.55,
            "at_2013_last_all": -18.84,
            "at_2014_last_all": -24.33,
            "at_2015_last_all": -21.58,
            "at_2016_last_all": -22.45,
            "at_2017_last_all": -24.03,
            "at_2018_last_all": -24.52,
            "at_2019_last_all": -13.2,
            "at_2020_last_all": -13.57,
            "at_2021_last_all": -13.77,
            "at_2022_last_all": -5.65,
            "at_2023_last_all": -5.65
        },
        "latest_eps": 3.43,
        "latest_price": 36.85,
        "latest_roe": 18.76,
        "latest_gross_margin": 15.03,
        "latest_equity": 1183960,
        "latest_revenue": 395838,
        "latest_gross_profit": 59487,
        "latest_net_income": 34299,
        "latest_debt_ratio": 13.27,
        "latest_current_ratio": 508.86,
        "latest_account_receivable_turnover_ratio": 1.8,
        "latest_inventory_turnover_ratio": 3.47,
        "latest_reinvestment_rate": -18.94,
        "latest_research_to_sale_ratio": 0.24
    },
    "eps_dividends": {
        "2001": {
            "cash": 0,
            "stock": 0,
            "eps": 0
        },
        "2002": {
            "cash": 0,
            "stock": 0,
            "eps": 0
        },
        "2003": {
            "cash": 0.2,
            "stock": 3.8,
            "eps": 2.77
        },
        "2004": {
            "cash": 0.5,
            "stock": 1,
            "eps": 2.73
        },
        "2005": {
            "cash": 0.8,
            "stock": 0.9,
            "eps": -3.09
        },
        "2006": {
            "cash": 0,
            "stock": 0,
            "eps": 0.78
        },
        "2007": {
            "cash": 0,
            "stock": 0,
            "eps": -0.09
        },
        "2008": {
            "cash": 0,
            "stock": 0,
            "eps": -1.17
        },
        "2009": {
            "cash": 0,
            "stock": 0,
            "eps": -0.35
        },
        "2010": {
            "cash": 0,
            "stock": 0,
            "eps": -0.85
        },
        "2011": {
            "cash": 0,
            "stock": 0,
            "eps": 0.69
        },
        "2012": {
            "cash": 0.6,
            "stock": 0,
            "eps": 0.74
        },
        "2013": {
            "cash": 0.6,
            "stock": 0,
            "eps": 3.67
        },
        "2014": {
            "cash": 3.26,
            "stock": 0,
            "eps": 1.77
        },
        "2015": {
            "cash": 1.6,
            "stock": 0,
            "eps": 1.68
        },
        "2016": {
            "cash": 1.48,
            "stock": 0,
            "eps": 1.2
        },
        "2017": {
            "cash": 0.53,
            "stock": 0.53,
            "eps": 0.76
        },
        "2018": {
            "cash": 0.19,
            "stock": 0,
            "eps": 0.54
        },
        "2019": {
            "cash": 0.44,
            "stock": 0,
            "eps": 2.39
        },
        "2020": {
            "cash": 2.08,
            "stock": 0,
            "eps": 1.97
        },
        "2021": {
            "cash": 1.2,
            "stock": 0,
            "eps": 1.65
        },
        "2022": {
            "cash": 1,
            "stock": 0,
            "eps": 3.48
        },
        "2023": {
            "cash": 2.4,
            "stock": 0,
            "eps": 0.56
        }
    },
    "dividends": {
        "2003-05-30": {
            "cash": 0.2,
            "stock": 3.8
        },
        "2004-02-27": {
            "cash": 0.5,
            "stock": 1
        },
        "2005-02-04": {
            "cash": 0.8,
            "stock": 0.9
        },
        "2012-06-13": {
            "cash": 0.6,
            "stock": 0
        },
        "2013-06-18": {
            "cash": 0.6,
            "stock": 0
        },
        "2014-08-06": {
            "cash": 3.26,
            "stock": 0
        },
        "2015-09-17": {
            "cash": 1.6,
            "stock": 0
        },
        "2016-07-29": {
            "cash": 1.48,
            "stock": 0
        },
        "2017-08-24": {
            "cash": 0.53,
            "stock": 0.53
        },
        "2018-07-31": {
            "cash": 0.19,
            "stock": 0
        },
        "2019-03-26": {
            "cash": 0.44,
            "stock": 0
        },
        "2020-07-24": {
            "cash": 2.08,
            "stock": 0
        },
        "2021-09-06": {
            "cash": 1.2,
            "stock": 0
        },
        "2022-07-26": {
            "cash": 1,
            "stock": 0
        },
        "2023-03-27": {
            "cash": 2.4,
            "stock": 0
        }
    },
    "prices": {
        "200101": "無",
        "200102": "無",
        "200103": "無",
        "200104": "無",
        "200105": "無",
        "200106": "無",
        "200107": "無",
        "200108": "無",
        "200109": "無",
        "200110": "無",
        "200111": "無",
        "200112": "無",
        "200201": "無",
        "200202": "無",
        "200203": "無",
        "200204": "無",
        "200205": "無",
        "200206": "無",
        "200207": "無",
        "200208": "無",
        "200209": "無",
        "200210": "無",
        "200211": "無",
        "200212": "無",
        "200301": "無",
        "200302": "無",
        "200303": "無",
        "200304": "無",
        "200305": "無",
        "200306": "無",
        "200307": "無",
        "200308": "無",
        "200309": "無",
        "200310": "無",
        "200311": "50.17",
        "200312": "42.20",
        "200401": "43.44",
        "200402": "40.10",
        "200403": "42.87",
        "200404": "44.81",
        "200405": "38.39",
        "200406": "42.10",
        "200407": "45.40",
        "200408": "47.42",
        "200409": "52.07",
        "200410": "49.92",
        "200411": "49.70",
        "200412": "54.95",
        "200501": "33.10",
        "200502": "27.55",
        "200503": "28.55",
        "200504": "24.16",
        "200505": "17.41",
        "200506": "18.92",
        "200507": "18.21",
        "200508": "15.64",
        "200509": "13.25",
        "200510": "10.21",
        "200511": "9.58",
        "200512": "11.62",
        "200601": "14.87",
        "200602": "13.11",
        "200603": "11.43",
        "200604": "11.99",
        "200605": "11.53",
        "200606": "14.73",
        "200607": "15.49",
        "200608": "13.78",
        "200609": "14.57",
        "200610": "18.19",
        "200611": "20.46",
        "200612": "27.65",
        "200701": "25.04",
        "200702": "24.09",
        "200703": "26.62",
        "200704": "27.56",
        "200705": "25.43",
        "200706": "27.56",
        "200707": "32.19",
        "200708": "28.07",
        "200709": "27.98",
        "200710": "27.02",
        "200711": "17.24",
        "200712": "14.55",
        "200801": "12.77",
        "200802": "12.04",
        "200803": "12.51",
        "200804": "13.58",
        "200805": "14.95",
        "200806": "13.14",
        "200807": "10.18",
        "200808": "8.66",
        "200809": "5.30",
        "200810": "5.33",
        "200811": "4.35",
        "200812": "4.68",
        "200901": "4.79",
        "200902": "5.64",
        "200903": "6.55",
        "200904": "8.65",
        "200905": "9.08",
        "200906": "7.86",
        "200907": "8.55",
        "200908": "10.89",
        "200909": "11.38",
        "200910": "15.18",
        "200911": "16.15",
        "200912": "18.04",
        "201001": "28.57",
        "201002": "24.82",
        "201003": "29.73",
        "201004": "27.75",
        "201005": "21.87",
        "201006": "22.11",
        "201007": "21.85",
        "201008": "20.29",
        "201009": "18.30",
        "201010": "16.39",
        "201011": "13.28",
        "201012": "15.44",
        "201101": "16.66",
        "201102": "18.49",
        "201103": "16.67",
        "201104": "17.00",
        "201105": "20.72",
        "201106": "18.99",
        "201107": "15.57",
        "201108": "13.67",
        "201109": "11.80",
        "201110": "11.98",
        "201111": "11.13",
        "201112": "9.64",
        "201201": "9.93",
        "201202": "12.37",
        "201203": "12.63",
        "201204": "13.48",
        "201205": "14.93",
        "201206": "15.50",
        "201207": "16.26",
        "201208": "16.85",
        "201209": "17.50",
        "201210": "18.70",
        "201211": "16.15",
        "201212": "17.49",
        "201301": "17.84",
        "201302": "18.23",
        "201303": "23.36",
        "201304": "30.66",
        "201305": "40.98",
        "201306": "49.99",
        "201307": "42.53",
        "201308": "37.14",
        "201309": "36.83",
        "201310": "36.54",
        "201311": "30.64",
        "201312": "33.00",
        "201401": "36.42",
        "201402": "34.45",
        "201403": "34.12",
        "201404": "36.42",
        "201405": "35.14",
        "201406": "37.19",
        "201407": "33.73",
        "201408": "28.37",
        "201409": "26.82",
        "201410": "21.45",
        "201411": "19.77",
        "201412": "21.44",
        "201501": "22.70",
        "201502": "21.09",
        "201503": "22.05",
        "201504": "22.20",
        "201505": "20.30",
        "201506": "18.85",
        "201507": "17.76",
        "201508": "14.36",
        "201509": "14.92",
        "201510": "16.02",
        "201511": "17.29",
        "201512": "17.09",
        "201601": "15.38",
        "201602": "15.36",
        "201603": "17.04",
        "201604": "16.97",
        "201605": "16.55",
        "201606": "20.13",
        "201607": "25.78",
        "201608": "22.66",
        "201609": "25.19",
        "201610": "23.70",
        "201611": "20.55",
        "201612": "21.03",
        "201701": "20.01",
        "201702": "20.58",
        "201703": "22.26",
        "201704": "25.34",
        "201705": "23.17",
        "201706": "22.38",
        "201707": "22.00",
        "201708": "19.71",
        "201709": "20.21",
        "201710": "20.37",
        "201711": "20.35",
        "201712": "17.92",
        "201801": "18.66",
        "201802": "17.28",
        "201803": "17.93",
        "201804": "16.43",
        "201805": "15.38",
        "201806": "15.49",
        "201807": "14.34",
        "201808": "14.12",
        "201809": "13.02",
        "201810": "11.28",
        "201811": "12.53",
        "201812": "12.80",
        "201901": "12.96",
        "201902": "13.30",
        "201903": "13.18",
        "201904": "17.40",
        "201905": "18.88",
        "201906": "17.44",
        "201907": "21.15",
        "201908": "22.07",
        "201909": "24.47",
        "201910": "23.05",
        "201911": "24.65",
        "201912": "27.67",
        "202001": "28.34",
        "202002": "28.89",
        "202003": "25.54",
        "202004": "29.14",
        "202005": "29.56",
        "202006": "29.89",
        "202007": "27.98",
        "202008": "24.79",
        "202009": "23.64",
        "202010": "23.77",
        "202011": "25.12",
        "202012": "29.98",
        "202101": "29.64",
        "202102": "30.26",
        "202103": "30.57",
        "202104": "32.09",
        "202105": "26.18",
        "202106": "27.00",
        "202107": "28.83",
        "202108": "25.34",
        "202109": "22.68",
        "202110": "20.50",
        "202111": "23.00",
        "202112": "24.21",
        "202201": "23.52",
        "202202": "23.83",
        "202203": "22.86",
        "202204": "22.58",
        "202205": "20.96",
        "202206": "20.70",
        "202207": "18.53",
        "202208": "20.20",
        "202209": "21.43",
        "202210": "20.69",
        "202211": "22.90",
        "202212": "23.89",
        "202301": "23.85",
        "202302": "25.22",
        "202303": "29.05",
        "202304": "33.03",
        "202305": "32.99",
        "202306": "36.22"
    },
    "quarters": {
        "20011": {
            "year_quarter": 20011,
            "year": 2001,
            "quarter": 1,
            "eps": null,
            "eps_growth_year": null,
            "eps_4q": null,
            "eps_4q_growth_year": null,
            "roe": null,
            "roe_4q": 0,
            "gross_profit": null,
            "gross_margin": null,
            "gross_margin_4q_avg": 0,
            "net_income": null,
            "revenue": null,
            "common_shares": null,
            "book_valuer_per_share": null,
            "book_valuer_per_share_4q_avg": 0,
            "equity": null,
            "current_ratio": null,
            "debt_ratio": null,
            "inventory_turnover_ratio": null,
            "account_receivable_turnover_ratio": null,
            "reinvestment_rate": null,
            "research_to_sale_ratio": null,
            "price_fair": 0,
            "eps_avg_yearly": 0,
            "eps_latest_yearly": 0,
            "eps_growth_yearly": 0
        },
        "20012": {
            "year_quarter": 20012,
            "year": 2001,
            "quarter": 2,
            "eps": null,
            "eps_growth_year": null,
            "eps_4q": null,
            "eps_4q_growth_year": null,
            "roe": null,
            "roe_4q": 0,
            "gross_profit": null,
            "gross_margin": null,
            "gross_margin_4q_avg": 0,
            "net_income": null,
            "revenue": null,
            "common_shares": null,
            "book_valuer_per_share": null,
            "book_valuer_per_share_4q_avg": 0,
            "equity": null,
            "current_ratio": null,
            "debt_ratio": null,
            "inventory_turnover_ratio": null,
            "account_receivable_turnover_ratio": null,
            "reinvestment_rate": null,
            "research_to_sale_ratio": null,
            "price_fair": 0,
            "eps_avg_yearly": 0,
            "eps_latest_yearly": 0,
            "eps_growth_yearly": 0
        },
        "20013": {
            "year_quarter": 20013,
            "year": 2001,
            "quarter": 3,
            "eps": null,
            "eps_growth_year": null,
            "eps_4q": null,
            "eps_4q_growth_year": null,
            "roe": null,
            "roe_4q": 0,
            "gross_profit": null,
            "gross_margin": null,
            "gross_margin_4q_avg": 0,
            "net_income": null,
            "revenue": null,
            "common_shares": null,
            "book_valuer_per_share": null,
            "book_valuer_per_share_4q_avg": 0,
            "equity": null,
            "current_ratio": null,
            "debt_ratio": null,
            "inventory_turnover_ratio": null,
            "account_receivable_turnover_ratio": null,
            "reinvestment_rate": null,
            "research_to_sale_ratio": null,
            "price_fair": 0,
            "eps_avg_yearly": 0,
            "eps_latest_yearly": 0,
            "eps_growth_yearly": 0
        },
        "20014": {
            "year_quarter": 20014,
            "year": 2001,
            "quarter": 4,
            "eps": null,
            "eps_growth_year": null,
            "eps_4q": null,
            "eps_4q_growth_year": null,
            "roe": null,
            "roe_4q": 0,
            "gross_profit": null,
            "gross_margin": null,
            "gross_margin_4q_avg": 0,
            "net_income": null,
            "revenue": null,
            "common_shares": 128700,
            "book_valuer_per_share": 10.77,
            "book_valuer_per_share_4q_avg": 2.69,
            "equity": 138607,
            "current_ratio": 117.58,
            "debt_ratio": 79.59,
            "inventory_turnover_ratio": null,
            "account_receivable_turnover_ratio": null,
            "reinvestment_rate": null,
            "research_to_sale_ratio": null,
            "price_fair": 0,
            "eps_avg_yearly": 0,
            "eps_latest_yearly": 0,
            "eps_growth_yearly": 0
        },
        "20021": {
            "year_quarter": 20021,
            "year": 2002,
            "quarter": 1,
            "eps": null,
            "eps_growth_year": null,
            "eps_4q": null,
            "eps_4q_growth_year": null,
            "roe": null,
            "roe_4q": 0,
            "gross_profit": null,
            "gross_margin": null,
            "gross_margin_4q_avg": 0,
            "net_income": null,
            "revenue": null,
            "common_shares": null,
            "book_valuer_per_share": null,
            "book_valuer_per_share_4q_avg": 2.69,
            "equity": null,
            "current_ratio": null,
            "debt_ratio": null,
            "inventory_turnover_ratio": null,
            "account_receivable_turnover_ratio": null,
            "reinvestment_rate": null,
            "research_to_sale_ratio": null,
            "price_fair": 0,
            "eps_avg_yearly": 0,
            "eps_latest_yearly": 0,
            "eps_growth_yearly": 0
        },
        "20022": {
            "year_quarter": 20022,
            "year": 2002,
            "quarter": 2,
            "eps": null,
            "eps_growth_year": null,
            "eps_4q": null,
            "eps_4q_growth_year": null,
            "roe": null,
            "roe_4q": 0,
            "gross_profit": null,
            "gross_margin": null,
            "gross_margin_4q_avg": 0,
            "net_income": null,
            "revenue": null,
            "common_shares": null,
            "book_valuer_per_share": null,
            "book_valuer_per_share_4q_avg": 2.69,
            "equity": null,
            "current_ratio": null,
            "debt_ratio": null,
            "inventory_turnover_ratio": null,
            "account_receivable_turnover_ratio": null,
            "reinvestment_rate": null,
            "research_to_sale_ratio": null,
            "price_fair": 0,
            "eps_avg_yearly": 0,
            "eps_latest_yearly": 0,
            "eps_growth_yearly": 0
        },
        "20023": {
            "year_quarter": 20023,
            "year": 2002,
            "quarter": 3,
            "eps": null,
            "eps_growth_year": null,
            "eps_4q": null,
            "eps_4q_growth_year": null,
            "roe": null,
            "roe_4q": 0,
            "gross_profit": null,
            "gross_margin": null,
            "gross_margin_4q_avg": 0,
            "net_income": null,
            "revenue": null,
            "common_shares": null,
            "book_valuer_per_share": null,
            "book_valuer_per_share_4q_avg": 2.69,
            "equity": null,
            "current_ratio": null,
            "debt_ratio": null,
            "inventory_turnover_ratio": null,
            "account_receivable_turnover_ratio": null,
            "reinvestment_rate": null,
            "research_to_sale_ratio": null,
            "price_fair": 0,
            "eps_avg_yearly": 0,
            "eps_latest_yearly": 0,
            "eps_growth_yearly": 0
        },
        "20024": {
            "year_quarter": 20024,
            "year": 2002,
            "quarter": 4,
            "eps": null,
            "eps_growth_year": null,
            "eps_4q": null,
            "eps_4q_growth_year": null,
            "roe": null,
            "roe_4q": 0,
            "gross_profit": null,
            "gross_margin": null,
            "gross_margin_4q_avg": 0,
            "net_income": null,
            "revenue": null,
            "common_shares": 150600,
            "book_valuer_per_share": 14.81,
            "book_valuer_per_share_4q_avg": 3.7,
            "equity": 223052,
            "current_ratio": 120.02,
            "debt_ratio": 77.96,
            "inventory_turnover_ratio": null,
            "account_receivable_turnover_ratio": null,
            "reinvestment_rate": null,
            "research_to_sale_ratio": null,
            "price_fair": 0,
            "eps_avg_yearly": 0,
            "eps_latest_yearly": 0,
            "eps_growth_yearly": 0
        },
        "20031": {
            "year_quarter": 20031,
            "year": 2003,
            "quarter": 1,
            "eps": -0.37,
            "eps_growth_year": null,
            "eps_4q": null,
            "eps_4q_growth_year": null,
            "roe": -3.57,
            "roe_4q": -3.57,
            "gross_profit": 7232,
            "gross_margin": 0.62,
            "gross_margin_4q_avg": 0.16,
            "net_income": -7823,
            "revenue": 1164382,
            "common_shares": 150600,
            "book_valuer_per_share": 14.29,
            "book_valuer_per_share_4q_avg": 7.28,
            "equity": 215229,
            "current_ratio": 124.33,
            "debt_ratio": 74.88,
            "inventory_turnover_ratio": 5.48,
            "account_receivable_turnover_ratio": null,
            "reinvestment_rate": null,
            "research_to_sale_ratio": null,
            "price_fair": 0,
            "eps_avg_yearly": 0,
            "eps_latest_yearly": 0,
            "eps_growth_yearly": 0
        },
        "20032": {
            "year_quarter": 20032,
            "year": 2003,
            "quarter": 2,
            "eps": 2.63,
            "eps_growth_year": null,
            "eps_4q": null,
            "eps_4q_growth_year": null,
            "roe": 23,
            "roe_4q": 19.43,
            "gross_profit": 73175,
            "gross_margin": 6.67,
            "gross_margin_4q_avg": 1.82,
            "net_income": 55531,
            "revenue": 1097034,
            "common_shares": 210828,
            "book_valuer_per_share": 12.7,
            "book_valuer_per_share_4q_avg": 10.45,
            "equity": 267748,
            "current_ratio": 149.52,
            "debt_ratio": 60.23,
            "inventory_turnover_ratio": 5.21,
            "account_receivable_turnover_ratio": null,
            "reinvestment_rate": null,
            "research_to_sale_ratio": null,
            "price_fair": 0,
            "eps_avg_yearly": 0,
            "eps_latest_yearly": 0,
            "eps_growth_yearly": 0
        },
        "20033": {
            "year_quarter": 20033,
            "year": 2003,
            "quarter": 3,
            "eps": 0.64,
            "eps_growth_year": null,
            "eps_4q": null,
            "eps_4q_growth_year": null,
            "roe": 5.51,
            "roe_4q": 24.939999999999998,
            "gross_profit": 34018,
            "gross_margin": 2.24,
            "gross_margin_4q_avg": 2.38,
            "net_income": 15167,
            "revenue": 1516328,
            "common_shares": 210828,
            "book_valuer_per_share": 13.42,
            "book_valuer_per_share_4q_avg": 13.81,
            "equity": 282916,
            "current_ratio": 129.36,
            "debt_ratio": 72.15,
            "inventory_turnover_ratio": 4.55,
            "account_receivable_turnover_ratio": null,
            "reinvestment_rate": null,
            "research_to_sale_ratio": null,
            "price_fair": 7.68,
            "eps_avg_yearly": 2.56,
            "eps_latest_yearly": 2.56,
            "eps_growth_yearly": -302.66
        },
        "20034": {
            "year_quarter": 20034,
            "year": 2003,
            "quarter": 4,
            "eps": -0.13,
            "eps_growth_year": null,
            "eps_4q": 2.85,
            "eps_4q_growth_year": null,
            "roe": -0.96,
            "roe_4q": 23.98,
            "gross_profit": 13857,
            "gross_margin": 0.93,
            "gross_margin_4q_avg": 2.62,
            "net_income": -2699,
            "revenue": 1495381,
            "common_shares": 210828,
            "book_valuer_per_share": 13.27,
            "book_valuer_per_share_4q_avg": 13.42,
            "equity": 279763,
            "current_ratio": 124.85,
            "debt_ratio": 76.07,
            "inventory_turnover_ratio": 3.76,
            "account_receivable_turnover_ratio": null,
            "reinvestment_rate": null,
            "research_to_sale_ratio": null,
            "price_fair": 7.68,
            "eps_avg_yearly": 2.56,
            "eps_latest_yearly": 2.56,
            "eps_growth_yearly": -302.66
        },
        "20041": {
            "year_quarter": 20041,
            "year": 2004,
            "quarter": 1,
            "eps": 0.8,
            "eps_growth_year": null,
            "eps_4q": 4.03,
            "eps_4q_growth_year": null,
            "roe": 5.84,
            "roe_4q": 33.39,
            "gross_profit": 46326,
            "gross_margin": 2.67,
            "gross_margin_4q_avg": 3.13,
            "net_income": 16857,
            "revenue": 1733818,
            "common_shares": 210828,
            "book_valuer_per_share": 14.09,
            "book_valuer_per_share_4q_avg": 13.37,
            "equity": 297074,
            "current_ratio": 130.66,
            "debt_ratio": 75.95,
            "inventory_turnover_ratio": 4.53,
            "account_receivable_turnover_ratio": null,
            "reinvestment_rate": null,
            "research_to_sale_ratio": null,
            "price_fair": 7.68,
            "eps_avg_yearly": 2.56,
            "eps_latest_yearly": 2.56,
            "eps_growth_yearly": -302.66
        },
        "20042": {
            "year_quarter": 20042,
            "year": 2004,
            "quarter": 2,
            "eps": 0.52,
            "eps_growth_year": -80.23,
            "eps_4q": 1.75,
            "eps_4q_growth_year": null,
            "roe": 3.2,
            "roe_4q": 13.589999999999998,
            "gross_profit": 48683,
            "gross_margin": 3.04,
            "gross_margin_4q_avg": 2.22,
            "net_income": 12435,
            "revenue": 1599729,
            "common_shares": 288836,
            "book_valuer_per_share": 16.61,
            "book_valuer_per_share_4q_avg": 14.35,
            "equity": 479780,
            "current_ratio": 196.34,
            "debt_ratio": 68.44,
            "inventory_turnover_ratio": 3.27,
            "account_receivable_turnover_ratio": null,
            "reinvestment_rate": null,
            "research_to_sale_ratio": null,
            "price_fair": 6.96,
            "eps_avg_yearly": 2.32,
            "eps_latest_yearly": 2.08,
            "eps_growth_yearly": -221.33
        },
        "20043": {
            "year_quarter": 20043,
            "year": 2004,
            "quarter": 3,
            "eps": 1.01,
            "eps_growth_year": 57.81,
            "eps_4q": 2.03,
            "eps_4q_growth_year": null,
            "roe": 4.62,
            "roe_4q": 12.7,
            "gross_profit": 59183,
            "gross_margin": 4.02,
            "gross_margin_4q_avg": 2.67,
            "net_income": 26216,
            "revenue": 1472061,
            "common_shares": 334439,
            "book_valuer_per_share": 19.56,
            "book_valuer_per_share_4q_avg": 15.88,
            "equity": 654326,
            "current_ratio": 203.75,
            "debt_ratio": 56.14,
            "inventory_turnover_ratio": 2.58,
            "account_receivable_turnover_ratio": null,
            "reinvestment_rate": null,
            "research_to_sale_ratio": null,
            "price_fair": 8.68,
            "eps_avg_yearly": 2.89,
            "eps_latest_yearly": 4.04,
            "eps_growth_yearly": -21.91
        },
        "20044": {
            "year_quarter": 20044,
            "year": 2004,
            "quarter": 4,
            "eps": 0.4,
            "eps_growth_year": null,
            "eps_4q": 2.4,
            "eps_4q_growth_year": -15.77,
            "roe": 1.55,
            "roe_4q": 15.21,
            "gross_profit": 50483,
            "gross_margin": 2.78,
            "gross_margin_4q_avg": 3.13,
            "net_income": 11099,
            "revenue": 1817305,
            "common_shares": 366823,
            "book_valuer_per_share": 21.15,
            "book_valuer_per_share_4q_avg": 17.85,
            "equity": 775729,
            "current_ratio": 190.72,
            "debt_ratio": 49.49,
            "inventory_turnover_ratio": 3.8,
            "account_receivable_turnover_ratio": null,
            "reinvestment_rate": null,
            "research_to_sale_ratio": null,
            "price_fair": 7.71,
            "eps_avg_yearly": 2.57,
            "eps_latest_yearly": 1.6,
            "eps_growth_yearly": -76.83
        },
        "20051": {
            "year_quarter": 20051,
            "year": 2005,
            "quarter": 1,
            "eps": -1.86,
            "eps_growth_year": -332.5,
            "eps_4q": -0.51,
            "eps_4q_growth_year": -112.56,
            "roe": -9.43,
            "roe_4q": -0.05999999999999961,
            "gross_profit": -27371,
            "gross_margin": -1.97,
            "gross_margin_4q_avg": 1.97,
            "net_income": -68328,
            "revenue": 1391156,
            "common_shares": 367690,
            "book_valuer_per_share": 18.33,
            "book_valuer_per_share_4q_avg": 18.91,
            "equity": 673807,
            "current_ratio": 171.15,
            "debt_ratio": 57.19,
            "inventory_turnover_ratio": 3.04,
            "account_receivable_turnover_ratio": null,
            "reinvestment_rate": null,
            "research_to_sale_ratio": null,
            "price_fair": 7.71,
            "eps_avg_yearly": 2.57,
            "eps_latest_yearly": 1.6,
            "eps_growth_yearly": -76.83
        },
        "20052": {
            "year_quarter": 20052,
            "year": 2005,
            "quarter": 2,
            "eps": -1.45,
            "eps_growth_year": -378.85,
            "eps_4q": -2.44,
            "eps_4q_growth_year": -240.01,
            "roe": -9.1,
            "roe_4q": -12.36,
            "gross_profit": -19673,
            "gross_margin": -1.69,
            "gross_margin_4q_avg": 0.79,
            "net_income": -58887,
            "revenue": 1163519,
            "common_shares": 367690,
            "book_valuer_per_share": 16.89,
            "book_valuer_per_share_4q_avg": 18.98,
            "equity": 620920,
            "current_ratio": 182.61,
            "debt_ratio": 56.13,
            "inventory_turnover_ratio": 2.76,
            "account_receivable_turnover_ratio": null,
            "reinvestment_rate": null,
            "research_to_sale_ratio": null,
            "price_fair": 7.71,
            "eps_avg_yearly": 2.57,
            "eps_latest_yearly": 1.6,
            "eps_growth_yearly": -76.83
        },
        "20053": {
            "year_quarter": 20053,
            "year": 2005,
            "quarter": 3,
            "eps": 0.19,
            "eps_growth_year": -81.19,
            "eps_4q": -2.73,
            "eps_4q_growth_year": -234,
            "roe": 1.21,
            "roe_4q": -15.77,
            "gross_profit": 24960,
            "gross_margin": 2.16,
            "gross_margin_4q_avg": 0.32,
            "net_income": 7565,
            "revenue": 1156933,
            "common_shares": 406704,
            "book_valuer_per_share": 15.46,
            "book_valuer_per_share_4q_avg": 17.96,
            "equity": 628875,
            "current_ratio": 186.98,
            "debt_ratio": 55.14,
            "inventory_turnover_ratio": 3.05,
            "account_receivable_turnover_ratio": null,
            "reinvestment_rate": null,
            "research_to_sale_ratio": null,
            "price_fair": 7.71,
            "eps_avg_yearly": 2.57,
            "eps_latest_yearly": 1.6,
            "eps_growth_yearly": -76.83
        },
        "20054": {
            "year_quarter": 20054,
            "year": 2005,
            "quarter": 4,
            "eps": 0.03,
            "eps_growth_year": -92.5,
            "eps_4q": -3.1,
            "eps_4q_growth_year": -229.01,
            "roe": 0.18,
            "roe_4q": -17.14,
            "gross_profit": 26944,
            "gross_margin": 2.49,
            "gross_margin_4q_avg": 0.25,
            "net_income": 1148,
            "revenue": 1081249,
            "common_shares": 407004,
            "book_valuer_per_share": 15.48,
            "book_valuer_per_share_4q_avg": 16.54,
            "equity": 630023,
            "current_ratio": 178.37,
            "debt_ratio": 53.17,
            "inventory_turnover_ratio": 3.04,
            "account_receivable_turnover_ratio": null,
            "reinvestment_rate": null,
            "research_to_sale_ratio": null,
            "price_fair": 6.24,
            "eps_avg_yearly": 2.08,
            "eps_latest_yearly": 0.12,
            "eps_growth_yearly": -128.83
        },
        "20061": {
            "year_quarter": 20061,
            "year": 2006,
            "quarter": 1,
            "eps": -0.45,
            "eps_growth_year": null,
            "eps_4q": -1.69,
            "eps_4q_growth_year": null,
            "roe": -2.93,
            "roe_4q": -10.64,
            "gross_profit": 11528,
            "gross_margin": 1.43,
            "gross_margin_4q_avg": 1.1,
            "net_income": -18218,
            "revenue": 806459,
            "common_shares": 408174,
            "book_valuer_per_share": 15.03,
            "book_valuer_per_share_4q_avg": 15.72,
            "equity": 613326,
            "current_ratio": 240.45,
            "debt_ratio": 42.91,
            "inventory_turnover_ratio": 3.01,
            "account_receivable_turnover_ratio": null,
            "reinvestment_rate": null,
            "research_to_sale_ratio": null,
            "price_fair": 6.24,
            "eps_avg_yearly": 2.08,
            "eps_latest_yearly": 0.12,
            "eps_growth_yearly": -128.83
        },
        "20062": {
            "year_quarter": 20062,
            "year": 2006,
            "quarter": 2,
            "eps": -0.26,
            "eps_growth_year": null,
            "eps_4q": -0.49,
            "eps_4q_growth_year": null,
            "roe": -1.71,
            "roe_4q": -3.250000000000001,
            "gross_profit": 13831,
            "gross_margin": 1.82,
            "gross_margin_4q_avg": 1.98,
            "net_income": -10414,
            "revenue": 760160,
            "common_shares": 408174,
            "book_valuer_per_share": 14.77,
            "book_valuer_per_share_4q_avg": 15.19,
            "equity": 602912,
            "current_ratio": 181.69,
            "debt_ratio": 51.46,
            "inventory_turnover_ratio": 2.61,
            "account_receivable_turnover_ratio": null,
            "reinvestment_rate": null,
            "research_to_sale_ratio": null,
            "price_fair": 6.24,
            "eps_avg_yearly": 2.08,
            "eps_latest_yearly": 0.12,
            "eps_growth_yearly": -128.83
        },
        "20063": {
            "year_quarter": 20063,
            "year": 2006,
            "quarter": 3,
            "eps": 1.79,
            "eps_growth_year": 842.11,
            "eps_4q": 1.12,
            "eps_4q_growth_year": null,
            "roe": 11.44,
            "roe_4q": 6.98,
            "gross_profit": 85007,
            "gross_margin": 5.19,
            "gross_margin_4q_avg": 2.73,
            "net_income": 73256,
            "revenue": 1639372,
            "common_shares": 409544,
            "book_valuer_per_share": 16.55,
            "book_valuer_per_share_4q_avg": 15.46,
            "equity": 677949,
            "current_ratio": 180.92,
            "debt_ratio": 52.39,
            "inventory_turnover_ratio": 4.31,
            "account_receivable_turnover_ratio": null,
            "reinvestment_rate": null,
            "research_to_sale_ratio": null,
            "price_fair": 6.24,
            "eps_avg_yearly": 2.08,
            "eps_latest_yearly": 0.12,
            "eps_growth_yearly": -128.83
        },
        "20064": {
            "year_quarter": 20064,
            "year": 2006,
            "quarter": 4,
            "eps": -0.3,
            "eps_growth_year": -1100,
            "eps_4q": 0.79,
            "eps_4q_growth_year": null,
            "roe": -1.79,
            "roe_4q": 5.009999999999998,
            "gross_profit": 40490,
            "gross_margin": 3.19,
            "gross_margin_4q_avg": 2.91,
            "net_income": -12113,
            "revenue": 1270996,
            "common_shares": 414642,
            "book_valuer_per_share": 16.26,
            "book_valuer_per_share_4q_avg": 15.65,
            "equity": 674212,
            "current_ratio": 204.94,
            "debt_ratio": 47.02,
            "inventory_turnover_ratio": 3.71,
            "account_receivable_turnover_ratio": null,
            "reinvestment_rate": 653.42,
            "research_to_sale_ratio": null,
            "price_fair": 6.24,
            "eps_avg_yearly": 2.08,
            "eps_latest_yearly": 0.12,
            "eps_growth_yearly": -128.83
        },
        "20071": {
            "year_quarter": 20071,
            "year": 2007,
            "quarter": 1,
            "eps": 0.49,
            "eps_growth_year": null,
            "eps_4q": 1.7,
            "eps_4q_growth_year": null,
            "roe": 3,
            "roe_4q": 10.939999999999998,
            "gross_profit": 42702,
            "gross_margin": 3.04,
            "gross_margin_4q_avg": 3.31,
            "net_income": 20504,
            "revenue": 1404728,
            "common_shares": 414772,
            "book_valuer_per_share": 16.75,
            "book_valuer_per_share_4q_avg": 16.08,
            "equity": 694884,
            "current_ratio": 188.22,
            "debt_ratio": 50.72,
            "inventory_turnover_ratio": 4.88,
            "account_receivable_turnover_ratio": null,
            "reinvestment_rate": 376.45,
            "research_to_sale_ratio": null,
            "price_fair": 6.24,
            "eps_avg_yearly": 2.08,
            "eps_latest_yearly": 0.12,
            "eps_growth_yearly": -128.83
        },
        "20072": {
            "year_quarter": 20072,
            "year": 2007,
            "quarter": 2,
            "eps": 0.02,
            "eps_growth_year": null,
            "eps_4q": 2.19,
            "eps_4q_growth_year": null,
            "roe": 0.11,
            "roe_4q": 12.76,
            "gross_profit": 6269,
            "gross_margin": 0.57,
            "gross_margin_4q_avg": 3,
            "net_income": 752,
            "revenue": 1099131,
            "common_shares": 432185,
            "book_valuer_per_share": 15.84,
            "book_valuer_per_share_4q_avg": 16.35,
            "equity": 684660,
            "current_ratio": 172.87,
            "debt_ratio": 53.98,
            "inventory_turnover_ratio": 3.41,
            "account_receivable_turnover_ratio": null,
            "reinvestment_rate": 1779.53,
            "research_to_sale_ratio": null,
            "price_fair": 5.24,
            "eps_avg_yearly": 1.75,
            "eps_latest_yearly": 0.08,
            "eps_growth_yearly": -171.31
        },
        "20073": {
            "year_quarter": 20073,
            "year": 2007,
            "quarter": 3,
            "eps": -0.76,
            "eps_growth_year": -142.46,
            "eps_4q": -0.54,
            "eps_4q_growth_year": -148.18,
            "roe": -4.86,
            "roe_4q": -3.54,
            "gross_profit": 13417,
            "gross_margin": 1.19,
            "gross_margin_4q_avg": 2,
            "net_income": -32630,
            "revenue": 1131716,
            "common_shares": 435885,
            "book_valuer_per_share": 15.08,
            "book_valuer_per_share_4q_avg": 15.98,
            "equity": 657137,
            "current_ratio": 193.83,
            "debt_ratio": 47.84,
            "inventory_turnover_ratio": 3.77,
            "account_receivable_turnover_ratio": null,
            "reinvestment_rate": null,
            "research_to_sale_ratio": null,
            "price_fair": 4.75,
            "eps_avg_yearly": 1.58,
            "eps_latest_yearly": 0.08,
            "eps_growth_yearly": -145.04
        },
        "20074": {
            "year_quarter": 20074,
            "year": 2007,
            "quarter": 4,
            "eps": 0.16,
            "eps_growth_year": null,
            "eps_4q": -0.11,
            "eps_4q_growth_year": -113.96,
            "roe": 1.01,
            "roe_4q": -0.7400000000000007,
            "gross_profit": 38167,
            "gross_margin": 4.52,
            "gross_margin_4q_avg": 2.33,
            "net_income": 6733,
            "revenue": 845328,
            "common_shares": 440915,
            "book_valuer_per_share": 15.21,
            "book_valuer_per_share_4q_avg": 15.72,
            "equity": 670662,
            "current_ratio": 315.88,
            "debt_ratio": 34.1,
            "inventory_turnover_ratio": 4.01,
            "account_receivable_turnover_ratio": null,
            "reinvestment_rate": null,
            "research_to_sale_ratio": null,
            "price_fair": 4.75,
            "eps_avg_yearly": 1.58,
            "eps_latest_yearly": 0.08,
            "eps_growth_yearly": -145.04
        },
        "20081": {
            "year_quarter": 20081,
            "year": 2008,
            "quarter": 1,
            "eps": -0.27,
            "eps_growth_year": -155.1,
            "eps_4q": -0.85,
            "eps_4q_growth_year": -149.73,
            "roe": -1.77,
            "roe_4q": -5.51,
            "gross_profit": 24430,
            "gross_margin": 4.32,
            "gross_margin_4q_avg": 2.65,
            "net_income": -11776,
            "revenue": 565249,
            "common_shares": 440915,
            "book_valuer_per_share": 14.94,
            "book_valuer_per_share_4q_avg": 15.27,
            "equity": 658886,
            "current_ratio": 432.66,
            "debt_ratio": 29.07,
            "inventory_turnover_ratio": 3.04,
            "account_receivable_turnover_ratio": null,
            "reinvestment_rate": null,
            "research_to_sale_ratio": null,
            "price_fair": 4.75,
            "eps_avg_yearly": 1.58,
            "eps_latest_yearly": 0.08,
            "eps_growth_yearly": -145.04
        },
        "20082": {
            "year_quarter": 20082,
            "year": 2008,
            "quarter": 2,
            "eps": -0.23,
            "eps_growth_year": -1250,
            "eps_4q": -1.08,
            "eps_4q_growth_year": -149.47,
            "roe": -1.55,
            "roe_4q": -7.170000000000001,
            "gross_profit": 13346,
            "gross_margin": 1.7,
            "gross_margin_4q_avg": 2.93,
            "net_income": -10125,
            "revenue": 784025,
            "common_shares": 440915,
            "book_valuer_per_share": 14.71,
            "book_valuer_per_share_4q_avg": 14.99,
            "equity": 648761,
            "current_ratio": 336.49,
            "debt_ratio": 33.29,
            "inventory_turnover_ratio": 4.85,
            "account_receivable_turnover_ratio": null,
            "reinvestment_rate": null,
            "research_to_sale_ratio": null,
            "price_fair": 4.38,
            "eps_avg_yearly": 1.46,
            "eps_latest_yearly": 0.08,
            "eps_growth_yearly": -146.29
        },
        "20083": {
            "year_quarter": 20083,
            "year": 2008,
            "quarter": 3,
            "eps": -0.56,
            "eps_growth_year": null,
            "eps_4q": -0.91,
            "eps_4q_growth_year": null,
            "roe": -3.89,
            "roe_4q": -6.200000000000001,
            "gross_profit": -7221,
            "gross_margin": -1.77,
            "gross_margin_4q_avg": 2.19,
            "net_income": -24772,
            "revenue": 408528,
            "common_shares": 440915,
            "book_valuer_per_share": 14.15,
            "book_valuer_per_share_4q_avg": 14.75,
            "equity": 623989,
            "current_ratio": 463.8,
            "debt_ratio": 27.96,
            "inventory_turnover_ratio": 3.49,
            "account_receivable_turnover_ratio": null,
            "reinvestment_rate": null,
            "research_to_sale_ratio": null,
            "price_fair": 1.8,
            "eps_avg_yearly": 0.6,
            "eps_latest_yearly": 0.08,
            "eps_growth_yearly": -320.7
        },
        "20084": {
            "year_quarter": 20084,
            "year": 2008,
            "quarter": 4,
            "eps": -0.11,
            "eps_growth_year": -168.75,
            "eps_4q": -1.18,
            "eps_4q_growth_year": null,
            "roe": -0.8,
            "roe_4q": -8.01,
            "gross_profit": 3187,
            "gross_margin": 0.97,
            "gross_margin_4q_avg": 1.31,
            "net_income": -4945,
            "revenue": 328829,
            "common_shares": 440915,
            "book_valuer_per_share": 13.8,
            "book_valuer_per_share_4q_avg": 14.4,
            "equity": 608570,
            "current_ratio": 604.31,
            "debt_ratio": 19.12,
            "inventory_turnover_ratio": 4.72,
            "account_receivable_turnover_ratio": 5.49,
            "reinvestment_rate": null,
            "research_to_sale_ratio": null,
            "price_fair": 0.3,
            "eps_avg_yearly": 0.1,
            "eps_latest_yearly": 0.08,
            "eps_growth_yearly": -360.26
        },
        "20091": {
            "year_quarter": 20091,
            "year": 2009,
            "quarter": 1,
            "eps": -0.34,
            "eps_growth_year": null,
            "eps_4q": -1.29,
            "eps_4q_growth_year": null,
            "roe": -2.34,
            "roe_4q": -8.58,
            "gross_profit": -5586,
            "gross_margin": -1.59,
            "gross_margin_4q_avg": -0.17,
            "net_income": -14070,
            "revenue": 350722,
            "common_shares": 417785,
            "book_valuer_per_share": 14.22,
            "book_valuer_per_share_4q_avg": 14.22,
            "equity": 594089,
            "current_ratio": 315.46,
            "debt_ratio": 30.6,
            "inventory_turnover_ratio": 7.8,
            "account_receivable_turnover_ratio": 2.53,
            "reinvestment_rate": null,
            "research_to_sale_ratio": null,
            "price_fair": 0.3,
            "eps_avg_yearly": 0.1,
            "eps_latest_yearly": 0.08,
            "eps_growth_yearly": -360.26
        },
        "20092": {
            "year_quarter": 20092,
            "year": 2009,
            "quarter": 2,
            "eps": -0.62,
            "eps_growth_year": null,
            "eps_4q": -1.66,
            "eps_4q_growth_year": null,
            "roe": -4.42,
            "roe_4q": -11.45,
            "gross_profit": -2308,
            "gross_margin": -0.45,
            "gross_margin_4q_avg": -0.71,
            "net_income": -25708,
            "revenue": 509823,
            "common_shares": 417785,
            "book_valuer_per_share": 13.61,
            "book_valuer_per_share_4q_avg": 13.95,
            "equity": 568631,
            "current_ratio": 232,
            "debt_ratio": 37.1,
            "inventory_turnover_ratio": 7.04,
            "account_receivable_turnover_ratio": 2.78,
            "reinvestment_rate": null,
            "research_to_sale_ratio": null,
            "price_fair": 0.3,
            "eps_avg_yearly": 0.1,
            "eps_latest_yearly": 0.08,
            "eps_growth_yearly": -360.26
        },
        "20093": {
            "year_quarter": 20093,
            "year": 2009,
            "quarter": 3,
            "eps": 0.17,
            "eps_growth_year": null,
            "eps_4q": -0.89,
            "eps_4q_growth_year": null,
            "roe": 1.26,
            "roe_4q": -6.3,
            "gross_profit": 18947,
            "gross_margin": 2.42,
            "gross_margin_4q_avg": 0.34,
            "net_income": 7206,
            "revenue": 781370,
            "common_shares": 417785,
            "book_valuer_per_share": 13.79,
            "book_valuer_per_share_4q_avg": 13.86,
            "equity": 576088,
            "current_ratio": 188.28,
            "debt_ratio": 44.53,
            "inventory_turnover_ratio": 6.94,
            "account_receivable_turnover_ratio": 3.17,
            "reinvestment_rate": null,
            "research_to_sale_ratio": null,
            "price_fair": 0.3,
            "eps_avg_yearly": 0.1,
            "eps_latest_yearly": 0.08,
            "eps_growth_yearly": -360.26
        },
        "20094": {
            "year_quarter": 20094,
            "year": 2009,
            "quarter": 4,
            "eps": 0.44,
            "eps_growth_year": null,
            "eps_4q": -0.34,
            "eps_4q_growth_year": null,
            "roe": 3.13,
            "roe_4q": -2.37,
            "gross_profit": 32748,
            "gross_margin": 2.83,
            "gross_margin_4q_avg": 0.8,
            "net_income": 18353,
            "revenue": 1157107,
            "common_shares": 418635,
            "book_valuer_per_share": 14.25,
            "book_valuer_per_share_4q_avg": 13.97,
            "equity": 596351,
            "current_ratio": 239.44,
            "debt_ratio": 36.23,
            "inventory_turnover_ratio": 9.31,
            "account_receivable_turnover_ratio": 8.66,
            "reinvestment_rate": null,
            "research_to_sale_ratio": null,
            "price_fair": 32.2,
            "eps_avg_yearly": 0.92,
            "eps_latest_yearly": 1.76,
            "eps_growth_yearly": 125.81
        },
        "20101": {
            "year_quarter": 20101,
            "year": 2010,
            "quarter": 1,
            "eps": 0.42,
            "eps_growth_year": null,
            "eps_4q": 0.41,
            "eps_4q_growth_year": null,
            "roe": 2.89,
            "roe_4q": 2.8599999999999994,
            "gross_profit": 33912,
            "gross_margin": 3.15,
            "gross_margin_4q_avg": 1.99,
            "net_income": 17520,
            "revenue": 1074982,
            "common_shares": 418635,
            "book_valuer_per_share": 14.69,
            "book_valuer_per_share_4q_avg": 14.09,
            "equity": 614851,
            "current_ratio": 339.37,
            "debt_ratio": 27.05,
            "inventory_turnover_ratio": 7.72,
            "account_receivable_turnover_ratio": 4.94,
            "reinvestment_rate": null,
            "research_to_sale_ratio": 0.23,
            "price_fair": 41.07,
            "eps_avg_yearly": 1.17,
            "eps_latest_yearly": 1.68,
            "eps_growth_yearly": 77.81
        },
        "20102": {
            "year_quarter": 20102,
            "year": 2010,
            "quarter": 2,
            "eps": -0.36,
            "eps_growth_year": null,
            "eps_4q": 0.67,
            "eps_4q_growth_year": null,
            "roe": -2.49,
            "roe_4q": 4.79,
            "gross_profit": -4617,
            "gross_margin": -0.8,
            "gross_margin_4q_avg": 1.9,
            "net_income": -15104,
            "revenue": 576681,
            "common_shares": 418635,
            "book_valuer_per_share": 14.33,
            "book_valuer_per_share_4q_avg": 14.27,
            "equity": 599747,
            "current_ratio": 262.08,
            "debt_ratio": 30.18,
            "inventory_turnover_ratio": 3.9,
            "account_receivable_turnover_ratio": 3.2,
            "reinvestment_rate": null,
            "research_to_sale_ratio": 0.36,
            "price_fair": 41.07,
            "eps_avg_yearly": 1.17,
            "eps_latest_yearly": 1.68,
            "eps_growth_yearly": 77.81
        },
        "20103": {
            "year_quarter": 20103,
            "year": 2010,
            "quarter": 3,
            "eps": -0.34,
            "eps_growth_year": -302.72,
            "eps_4q": 0.13,
            "eps_4q_growth_year": null,
            "roe": -2.49,
            "roe_4q": 1.0399999999999996,
            "gross_profit": 2855,
            "gross_margin": 0.38,
            "gross_margin_4q_avg": 1.39,
            "net_income": -14963,
            "revenue": 760787,
            "common_shares": 434185,
            "book_valuer_per_share": 13.84,
            "book_valuer_per_share_4q_avg": 14.28,
            "equity": 601112,
            "current_ratio": 205.58,
            "debt_ratio": 36.35,
            "inventory_turnover_ratio": 6.6,
            "account_receivable_turnover_ratio": 4.16,
            "reinvestment_rate": null,
            "research_to_sale_ratio": 0.26,
            "price_fair": 41.07,
            "eps_avg_yearly": 1.17,
            "eps_latest_yearly": 1.68,
            "eps_growth_yearly": 77.81
        },
        "20104": {
            "year_quarter": 20104,
            "year": 2010,
            "quarter": 4,
            "eps": -0.57,
            "eps_growth_year": -228.83,
            "eps_4q": -0.86,
            "eps_4q_growth_year": null,
            "roe": -4.18,
            "roe_4q": -6.27,
            "gross_profit": -2959,
            "gross_margin": -0.31,
            "gross_margin_4q_avg": 0.61,
            "net_income": -24612,
            "revenue": 959985,
            "common_shares": 434185,
            "book_valuer_per_share": 13.28,
            "book_valuer_per_share_4q_avg": 14.04,
            "equity": 576500,
            "current_ratio": 199.34,
            "debt_ratio": 35.64,
            "inventory_turnover_ratio": 13.99,
            "account_receivable_turnover_ratio": 4.2,
            "reinvestment_rate": null,
            "research_to_sale_ratio": 0.16,
            "price_fair": 41.07,
            "eps_avg_yearly": 1.17,
            "eps_latest_yearly": 1.68,
            "eps_growth_yearly": 77.81
        },
        "20111": {
            "year_quarter": 20111,
            "year": 2011,
            "quarter": 1,
            "eps": 1.21,
            "eps_growth_year": 188.1,
            "eps_4q": -0.05,
            "eps_4q_growth_year": -112.84,
            "roe": 8.63,
            "roe_4q": -0.5299999999999994,
            "gross_profit": 59559,
            "gross_margin": 6.25,
            "gross_margin_4q_avg": 1.38,
            "net_income": 52344,
            "revenue": 953083,
            "common_shares": 438095,
            "book_valuer_per_share": 14.52,
            "book_valuer_per_share_4q_avg": 13.99,
            "equity": 636052,
            "current_ratio": 152.86,
            "debt_ratio": 47.7,
            "inventory_turnover_ratio": 5.95,
            "account_receivable_turnover_ratio": 3.24,
            "reinvestment_rate": null,
            "research_to_sale_ratio": 0.17,
            "price_fair": 41.07,
            "eps_avg_yearly": 1.17,
            "eps_latest_yearly": 1.68,
            "eps_growth_yearly": 77.81
        },
        "20112": {
            "year_quarter": 20112,
            "year": 2011,
            "quarter": 2,
            "eps": -1.48,
            "eps_growth_year": null,
            "eps_4q": -1.19,
            "eps_4q_growth_year": -277.59,
            "roe": -10.78,
            "roe_4q": -8.819999999999999,
            "gross_profit": -48628,
            "gross_margin": -8.71,
            "gross_margin_4q_avg": -0.6,
            "net_income": -65254,
            "revenue": 558238,
            "common_shares": 438365,
            "book_valuer_per_share": 13.03,
            "book_valuer_per_share_4q_avg": 13.67,
            "equity": 574839,
            "current_ratio": 149.42,
            "debt_ratio": 49.79,
            "inventory_turnover_ratio": 2.64,
            "account_receivable_turnover_ratio": 2.09,
            "reinvestment_rate": null,
            "research_to_sale_ratio": 0.34,
            "price_fair": 60.2,
            "eps_avg_yearly": 1.72,
            "eps_latest_yearly": 1.68,
            "eps_growth_yearly": 308.56
        },
        "20113": {
            "year_quarter": 20113,
            "year": 2011,
            "quarter": 3,
            "eps": 0.67,
            "eps_growth_year": null,
            "eps_4q": -0.17,
            "eps_4q_growth_year": -227.54,
            "roe": 5.06,
            "roe_4q": -1.2699999999999987,
            "gross_profit": 25815,
            "gross_margin": 3.11,
            "gross_margin_4q_avg": 0.08,
            "net_income": 29921,
            "revenue": 828753,
            "common_shares": 438365,
            "book_valuer_per_share": 13.68,
            "book_valuer_per_share_4q_avg": 13.63,
            "equity": 608188,
            "current_ratio": 152.78,
            "debt_ratio": 47.31,
            "inventory_turnover_ratio": 3.79,
            "account_receivable_turnover_ratio": 3.55,
            "reinvestment_rate": null,
            "research_to_sale_ratio": 0.24,
            "price_fair": 60.2,
            "eps_avg_yearly": 1.72,
            "eps_latest_yearly": 1.68,
            "eps_growth_yearly": 308.56
        },
        "20114": {
            "year_quarter": 20114,
            "year": 2011,
            "quarter": 4,
            "eps": 0.29,
            "eps_growth_year": null,
            "eps_4q": 0.67,
            "eps_4q_growth_year": null,
            "roe": 2.12,
            "roe_4q": 5.030000000000001,
            "gross_profit": 45875,
            "gross_margin": 6.47,
            "gross_margin_4q_avg": 1.78,
            "net_income": 13032,
            "revenue": 709366,
            "common_shares": 445165,
            "book_valuer_per_share": 13.97,
            "book_valuer_per_share_4q_avg": 13.8,
            "equity": 621992,
            "current_ratio": 170.66,
            "debt_ratio": 42.94,
            "inventory_turnover_ratio": 3.78,
            "account_receivable_turnover_ratio": 2.73,
            "reinvestment_rate": null,
            "research_to_sale_ratio": 0.29,
            "price_fair": 53.67,
            "eps_avg_yearly": 1.53,
            "eps_latest_yearly": 1.16,
            "eps_growth_yearly": 130.08
        },
        "20121": {
            "year_quarter": 20121,
            "year": 2012,
            "quarter": 1,
            "eps": 0.43,
            "eps_growth_year": -64.46,
            "eps_4q": -0.07,
            "eps_4q_growth_year": null,
            "roe": 3.03,
            "roe_4q": -0.5699999999999985,
            "gross_profit": 46610,
            "gross_margin": 7.26,
            "gross_margin_4q_avg": 2.03,
            "net_income": 19153,
            "revenue": 642237,
            "common_shares": 447690,
            "book_valuer_per_share": 14.39,
            "book_valuer_per_share_4q_avg": 13.77,
            "equity": 644268,
            "current_ratio": 185.62,
            "debt_ratio": 40.01,
            "inventory_turnover_ratio": 4.36,
            "account_receivable_turnover_ratio": 2.24,
            "reinvestment_rate": null,
            "research_to_sale_ratio": 0.35,
            "price_fair": 55.3,
            "eps_avg_yearly": 1.58,
            "eps_latest_yearly": 1.72,
            "eps_growth_yearly": 145.84
        },
        "20122": {
            "year_quarter": 20122,
            "year": 2012,
            "quarter": 2,
            "eps": -0.26,
            "eps_growth_year": null,
            "eps_4q": 1.13,
            "eps_4q_growth_year": null,
            "roe": -1.84,
            "roe_4q": 8.37,
            "gross_profit": 1675,
            "gross_margin": 0.37,
            "gross_margin_4q_avg": 4.3,
            "net_income": -11503,
            "revenue": 456629,
            "common_shares": 448140,
            "book_valuer_per_share": 13.52,
            "book_valuer_per_share_4q_avg": 13.89,
            "equity": 605727,
            "current_ratio": 195.92,
            "debt_ratio": 36.29,
            "inventory_turnover_ratio": 3.38,
            "account_receivable_turnover_ratio": 2.01,
            "reinvestment_rate": null,
            "research_to_sale_ratio": 0.45,
            "price_fair": 55.3,
            "eps_avg_yearly": 1.58,
            "eps_latest_yearly": 1.72,
            "eps_growth_yearly": 145.84
        },
        "20123": {
            "year_quarter": 20123,
            "year": 2012,
            "quarter": 3,
            "eps": -0.21,
            "eps_growth_year": -131.32,
            "eps_4q": 0.15,
            "eps_4q_growth_year": null,
            "roe": -1.78,
            "roe_4q": 1.5299999999999998,
            "gross_profit": -655,
            "gross_margin": -0.08,
            "gross_margin_4q_avg": 3.51,
            "net_income": -11988,
            "revenue": 783971,
            "common_shares": 570115,
            "book_valuer_per_share": 13.06,
            "book_valuer_per_share_4q_avg": 13.74,
            "equity": 744742,
            "current_ratio": 193.83,
            "debt_ratio": 40.12,
            "inventory_turnover_ratio": 4.25,
            "account_receivable_turnover_ratio": 3.01,
            "reinvestment_rate": null,
            "research_to_sale_ratio": 0.26,
            "price_fair": 55.3,
            "eps_avg_yearly": 1.58,
            "eps_latest_yearly": 1.72,
            "eps_growth_yearly": 145.84
        },
        "20124": {
            "year_quarter": 20124,
            "year": 2012,
            "quarter": 4,
            "eps": 0.78,
            "eps_growth_year": 164.94,
            "eps_4q": 0.7,
            "eps_4q_growth_year": 3.73,
            "roe": 5.79,
            "roe_4q": 5.199999999999999,
            "gross_profit": 59411,
            "gross_margin": 6.07,
            "gross_margin_4q_avg": 3.41,
            "net_income": 44524,
            "revenue": 978492,
            "common_shares": 574060,
            "book_valuer_per_share": 13.83,
            "book_valuer_per_share_4q_avg": 13.7,
            "equity": 793760,
            "current_ratio": 225.99,
            "debt_ratio": 34.72,
            "inventory_turnover_ratio": 3.75,
            "account_receivable_turnover_ratio": 3.18,
            "reinvestment_rate": 457.52,
            "research_to_sale_ratio": 0.18,
            "price_fair": 55.3,
            "eps_avg_yearly": 1.58,
            "eps_latest_yearly": 1.72,
            "eps_growth_yearly": 145.84
        },
        "20131": {
            "year_quarter": 20131,
            "year": 2013,
            "quarter": 1,
            "eps": 1.99,
            "eps_growth_year": 362.79,
            "eps_4q": 2.34,
            "eps_4q_growth_year": null,
            "roe": 13.48,
            "roe_4q": 15.649999999999999,
            "gross_profit": 143814,
            "gross_margin": 13.84,
            "gross_margin_4q_avg": 5.05,
            "net_income": 113972,
            "revenue": 1039327,
            "common_shares": 576230,
            "book_valuer_per_share": 15.56,
            "book_valuer_per_share_4q_avg": 13.99,
            "equity": 896748,
            "current_ratio": 243.52,
            "debt_ratio": 34.98,
            "inventory_turnover_ratio": 2.7,
            "account_receivable_turnover_ratio": 3.31,
            "reinvestment_rate": 34.84,
            "research_to_sale_ratio": 0.16,
            "price_fair": 99.96,
            "eps_avg_yearly": 2.86,
            "eps_latest_yearly": 7.96,
            "eps_growth_yearly": 240.77
        },
        "20132": {
            "year_quarter": 20132,
            "year": 2013,
            "quarter": 2,
            "eps": 0.75,
            "eps_growth_year": null,
            "eps_4q": 3.28,
            "eps_4q_growth_year": 190.69,
            "roe": 4.79,
            "roe_4q": 22.279999999999998,
            "gross_profit": 70301,
            "gross_margin": 10.16,
            "gross_margin_4q_avg": 7.5,
            "net_income": 43274,
            "revenue": 691840,
            "common_shares": 578180,
            "book_valuer_per_share": 15.76,
            "book_valuer_per_share_4q_avg": 14.55,
            "equity": 911069,
            "current_ratio": 264.76,
            "debt_ratio": 31.99,
            "inventory_turnover_ratio": 1.56,
            "account_receivable_turnover_ratio": 2.3,
            "reinvestment_rate": 29.07,
            "research_to_sale_ratio": 0.27,
            "price_fair": 100.8,
            "eps_avg_yearly": 2.88,
            "eps_latest_yearly": 3,
            "eps_growth_yearly": 159.1
        },
        "20133": {
            "year_quarter": 20133,
            "year": 2013,
            "quarter": 3,
            "eps": 0.59,
            "eps_growth_year": null,
            "eps_4q": 4.08,
            "eps_4q_growth_year": 2577.29,
            "roe": 3.69,
            "roe_4q": 27.75,
            "gross_profit": 66266,
            "gross_margin": 7.91,
            "gross_margin_4q_avg": 9.5,
            "net_income": 34287,
            "revenue": 837506,
            "common_shares": 578180,
            "book_valuer_per_share": 16.41,
            "book_valuer_per_share_4q_avg": 15.39,
            "equity": 948882,
            "current_ratio": 325.99,
            "debt_ratio": 26.45,
            "inventory_turnover_ratio": 2.35,
            "account_receivable_turnover_ratio": 2.95,
            "reinvestment_rate": 34.54,
            "research_to_sale_ratio": 0.31,
            "price_fair": 98.2,
            "eps_avg_yearly": 2.81,
            "eps_latest_yearly": 2.36,
            "eps_growth_yearly": 124.18
        },
        "20134": {
            "year_quarter": 20134,
            "year": 2013,
            "quarter": 4,
            "eps": 0.34,
            "eps_growth_year": -56.43,
            "eps_4q": 3.65,
            "eps_4q_growth_year": 421.5,
            "roe": 2.03,
            "roe_4q": 23.990000000000002,
            "gross_profit": 48357,
            "gross_margin": 5.52,
            "gross_margin_4q_avg": 9.36,
            "net_income": 19539,
            "revenue": 876632,
            "common_shares": 578180,
            "book_valuer_per_share": 16.8,
            "book_valuer_per_share_4q_avg": 16.13,
            "equity": 971579,
            "current_ratio": 396.96,
            "debt_ratio": 22.07,
            "inventory_turnover_ratio": 2.95,
            "account_receivable_turnover_ratio": 2.6,
            "reinvestment_rate": 44.79,
            "research_to_sale_ratio": 0.47,
            "price_fair": 52.81,
            "eps_avg_yearly": 2.75,
            "eps_latest_yearly": 1.36,
            "eps_growth_yearly": 9.21
        },
        "20141": {
            "year_quarter": 20141,
            "year": 2014,
            "quarter": 1,
            "eps": 0.23,
            "eps_growth_year": -88.44,
            "eps_4q": 1.91,
            "eps_4q_growth_year": -18.63,
            "roe": 1.34,
            "roe_4q": 11.850000000000001,
            "gross_profit": 33269,
            "gross_margin": 5.08,
            "gross_margin_4q_avg": 7.17,
            "net_income": 13108,
            "revenue": 655281,
            "common_shares": 578180,
            "book_valuer_per_share": 17.01,
            "book_valuer_per_share_4q_avg": 16.5,
            "equity": 983770,
            "current_ratio": 597.03,
            "debt_ratio": 16.32,
            "inventory_turnover_ratio": 2.58,
            "account_receivable_turnover_ratio": 2.55,
            "reinvestment_rate": 36.05,
            "research_to_sale_ratio": 0.79,
            "price_fair": 7.92,
            "eps_avg_yearly": 2.64,
            "eps_latest_yearly": 0.92,
            "eps_growth_yearly": -6.68
        },
        "20142": {
            "year_quarter": 20142,
            "year": 2014,
            "quarter": 2,
            "eps": 0.33,
            "eps_growth_year": -56,
            "eps_4q": 1.49,
            "eps_4q_growth_year": -54.59,
            "roe": 2.15,
            "roe_4q": 9.209999999999999,
            "gross_profit": 54675,
            "gross_margin": 7.03,
            "gross_margin_4q_avg": 6.39,
            "net_income": 19310,
            "revenue": 777902,
            "common_shares": 578595,
            "book_valuer_per_share": 14.07,
            "book_valuer_per_share_4q_avg": 16.07,
            "equity": 814548,
            "current_ratio": 209.38,
            "debt_ratio": 36.04,
            "inventory_turnover_ratio": 3.15,
            "account_receivable_turnover_ratio": 4.57,
            "reinvestment_rate": 15.95,
            "research_to_sale_ratio": 0.6,
            "price_fair": 64.1,
            "eps_avg_yearly": 2.48,
            "eps_latest_yearly": 1.32,
            "eps_growth_yearly": 15.9
        },
        "20143": {
            "year_quarter": 20143,
            "year": 2014,
            "quarter": 3,
            "eps": 0.48,
            "eps_growth_year": -18.64,
            "eps_4q": 1.37,
            "eps_4q_growth_year": -66.33,
            "roe": 3.32,
            "roe_4q": 8.84,
            "gross_profit": 48684,
            "gross_margin": 5.63,
            "gross_margin_4q_avg": 5.82,
            "net_income": 27583,
            "revenue": 864380,
            "common_shares": 578595,
            "book_valuer_per_share": 14.65,
            "book_valuer_per_share_4q_avg": 15.63,
            "equity": 848387,
            "current_ratio": 240.23,
            "debt_ratio": 31.33,
            "inventory_turnover_ratio": 2.63,
            "account_receivable_turnover_ratio": 3.91,
            "reinvestment_rate": 24.15,
            "research_to_sale_ratio": 0.46,
            "price_fair": 84.47,
            "eps_avg_yearly": 2.41,
            "eps_latest_yearly": 1.92,
            "eps_growth_yearly": 34.33
        },
        "20144": {
            "year_quarter": 20144,
            "year": 2014,
            "quarter": 4,
            "eps": 0.73,
            "eps_growth_year": 117.01,
            "eps_4q": 1.77,
            "eps_4q_growth_year": -51.5,
            "roe": 4.88,
            "roe_4q": 11.69,
            "gross_profit": 57307,
            "gross_margin": 8.14,
            "gross_margin_4q_avg": 6.47,
            "net_income": 42433,
            "revenue": 703930,
            "common_shares": 578595,
            "book_valuer_per_share": 15.41,
            "book_valuer_per_share_4q_avg": 15.29,
            "equity": 891592,
            "current_ratio": 351.64,
            "debt_ratio": 22.61,
            "inventory_turnover_ratio": 2.26,
            "account_receivable_turnover_ratio": 3.06,
            "reinvestment_rate": 16.23,
            "research_to_sale_ratio": 0.66,
            "price_fair": 86.24,
            "eps_avg_yearly": 2.46,
            "eps_latest_yearly": 2.92,
            "eps_growth_yearly": 51.73
        },
        "20151": {
            "year_quarter": 20151,
            "year": 2015,
            "quarter": 1,
            "eps": 0.25,
            "eps_growth_year": 8.7,
            "eps_4q": 1.79,
            "eps_4q_growth_year": -6.13,
            "roe": 1.58,
            "roe_4q": 11.93,
            "gross_profit": 45090,
            "gross_margin": 10.12,
            "gross_margin_4q_avg": 7.73,
            "net_income": 14202,
            "revenue": 445579,
            "common_shares": 578595,
            "book_valuer_per_share": 15.62,
            "book_valuer_per_share_4q_avg": 14.94,
            "equity": 903901,
            "current_ratio": 361.94,
            "debt_ratio": 21.85,
            "inventory_turnover_ratio": 1.93,
            "account_receivable_turnover_ratio": 2.59,
            "reinvestment_rate": 9.27,
            "research_to_sale_ratio": 1.17,
            "price_fair": 77.2,
            "eps_avg_yearly": 2.33,
            "eps_latest_yearly": 1,
            "eps_growth_yearly": 23.12
        },
        "20152": {
            "year_quarter": 20152,
            "year": 2015,
            "quarter": 2,
            "eps": 0.11,
            "eps_growth_year": -66.67,
            "eps_4q": 1.56,
            "eps_4q_growth_year": 4.73,
            "roe": 0.71,
            "roe_4q": 10.49,
            "gross_profit": 31570,
            "gross_margin": 6.55,
            "gross_margin_4q_avg": 7.61,
            "net_income": 6103,
            "revenue": 482047,
            "common_shares": 578595,
            "book_valuer_per_share": 14.07,
            "book_valuer_per_share_4q_avg": 14.94,
            "equity": 814342,
            "current_ratio": 241.54,
            "debt_ratio": 30.57,
            "inventory_turnover_ratio": 2.67,
            "account_receivable_turnover_ratio": 2.99,
            "reinvestment_rate": -0.17,
            "research_to_sale_ratio": 0.99,
            "price_fair": 27.22,
            "eps_avg_yearly": 2.17,
            "eps_latest_yearly": 0.44,
            "eps_growth_yearly": 2.53
        },
        "20153": {
            "year_quarter": 20153,
            "year": 2015,
            "quarter": 3,
            "eps": 0.77,
            "eps_growth_year": 60.42,
            "eps_4q": 1.86,
            "eps_4q_growth_year": 35.02,
            "roe": 5.36,
            "roe_4q": 12.530000000000001,
            "gross_profit": 50495,
            "gross_margin": 9.03,
            "gross_margin_4q_avg": 8.46,
            "net_income": 44654,
            "revenue": 559059,
            "common_shares": 578595,
            "book_valuer_per_share": 14.7,
            "book_valuer_per_share_4q_avg": 14.95,
            "equity": 850788,
            "current_ratio": 435.59,
            "debt_ratio": 17.89,
            "inventory_turnover_ratio": 3.71,
            "account_receivable_turnover_ratio": 2.9,
            "reinvestment_rate": -9.76,
            "research_to_sale_ratio": 0.82,
            "price_fair": 78.51,
            "eps_avg_yearly": 2.24,
            "eps_latest_yearly": 3.08,
            "eps_growth_yearly": 186.95
        },
        "20154": {
            "year_quarter": 20154,
            "year": 2015,
            "quarter": 4,
            "eps": 0.55,
            "eps_growth_year": -25.11,
            "eps_4q": 1.67,
            "eps_4q_growth_year": -5.56,
            "roe": 3.65,
            "roe_4q": 11.299999999999999,
            "gross_profit": 60223,
            "gross_margin": 11.48,
            "gross_margin_4q_avg": 9.3,
            "net_income": 31780,
            "revenue": 524720,
            "common_shares": 578595,
            "book_valuer_per_share": 15.39,
            "book_valuer_per_share_4q_avg": 14.95,
            "equity": 890257,
            "current_ratio": 476.22,
            "debt_ratio": 16.17,
            "inventory_turnover_ratio": 5.05,
            "account_receivable_turnover_ratio": 2.3,
            "reinvestment_rate": 1.07,
            "research_to_sale_ratio": 1.16,
            "price_fair": 81.31,
            "eps_avg_yearly": 2.32,
            "eps_latest_yearly": 2.2,
            "eps_growth_yearly": 195.61
        },
        "20161": {
            "year_quarter": 20161,
            "year": 2016,
            "quarter": 1,
            "eps": 0.17,
            "eps_growth_year": -32,
            "eps_4q": 1.59,
            "eps_4q_growth_year": -10.98,
            "roe": 1.08,
            "roe_4q": 10.8,
            "gross_profit": 45261,
            "gross_margin": 15.82,
            "gross_margin_4q_avg": 10.72,
            "net_income": 9626,
            "revenue": 286109,
            "common_shares": 578595,
            "book_valuer_per_share": 15.49,
            "book_valuer_per_share_4q_avg": 14.91,
            "equity": 896326,
            "current_ratio": 518.41,
            "debt_ratio": 14.51,
            "inventory_turnover_ratio": 4,
            "account_receivable_turnover_ratio": 1.62,
            "reinvestment_rate": 0.15,
            "research_to_sale_ratio": 1.92,
            "price_fair": 78.51,
            "eps_avg_yearly": 2.24,
            "eps_latest_yearly": 0.68,
            "eps_growth_yearly": 159.49
        },
        "20162": {
            "year_quarter": 20162,
            "year": 2016,
            "quarter": 2,
            "eps": 0.28,
            "eps_growth_year": 154.55,
            "eps_4q": 1.77,
            "eps_4q_growth_year": 13.43,
            "roe": 1.9,
            "roe_4q": 11.99,
            "gross_profit": 39790,
            "gross_margin": 13.73,
            "gross_margin_4q_avg": 12.52,
            "net_income": 16390,
            "revenue": 289804,
            "common_shares": 578595,
            "book_valuer_per_share": 14.32,
            "book_valuer_per_share_4q_avg": 14.98,
            "equity": 828544,
            "current_ratio": 240.01,
            "debt_ratio": 27.11,
            "inventory_turnover_ratio": 3.64,
            "account_receivable_turnover_ratio": 2.27,
            "reinvestment_rate": 13.74,
            "research_to_sale_ratio": 1.9,
            "price_fair": 75.7,
            "eps_avg_yearly": 2.16,
            "eps_latest_yearly": 1.12,
            "eps_growth_yearly": 166.59
        },
        "20163": {
            "year_quarter": 20163,
            "year": 2016,
            "quarter": 3,
            "eps": 0.02,
            "eps_growth_year": -97.4,
            "eps_4q": 1.02,
            "eps_4q_growth_year": -45.12,
            "roe": 0.14,
            "roe_4q": 6.77,
            "gross_profit": 34699,
            "gross_margin": 9.51,
            "gross_margin_4q_avg": 12.64,
            "net_income": 1144,
            "revenue": 364801,
            "common_shares": 578595,
            "book_valuer_per_share": 14.28,
            "book_valuer_per_share_4q_avg": 14.87,
            "equity": 826372,
            "current_ratio": 194.36,
            "debt_ratio": 33.15,
            "inventory_turnover_ratio": 3.75,
            "account_receivable_turnover_ratio": 2.82,
            "reinvestment_rate": 10.88,
            "research_to_sale_ratio": 1.5,
            "price_fair": 70.84,
            "eps_avg_yearly": 2.02,
            "eps_latest_yearly": 0.08,
            "eps_growth_yearly": 130.72
        },
        "20164": {
            "year_quarter": 20164,
            "year": 2016,
            "quarter": 4,
            "eps": 0.73,
            "eps_growth_year": 33.25,
            "eps_4q": 1.2,
            "eps_4q_growth_year": -28.15,
            "roe": 4.99,
            "roe_4q": 8.11,
            "gross_profit": 60058,
            "gross_margin": 15.7,
            "gross_margin_4q_avg": 13.69,
            "net_income": 42346,
            "revenue": 382646,
            "common_shares": 578595,
            "book_valuer_per_share": 15.06,
            "book_valuer_per_share_4q_avg": 14.79,
            "equity": 871469,
            "current_ratio": 258.91,
            "debt_ratio": 24.58,
            "inventory_turnover_ratio": 2.44,
            "account_receivable_turnover_ratio": 2.62,
            "reinvestment_rate": 7.42,
            "research_to_sale_ratio": 1.27,
            "price_fair": 72.8,
            "eps_avg_yearly": 2.08,
            "eps_latest_yearly": 2.92,
            "eps_growth_yearly": 1010.05
        },
        "20171": {
            "year_quarter": 20171,
            "year": 2017,
            "quarter": 1,
            "eps": -0.04,
            "eps_growth_year": -123.53,
            "eps_4q": 0.64,
            "eps_4q_growth_year": -59.83,
            "roe": -2.67,
            "roe_4q": 4.36,
            "gross_profit": 18886,
            "gross_margin": 4.91,
            "gross_margin_4q_avg": 10.96,
            "net_income": -22861,
            "revenue": 384598,
            "common_shares": 578595,
            "book_valuer_per_share": 14.53,
            "book_valuer_per_share_4q_avg": 14.55,
            "equity": 840815,
            "current_ratio": 214.43,
            "debt_ratio": 30.22,
            "inventory_turnover_ratio": 1.88,
            "account_receivable_turnover_ratio": 2.94,
            "reinvestment_rate": 23.05,
            "research_to_sale_ratio": 1.05,
            "price_fair": 59.08,
            "eps_avg_yearly": 1.69,
            "eps_latest_yearly": 2.92,
            "eps_growth_yearly": 1036.02
        },
        "20172": {
            "year_quarter": 20172,
            "year": 2017,
            "quarter": 2,
            "eps": 0.17,
            "eps_growth_year": -39.29,
            "eps_4q": 0.5,
            "eps_4q_growth_year": -72,
            "roe": 1.16,
            "roe_4q": 3.6200000000000006,
            "gross_profit": 25805,
            "gross_margin": 6.51,
            "gross_margin_4q_avg": 9.16,
            "net_income": 9574,
            "revenue": 396262,
            "common_shares": 578595,
            "book_valuer_per_share": 14.08,
            "book_valuer_per_share_4q_avg": 14.49,
            "equity": 814400,
            "current_ratio": 196.15,
            "debt_ratio": 33.97,
            "inventory_turnover_ratio": 1.86,
            "account_receivable_turnover_ratio": 2.92,
            "reinvestment_rate": 17.22,
            "research_to_sale_ratio": 1.02,
            "price_fair": 55.8,
            "eps_avg_yearly": 1.59,
            "eps_latest_yearly": 2.92,
            "eps_growth_yearly": 1127.83
        },
        "20173": {
            "year_quarter": 20173,
            "year": 2017,
            "quarter": 3,
            "eps": 0.37,
            "eps_growth_year": 1750,
            "eps_4q": 0.85,
            "eps_4q_growth_year": -16.87,
            "roe": 2.73,
            "roe_4q": 6.21,
            "gross_profit": 37731,
            "gross_margin": 7.88,
            "gross_margin_4q_avg": 8.75,
            "net_income": 22532,
            "revenue": 478592,
            "common_shares": 609217,
            "book_valuer_per_share": 13.72,
            "book_valuer_per_share_4q_avg": 14.35,
            "equity": 835954,
            "current_ratio": 210.26,
            "debt_ratio": 30.63,
            "inventory_turnover_ratio": 2.73,
            "account_receivable_turnover_ratio": 2.87,
            "reinvestment_rate": 18.88,
            "research_to_sale_ratio": 0.92,
            "price_fair": 53.6,
            "eps_avg_yearly": 1.53,
            "eps_latest_yearly": 1.48,
            "eps_growth_yearly": 1167.53
        },
        "20174": {
            "year_quarter": 20174,
            "year": 2017,
            "quarter": 4,
            "eps": 0.26,
            "eps_growth_year": -65.01,
            "eps_4q": 0.41,
            "eps_4q_growth_year": -66.05,
            "roe": 1.85,
            "roe_4q": 3.0700000000000003,
            "gross_profit": 33084,
            "gross_margin": 6.9,
            "gross_margin_4q_avg": 6.55,
            "net_income": 15600,
            "revenue": 479630,
            "common_shares": 609217,
            "book_valuer_per_share": 14.03,
            "book_valuer_per_share_4q_avg": 14.09,
            "equity": 854949,
            "current_ratio": 203.3,
            "debt_ratio": 32.14,
            "inventory_turnover_ratio": 2,
            "account_receivable_turnover_ratio": 3.21,
            "reinvestment_rate": 22.57,
            "research_to_sale_ratio": 0.91,
            "price_fair": 52.8,
            "eps_avg_yearly": 1.51,
            "eps_latest_yearly": 1.04,
            "eps_growth_yearly": 1171.15
        },
        "20181": {
            "year_quarter": 20181,
            "year": 2018,
            "quarter": 1,
            "eps": -0.27,
            "eps_growth_year": null,
            "eps_4q": 0.51,
            "eps_4q_growth_year": -19.65,
            "roe": -1.94,
            "roe_4q": 3.8,
            "gross_profit": 3304,
            "gross_margin": 0.74,
            "gross_margin_4q_avg": 5.51,
            "net_income": -16386,
            "revenue": 444053,
            "common_shares": 609217,
            "book_valuer_per_share": 13.67,
            "book_valuer_per_share_4q_avg": 13.88,
            "equity": 832814,
            "current_ratio": 195.03,
            "debt_ratio": 33.89,
            "inventory_turnover_ratio": 1.61,
            "account_receivable_turnover_ratio": 3.12,
            "reinvestment_rate": 20.92,
            "research_to_sale_ratio": 0.94,
            "price_fair": 54.38,
            "eps_avg_yearly": 1.55,
            "eps_latest_yearly": 1.04,
            "eps_growth_yearly": 1271.19
        },
        "20182": {
            "year_quarter": 20182,
            "year": 2018,
            "quarter": 2,
            "eps": 0.07,
            "eps_growth_year": -58.82,
            "eps_4q": 0.43,
            "eps_4q_growth_year": -13.77,
            "roe": 0.52,
            "roe_4q": 3.16,
            "gross_profit": 2736,
            "gross_margin": 0.7,
            "gross_margin_4q_avg": 4.06,
            "net_income": 4299,
            "revenue": 389355,
            "common_shares": 609217,
            "book_valuer_per_share": 13.6,
            "book_valuer_per_share_4q_avg": 13.76,
            "equity": 828604,
            "current_ratio": 255.16,
            "debt_ratio": 25.21,
            "inventory_turnover_ratio": 1.8,
            "account_receivable_turnover_ratio": 2.85,
            "reinvestment_rate": 20.8,
            "research_to_sale_ratio": 1.09,
            "price_fair": 55.07,
            "eps_avg_yearly": 1.57,
            "eps_latest_yearly": 1.04,
            "eps_growth_yearly": 1362.63
        },
        "20183": {
            "year_quarter": 20183,
            "year": 2018,
            "quarter": 3,
            "eps": 0.13,
            "eps_growth_year": -64.86,
            "eps_4q": 0.18,
            "eps_4q_growth_year": -78.28,
            "roe": 0.92,
            "roe_4q": 1.35,
            "gross_profit": 24466,
            "gross_margin": 5.85,
            "gross_margin_4q_avg": 3.55,
            "net_income": 7692,
            "revenue": 418182,
            "common_shares": 609217,
            "book_valuer_per_share": 13.75,
            "book_valuer_per_share_4q_avg": 13.76,
            "equity": 837485,
            "current_ratio": 266.63,
            "debt_ratio": 23.99,
            "inventory_turnover_ratio": 2.66,
            "account_receivable_turnover_ratio": 2.57,
            "reinvestment_rate": 0.78,
            "research_to_sale_ratio": 0.48,
            "price_fair": 50.98,
            "eps_avg_yearly": 1.46,
            "eps_latest_yearly": 0.52,
            "eps_growth_yearly": 1376.05
        },
        "20184": {
            "year_quarter": 20184,
            "year": 2018,
            "quarter": 4,
            "eps": 0.61,
            "eps_growth_year": 136.41,
            "eps_4q": 0.53,
            "eps_4q_growth_year": 30.75,
            "roe": 4.36,
            "roe_4q": 3.8600000000000008,
            "gross_profit": 62124,
            "gross_margin": 13.7,
            "gross_margin_4q_avg": 5.25,
            "net_income": 36879,
            "revenue": 453574,
            "common_shares": 609217,
            "book_valuer_per_share": 14.04,
            "book_valuer_per_share_4q_avg": 13.77,
            "equity": 855144,
            "current_ratio": 337.35,
            "debt_ratio": 17.39,
            "inventory_turnover_ratio": 3.64,
            "account_receivable_turnover_ratio": 2.25,
            "reinvestment_rate": 21.97,
            "research_to_sale_ratio": 0.49,
            "price_fair": 49.58,
            "eps_avg_yearly": 1.42,
            "eps_latest_yearly": 2.44,
            "eps_growth_yearly": 1481.77
        },
        "20191": {
            "year_quarter": 20191,
            "year": 2019,
            "quarter": 1,
            "eps": 0.68,
            "eps_growth_year": null,
            "eps_4q": 1.51,
            "eps_4q_growth_year": 193.92,
            "roe": 4.61,
            "roe_4q": 10.41,
            "gross_profit": 66961,
            "gross_margin": 15.55,
            "gross_margin_4q_avg": 8.95,
            "net_income": 40163,
            "revenue": 430741,
            "common_shares": 609217,
            "book_valuer_per_share": 15.06,
            "book_valuer_per_share_4q_avg": 14.11,
            "equity": 887280,
            "current_ratio": 332.65,
            "debt_ratio": 15.83,
            "inventory_turnover_ratio": 4.1,
            "account_receivable_turnover_ratio": 1.97,
            "reinvestment_rate": 44.43,
            "research_to_sale_ratio": 0.36,
            "price_fair": 54.6,
            "eps_avg_yearly": 1.56,
            "eps_latest_yearly": 2.72,
            "eps_growth_yearly": 1507.51
        },
        "20192": {
            "year_quarter": 20192,
            "year": 2019,
            "quarter": 2,
            "eps": 0.39,
            "eps_growth_year": 457.14,
            "eps_4q": 1.78,
            "eps_4q_growth_year": 316.62,
            "roe": 2.64,
            "roe_4q": 12.53,
            "gross_profit": 55415,
            "gross_margin": 16.57,
            "gross_margin_4q_avg": 12.92,
            "net_income": 23774,
            "revenue": 334423,
            "common_shares": 609217,
            "book_valuer_per_share": 14.96,
            "book_valuer_per_share_4q_avg": 14.45,
            "equity": 911107,
            "current_ratio": 321.6,
            "debt_ratio": 17.14,
            "inventory_turnover_ratio": 3.79,
            "account_receivable_turnover_ratio": 1.68,
            "reinvestment_rate": 53.47,
            "research_to_sale_ratio": 0.36,
            "price_fair": 57.87,
            "eps_avg_yearly": 1.65,
            "eps_latest_yearly": 1.56,
            "eps_growth_yearly": 1511.96
        },
        "20193": {
            "year_quarter": 20193,
            "year": 2019,
            "quarter": 3,
            "eps": 0.97,
            "eps_growth_year": 646.15,
            "eps_4q": 2.62,
            "eps_4q_growth_year": 1325.16,
            "roe": 6.26,
            "roe_4q": 17.87,
            "gross_profit": 98258,
            "gross_margin": 23.89,
            "gross_margin_4q_avg": 17.43,
            "net_income": 58874,
            "revenue": 411345,
            "common_shares": 609217,
            "book_valuer_per_share": 15.92,
            "book_valuer_per_share_4q_avg": 15,
            "equity": 969801,
            "current_ratio": 309.08,
            "debt_ratio": 19.14,
            "inventory_turnover_ratio": 4.38,
            "account_receivable_turnover_ratio": 2.3,
            "reinvestment_rate": 50.06,
            "research_to_sale_ratio": 0.41,
            "price_fair": 60.2,
            "eps_avg_yearly": 1.72,
            "eps_latest_yearly": 3.88,
            "eps_growth_yearly": 1361.53
        },
        "20194": {
            "year_quarter": 20194,
            "year": 2019,
            "quarter": 4,
            "eps": 0.35,
            "eps_growth_year": -42.36,
            "eps_4q": 2.32,
            "eps_4q_growth_year": 334.87,
            "roe": 2.22,
            "roe_4q": 15.73,
            "gross_profit": 69793,
            "gross_margin": 18.14,
            "gross_margin_4q_avg": 18.54,
            "net_income": 21752,
            "revenue": 384734,
            "common_shares": 609217,
            "book_valuer_per_share": 15.86,
            "book_valuer_per_share_4q_avg": 15.45,
            "equity": 988805,
            "current_ratio": 267.2,
            "debt_ratio": 23.76,
            "inventory_turnover_ratio": 3.49,
            "account_receivable_turnover_ratio": 1.96,
            "reinvestment_rate": 31.38,
            "research_to_sale_ratio": 0.55,
            "price_fair": 57.87,
            "eps_avg_yearly": 1.65,
            "eps_latest_yearly": 1.4,
            "eps_growth_yearly": 1349.75
        },
        "20201": {
            "year_quarter": 20201,
            "year": 2020,
            "quarter": 1,
            "eps": 0.92,
            "eps_growth_year": 35.29,
            "eps_4q": 2.63,
            "eps_4q_growth_year": 74.1,
            "roe": 5.5,
            "roe_4q": 16.62,
            "gross_profit": 91291,
            "gross_margin": 17.36,
            "gross_margin_4q_avg": 18.99,
            "net_income": 55872,
            "revenue": 525908,
            "common_shares": 609217,
            "book_valuer_per_share": 17.13,
            "book_valuer_per_share_4q_avg": 15.97,
            "equity": 1043537,
            "current_ratio": 289.13,
            "debt_ratio": 22.93,
            "inventory_turnover_ratio": 3.88,
            "account_receivable_turnover_ratio": 2.2,
            "reinvestment_rate": 20.13,
            "research_to_sale_ratio": 0.66,
            "price_fair": 66.62,
            "eps_avg_yearly": 1.9,
            "eps_latest_yearly": 3.68,
            "eps_growth_yearly": 1427.07
        },
        "20202": {
            "year_quarter": 20202,
            "year": 2020,
            "quarter": 2,
            "eps": 0.08,
            "eps_growth_year": -79.49,
            "eps_4q": 2.32,
            "eps_4q_growth_year": 30.19,
            "roe": 0.49,
            "roe_4q": 14.47,
            "gross_profit": 33002,
            "gross_margin": 9.26,
            "gross_margin_4q_avg": 17.16,
            "net_income": 4772,
            "revenue": 356507,
            "common_shares": 609217,
            "book_valuer_per_share": 15.11,
            "book_valuer_per_share_4q_avg": 16.01,
            "equity": 920829,
            "current_ratio": 210.45,
            "debt_ratio": 30.85,
            "inventory_turnover_ratio": 2.83,
            "account_receivable_turnover_ratio": 1.46,
            "reinvestment_rate": -3.12,
            "research_to_sale_ratio": 0.73,
            "price_fair": 64.28,
            "eps_avg_yearly": 1.84,
            "eps_latest_yearly": 0.32,
            "eps_growth_yearly": 1375.06
        },
        "20203": {
            "year_quarter": 20203,
            "year": 2020,
            "quarter": 3,
            "eps": 0.7,
            "eps_growth_year": -27.84,
            "eps_4q": 2.05,
            "eps_4q_growth_year": -21.87,
            "roe": 4.5,
            "roe_4q": 12.71,
            "gross_profit": 84933,
            "gross_margin": 17.91,
            "gross_margin_4q_avg": 15.67,
            "net_income": 42369,
            "revenue": 474349,
            "common_shares": 609217,
            "book_valuer_per_share": 15.8,
            "book_valuer_per_share_4q_avg": 15.98,
            "equity": 962603,
            "current_ratio": 195.25,
            "debt_ratio": 35.54,
            "inventory_turnover_ratio": 3.69,
            "account_receivable_turnover_ratio": 2.4,
            "reinvestment_rate": -2.02,
            "research_to_sale_ratio": 0.46,
            "price_fair": 72.22,
            "eps_avg_yearly": 2.06,
            "eps_latest_yearly": 2.8,
            "eps_growth_yearly": 1664.35
        },
        "20204": {
            "year_quarter": 20204,
            "year": 2020,
            "quarter": 4,
            "eps": 0.27,
            "eps_growth_year": -22.03,
            "eps_4q": 1.96,
            "eps_4q_growth_year": -15.35,
            "roe": 1.71,
            "roe_4q": 12.2,
            "gross_profit": 64137,
            "gross_margin": 12.03,
            "gross_margin_4q_avg": 14.14,
            "net_income": 16573,
            "revenue": 533192,
            "common_shares": 609217,
            "book_valuer_per_share": 16.07,
            "book_valuer_per_share_4q_avg": 16.03,
            "equity": 979096,
            "current_ratio": 194.51,
            "debt_ratio": 36.76,
            "inventory_turnover_ratio": 4.42,
            "account_receivable_turnover_ratio": 2.83,
            "reinvestment_rate": -0.72,
            "research_to_sale_ratio": 0.34,
            "price_fair": 66.85,
            "eps_avg_yearly": 1.91,
            "eps_latest_yearly": 1.08,
            "eps_growth_yearly": 460.54
        },
        "20211": {
            "year_quarter": 20211,
            "year": 2021,
            "quarter": 1,
            "eps": 0.33,
            "eps_growth_year": -64.13,
            "eps_4q": 1.37,
            "eps_4q_growth_year": -47.8,
            "roe": 2.02,
            "roe_4q": 8.72,
            "gross_profit": 51062,
            "gross_margin": 10.04,
            "gross_margin_4q_avg": 12.31,
            "net_income": 19944,
            "revenue": 508494,
            "common_shares": 609217,
            "book_valuer_per_share": 16.39,
            "book_valuer_per_share_4q_avg": 15.84,
            "equity": 998748,
            "current_ratio": 370.64,
            "debt_ratio": 16.74,
            "inventory_turnover_ratio": 3.44,
            "account_receivable_turnover_ratio": 2.47,
            "reinvestment_rate": -8.03,
            "research_to_sale_ratio": 0.39,
            "price_fair": 65.26,
            "eps_avg_yearly": 1.86,
            "eps_latest_yearly": 1.32,
            "eps_growth_yearly": 431.95
        },
        "20212": {
            "year_quarter": 20212,
            "year": 2021,
            "quarter": 2,
            "eps": -0.08,
            "eps_growth_year": -200,
            "eps_4q": 1.21,
            "eps_4q_growth_year": -47.67,
            "roe": -0.5,
            "roe_4q": 7.73,
            "gross_profit": 17085,
            "gross_margin": 4.38,
            "gross_margin_4q_avg": 11.09,
            "net_income": -4963,
            "revenue": 389978,
            "common_shares": 609217,
            "book_valuer_per_share": 16.31,
            "book_valuer_per_share_4q_avg": 16.14,
            "equity": 993785,
            "current_ratio": 456.65,
            "debt_ratio": 13.75,
            "inventory_turnover_ratio": 2.24,
            "account_receivable_turnover_ratio": 2.17,
            "reinvestment_rate": 9.01,
            "research_to_sale_ratio": 0.48,
            "price_fair": 65.26,
            "eps_avg_yearly": 1.86,
            "eps_latest_yearly": 1.32,
            "eps_growth_yearly": 431.95
        },
        "20213": {
            "year_quarter": 20213,
            "year": 2021,
            "quarter": 3,
            "eps": 0.32,
            "eps_growth_year": -54.29,
            "eps_4q": 0.84,
            "eps_4q_growth_year": -59.19,
            "roe": 2.01,
            "roe_4q": 5.24,
            "gross_profit": 39223,
            "gross_margin": 9.65,
            "gross_margin_4q_avg": 9.03,
            "net_income": 19364,
            "revenue": 406341,
            "common_shares": 609217,
            "book_valuer_per_share": 15.37,
            "book_valuer_per_share_4q_avg": 16.04,
            "equity": 936123,
            "current_ratio": 399.72,
            "debt_ratio": 14.82,
            "inventory_turnover_ratio": 2.3,
            "account_receivable_turnover_ratio": 2.35,
            "reinvestment_rate": 1.89,
            "research_to_sale_ratio": 0.36,
            "price_fair": 66.38,
            "eps_avg_yearly": 1.9,
            "eps_latest_yearly": 1.32,
            "eps_growth_yearly": 428.73
        },
        "20214": {
            "year_quarter": 20214,
            "year": 2021,
            "quarter": 4,
            "eps": 1.08,
            "eps_growth_year": 295.37,
            "eps_4q": 1.64,
            "eps_4q_growth_year": -16.49,
            "roe": 6.75,
            "roe_4q": 10.28,
            "gross_profit": 103105,
            "gross_margin": 19.2,
            "gross_margin_4q_avg": 10.82,
            "net_income": 65525,
            "revenue": 537080,
            "common_shares": 609217,
            "book_valuer_per_share": 16.48,
            "book_valuer_per_share_4q_avg": 16.14,
            "equity": 1004277,
            "current_ratio": 413.65,
            "debt_ratio": 15.52,
            "inventory_turnover_ratio": 3.34,
            "account_receivable_turnover_ratio": 2.41,
            "reinvestment_rate": -12.13,
            "research_to_sale_ratio": 0.29,
            "price_fair": 75.95,
            "eps_avg_yearly": 2.17,
            "eps_latest_yearly": 4.32,
            "eps_growth_yearly": 517.81
        },
        "20221": {
            "year_quarter": 20221,
            "year": 2022,
            "quarter": 1,
            "eps": 0.62,
            "eps_growth_year": 87.88,
            "eps_4q": 1.93,
            "eps_4q_growth_year": 40.34,
            "roe": 3.66,
            "roe_4q": 11.92,
            "gross_profit": 53685,
            "gross_margin": 12.85,
            "gross_margin_4q_avg": 11.52,
            "net_income": 37476,
            "revenue": 417716,
            "common_shares": 609217,
            "book_valuer_per_share": 17.1,
            "book_valuer_per_share_4q_avg": 16.32,
            "equity": 1041891,
            "current_ratio": 470.48,
            "debt_ratio": 14.27,
            "inventory_turnover_ratio": 2.78,
            "account_receivable_turnover_ratio": 1.87,
            "reinvestment_rate": -10.39,
            "research_to_sale_ratio": 0.35,
            "price_fair": 76.78,
            "eps_avg_yearly": 2.19,
            "eps_latest_yearly": 2.48,
            "eps_growth_yearly": 464.87
        },
        "20222": {
            "year_quarter": 20222,
            "year": 2022,
            "quarter": 2,
            "eps": 0.89,
            "eps_growth_year": null,
            "eps_4q": 2.9,
            "eps_4q_growth_year": 139.24,
            "roe": 5.23,
            "roe_4q": 17.65,
            "gross_profit": 75782,
            "gross_margin": 17.83,
            "gross_margin_4q_avg": 14.88,
            "net_income": 54486,
            "revenue": 424979,
            "common_shares": 609217,
            "book_valuer_per_share": 17.07,
            "book_valuer_per_share_4q_avg": 16.51,
            "equity": 1040041,
            "current_ratio": 359.2,
            "debt_ratio": 19.05,
            "inventory_turnover_ratio": 2.47,
            "account_receivable_turnover_ratio": 2.08,
            "reinvestment_rate": -9.39,
            "research_to_sale_ratio": 0.3,
            "price_fair": 80.2,
            "eps_avg_yearly": 2.29,
            "eps_latest_yearly": 3.56,
            "eps_growth_yearly": 444.11
        },
        "20223": {
            "year_quarter": 20223,
            "year": 2022,
            "quarter": 3,
            "eps": 1.24,
            "eps_growth_year": 287.5,
            "eps_4q": 3.83,
            "eps_4q_growth_year": 357.79,
            "roe": 7.06,
            "roe_4q": 22.7,
            "gross_profit": 91102,
            "gross_margin": 20.46,
            "gross_margin_4q_avg": 17.59,
            "net_income": 75608,
            "revenue": 445225,
            "common_shares": 609217,
            "book_valuer_per_share": 18.11,
            "book_valuer_per_share_4q_avg": 17.19,
            "equity": 1103283,
            "current_ratio": 462.43,
            "debt_ratio": 14.11,
            "inventory_turnover_ratio": 2.87,
            "account_receivable_turnover_ratio": 2.07,
            "reinvestment_rate": 1.18,
            "research_to_sale_ratio": 0.25,
            "price_fair": 91.3,
            "eps_avg_yearly": 2.61,
            "eps_latest_yearly": 4.96,
            "eps_growth_yearly": 430.85
        },
        "20224": {
            "year_quarter": 20224,
            "year": 2022,
            "quarter": 4,
            "eps": 0.73,
            "eps_growth_year": -32.23,
            "eps_4q": 3.48,
            "eps_4q_growth_year": 112.25,
            "roe": 3.94,
            "roe_4q": 19.89,
            "gross_profit": 97618,
            "gross_margin": 20.85,
            "gross_margin_4q_avg": 18,
            "net_income": 44408,
            "revenue": 468286,
            "common_shares": 609217,
            "book_valuer_per_share": 18.85,
            "book_valuer_per_share_4q_avg": 17.78,
            "equity": 1148533,
            "current_ratio": 364.6,
            "debt_ratio": 18.49,
            "inventory_turnover_ratio": 3.53,
            "account_receivable_turnover_ratio": 2.04,
            "reinvestment_rate": -7.81,
            "research_to_sale_ratio": 0.26,
            "price_fair": 92.5,
            "eps_avg_yearly": 2.64,
            "eps_latest_yearly": 2.92,
            "eps_growth_yearly": 313.61
        },
        "20231": {
            "year_quarter": 20231,
            "year": 2023,
            "quarter": 1,
            "eps": 0.56,
            "eps_growth_year": -9.68,
            "eps_4q": 3.43,
            "eps_4q_growth_year": 77.85,
            "roe": 2.94,
            "roe_4q": 19.17,
            "gross_profit": 59487,
            "gross_margin": 15.03,
            "gross_margin_4q_avg": 18.54,
            "net_income": 34299,
            "revenue": 395838,
            "common_shares": 609217,
            "book_valuer_per_share": 19.43,
            "book_valuer_per_share_4q_avg": 18.37,
            "equity": 1183960,
            "current_ratio": 508.86,
            "debt_ratio": 13.27,
            "inventory_turnover_ratio": 3.47,
            "account_receivable_turnover_ratio": 1.8,
            "reinvestment_rate": -18.94,
            "research_to_sale_ratio": 0.24,
            "price_fair": 91.3,
            "eps_avg_yearly": 2.61,
            "eps_latest_yearly": 2.24,
            "eps_growth_yearly": 303.68
        }
    },
    "months": {
        "2003-11": {
            "month": "2003-11",
            "price": "50.17",
            "revenue": 472845
        },
        "2003-12": {
            "month": "2003-12",
            "price": "42.20",
            "revenue": 493274
        },
        "2004-01": {
            "month": "2004-01",
            "price": "43.44",
            "revenue": 543364
        },
        "2004-02": {
            "month": "2004-02",
            "price": "40.10",
            "revenue": 553962
        },
        "2004-03": {
            "month": "2004-03",
            "price": "42.87",
            "revenue": 636487
        },
        "2004-04": {
            "month": "2004-04",
            "price": "44.81",
            "revenue": 519464
        },
        "2004-05": {
            "month": "2004-05",
            "price": "38.39",
            "revenue": 511168
        },
        "2004-06": {
            "month": "2004-06",
            "price": "42.10",
            "revenue": 569782
        },
        "2004-07": {
            "month": "2004-07",
            "price": "45.40",
            "revenue": 429296
        },
        "2004-08": {
            "month": "2004-08",
            "price": "47.42",
            "revenue": 354157
        },
        "2004-09": {
            "month": "2004-09",
            "price": "52.07",
            "revenue": 687921
        },
        "2004-10": {
            "month": "2004-10",
            "price": "49.92",
            "revenue": 515412
        },
        "2004-11": {
            "month": "2004-11",
            "price": "49.70",
            "revenue": 490818
        },
        "2004-12": {
            "month": "2004-12",
            "price": "54.95",
            "revenue": 811760
        },
        "2005-01": {
            "month": "2005-01",
            "price": "33.10",
            "revenue": 595303
        },
        "2005-02": {
            "month": "2005-02",
            "price": "27.55",
            "revenue": 352421
        },
        "2005-03": {
            "month": "2005-03",
            "price": "28.55",
            "revenue": 442691
        },
        "2005-04": {
            "month": "2005-04",
            "price": "24.16",
            "revenue": 432164
        },
        "2005-05": {
            "month": "2005-05",
            "price": "17.41",
            "revenue": 358996
        },
        "2005-06": {
            "month": "2005-06",
            "price": "18.92",
            "revenue": 372360
        },
        "2005-07": {
            "month": "2005-07",
            "price": "18.21",
            "revenue": 407823
        },
        "2005-08": {
            "month": "2005-08",
            "price": "15.64",
            "revenue": 381012
        },
        "2005-09": {
            "month": "2005-09",
            "price": "13.25",
            "revenue": 368097
        },
        "2005-10": {
            "month": "2005-10",
            "price": "10.21",
            "revenue": 339881
        },
        "2005-11": {
            "month": "2005-11",
            "price": "9.58",
            "revenue": 417840
        },
        "2005-12": {
            "month": "2005-12",
            "price": "11.62",
            "revenue": 323529
        },
        "2006-01": {
            "month": "2006-01",
            "price": "14.87",
            "revenue": 345182
        },
        "2006-02": {
            "month": "2006-02",
            "price": "13.11",
            "revenue": 289354
        },
        "2006-03": {
            "month": "2006-03",
            "price": "11.43",
            "revenue": 171924
        },
        "2006-04": {
            "month": "2006-04",
            "price": "11.99",
            "revenue": 216559
        },
        "2006-05": {
            "month": "2006-05",
            "price": "11.53",
            "revenue": 233670
        },
        "2006-06": {
            "month": "2006-06",
            "price": "14.73",
            "revenue": 309930
        },
        "2006-07": {
            "month": "2006-07",
            "price": "15.49",
            "revenue": 468532
        },
        "2006-08": {
            "month": "2006-08",
            "price": "13.78",
            "revenue": 554260
        },
        "2006-09": {
            "month": "2006-09",
            "price": "14.57",
            "revenue": 616578
        },
        "2006-10": {
            "month": "2006-10",
            "price": "18.19",
            "revenue": 338709
        },
        "2006-11": {
            "month": "2006-11",
            "price": "20.46",
            "revenue": 440839
        },
        "2006-12": {
            "month": "2006-12",
            "price": "27.65",
            "revenue": 491447
        },
        "2007-01": {
            "month": "2007-01",
            "price": "25.04",
            "revenue": 464746
        },
        "2007-02": {
            "month": "2007-02",
            "price": "24.09",
            "revenue": 345068
        },
        "2007-03": {
            "month": "2007-03",
            "price": "26.62",
            "revenue": 594912
        },
        "2007-04": {
            "month": "2007-04",
            "price": "27.56",
            "revenue": 309003
        },
        "2007-05": {
            "month": "2007-05",
            "price": "25.43",
            "revenue": 293284
        },
        "2007-06": {
            "month": "2007-06",
            "price": "27.56",
            "revenue": 496843
        },
        "2007-07": {
            "month": "2007-07",
            "price": "32.19",
            "revenue": 386212
        },
        "2007-08": {
            "month": "2007-08",
            "price": "28.07",
            "revenue": 439382
        },
        "2007-09": {
            "month": "2007-09",
            "price": "27.98",
            "revenue": 306122
        },
        "2007-10": {
            "month": "2007-10",
            "price": "27.02",
            "revenue": 346526
        },
        "2007-11": {
            "month": "2007-11",
            "price": "17.24",
            "revenue": 254728
        },
        "2007-12": {
            "month": "2007-12",
            "price": "14.55",
            "revenue": 244073
        },
        "2008-01": {
            "month": "2008-01",
            "price": "12.77",
            "revenue": 280499
        },
        "2008-02": {
            "month": "2008-02",
            "price": "12.04",
            "revenue": 130244
        },
        "2008-03": {
            "month": "2008-03",
            "price": "12.51",
            "revenue": 154505
        },
        "2008-04": {
            "month": "2008-04",
            "price": "13.58",
            "revenue": 294784
        },
        "2008-05": {
            "month": "2008-05",
            "price": "14.95",
            "revenue": 296790
        },
        "2008-06": {
            "month": "2008-06",
            "price": "13.14",
            "revenue": 192451
        },
        "2008-07": {
            "month": "2008-07",
            "price": "10.18",
            "revenue": 115607
        },
        "2008-08": {
            "month": "2008-08",
            "price": "8.66",
            "revenue": 156063
        },
        "2008-09": {
            "month": "2008-09",
            "price": "5.30",
            "revenue": 136858
        },
        "2008-10": {
            "month": "2008-10",
            "price": "5.33",
            "revenue": 123716
        },
        "2008-11": {
            "month": "2008-11",
            "price": "4.35",
            "revenue": 111509
        },
        "2008-12": {
            "month": "2008-12",
            "price": "4.68",
            "revenue": 93604
        },
        "2009-01": {
            "month": "2009-01",
            "price": "4.79",
            "revenue": 107302
        },
        "2009-02": {
            "month": "2009-02",
            "price": "5.64",
            "revenue": 98843
        },
        "2009-03": {
            "month": "2009-03",
            "price": "6.55",
            "revenue": 144575
        },
        "2009-04": {
            "month": "2009-04",
            "price": "8.65",
            "revenue": 143788
        },
        "2009-05": {
            "month": "2009-05",
            "price": "9.08",
            "revenue": 150924
        },
        "2009-06": {
            "month": "2009-06",
            "price": "7.86",
            "revenue": 215629
        },
        "2009-07": {
            "month": "2009-07",
            "price": "8.55",
            "revenue": 285832
        },
        "2009-08": {
            "month": "2009-08",
            "price": "10.89",
            "revenue": 217752
        },
        "2009-09": {
            "month": "2009-09",
            "price": "11.38",
            "revenue": 277785
        },
        "2009-10": {
            "month": "2009-10",
            "price": "15.18",
            "revenue": 313955
        },
        "2009-11": {
            "month": "2009-11",
            "price": "16.15",
            "revenue": 253303
        },
        "2009-12": {
            "month": "2009-12",
            "price": "18.04",
            "revenue": 589849
        },
        "2010-01": {
            "month": "2010-01",
            "price": "28.57",
            "revenue": 370353
        },
        "2010-02": {
            "month": "2010-02",
            "price": "24.82",
            "revenue": 338268
        },
        "2010-03": {
            "month": "2010-03",
            "price": "29.73",
            "revenue": 366361
        },
        "2010-04": {
            "month": "2010-04",
            "price": "27.75",
            "revenue": 149683
        },
        "2010-05": {
            "month": "2010-05",
            "price": "21.87",
            "revenue": 122076
        },
        "2010-06": {
            "month": "2010-06",
            "price": "22.11",
            "revenue": 304921
        },
        "2010-07": {
            "month": "2010-07",
            "price": "21.85",
            "revenue": 269619
        },
        "2010-08": {
            "month": "2010-08",
            "price": "20.29",
            "revenue": 286858
        },
        "2010-09": {
            "month": "2010-09",
            "price": "18.30",
            "revenue": 204310
        },
        "2010-10": {
            "month": "2010-10",
            "price": "16.39",
            "revenue": 234817
        },
        "2010-11": {
            "month": "2010-11",
            "price": "13.28",
            "revenue": 330797
        },
        "2010-12": {
            "month": "2010-12",
            "price": "15.44",
            "revenue": 394370
        },
        "2011-01": {
            "month": "2011-01",
            "price": "16.66",
            "revenue": 310487
        },
        "2011-02": {
            "month": "2011-02",
            "price": "18.49",
            "revenue": 254202
        },
        "2011-03": {
            "month": "2011-03",
            "price": "16.67",
            "revenue": 388393
        },
        "2011-04": {
            "month": "2011-04",
            "price": "17.00",
            "revenue": 220226
        },
        "2011-05": {
            "month": "2011-05",
            "price": "20.72",
            "revenue": 124177
        },
        "2011-06": {
            "month": "2011-06",
            "price": "18.99",
            "revenue": 213836
        },
        "2011-07": {
            "month": "2011-07",
            "price": "15.57",
            "revenue": 258924
        },
        "2011-08": {
            "month": "2011-08",
            "price": "13.67",
            "revenue": 264155
        },
        "2011-10": {
            "month": "2011-10",
            "price": "11.98",
            "revenue": 199606
        },
        "2011-11": {
            "month": "2011-11",
            "price": "11.13",
            "revenue": 265208
        },
        "2011-12": {
            "month": "2011-12",
            "price": "9.64",
            "revenue": 244551
        },
        "2012-01": {
            "month": "2012-01",
            "price": "9.93",
            "revenue": 132807
        },
        "2012-02": {
            "month": "2012-02",
            "price": "12.37",
            "revenue": 218935
        },
        "2012-03": {
            "month": "2012-03",
            "price": "12.63",
            "revenue": 290495
        },
        "2012-04": {
            "month": "2012-04",
            "price": "13.48",
            "revenue": 164231
        },
        "2012-05": {
            "month": "2012-05",
            "price": "14.93",
            "revenue": 169462
        },
        "2012-06": {
            "month": "2012-06",
            "price": "15.50",
            "revenue": 122935
        },
        "2012-07": {
            "month": "2012-07",
            "price": "16.26",
            "revenue": 209727
        },
        "2012-08": {
            "month": "2012-08",
            "price": "16.85",
            "revenue": 238096
        },
        "2012-09": {
            "month": "2012-09",
            "price": "17.50",
            "revenue": 336147
        },
        "2012-10": {
            "month": "2012-10",
            "price": "18.70",
            "revenue": 421294
        },
        "2012-11": {
            "month": "2012-11",
            "price": "16.15",
            "revenue": 321875
        },
        "2012-12": {
            "month": "2012-12",
            "price": "17.49",
            "revenue": 235323
        },
        "2013-01": {
            "month": "2013-01",
            "price": "17.84",
            "revenue": 353448
        },
        "2013-02": {
            "month": "2013-02",
            "price": "18.23",
            "revenue": 271886
        },
        "2013-03": {
            "month": "2013-03",
            "price": "23.36",
            "revenue": 413991
        },
        "2013-04": {
            "month": "2013-04",
            "price": "30.66",
            "revenue": 227486
        },
        "2013-05": {
            "month": "2013-05",
            "price": "40.98",
            "revenue": 236931
        },
        "2013-06": {
            "month": "2013-06",
            "price": "49.99",
            "revenue": 227423
        },
        "2013-07": {
            "month": "2013-07",
            "price": "42.53",
            "revenue": 250952
        },
        "2013-08": {
            "month": "2013-08",
            "price": "37.14",
            "revenue": 214930
        },
        "2013-09": {
            "month": "2013-09",
            "price": "36.83",
            "revenue": 371623
        },
        "2013-10": {
            "month": "2013-10",
            "price": "36.54",
            "revenue": 294197
        },
        "2013-11": {
            "month": "2013-11",
            "price": "30.64",
            "revenue": 310283
        },
        "2013-12": {
            "month": "2013-12",
            "price": "33.00",
            "revenue": 272152
        },
        "2014-01": {
            "month": "2014-01",
            "price": "36.42",
            "revenue": 260277
        },
        "2014-02": {
            "month": "2014-02",
            "price": "34.45",
            "revenue": 138653
        },
        "2014-03": {
            "month": "2014-03",
            "price": "34.12",
            "revenue": 256350
        },
        "2014-04": {
            "month": "2014-04",
            "price": "36.42",
            "revenue": 362205
        },
        "2014-05": {
            "month": "2014-05",
            "price": "35.14",
            "revenue": 248074
        },
        "2014-06": {
            "month": "2014-06",
            "price": "37.19",
            "revenue": 167622
        },
        "2014-07": {
            "month": "2014-07",
            "price": "33.73",
            "revenue": 345216
        },
        "2014-08": {
            "month": "2014-08",
            "price": "28.37",
            "revenue": 226915
        },
        "2014-09": {
            "month": "2014-09",
            "price": "26.82",
            "revenue": 292248
        },
        "2014-10": {
            "month": "2014-10",
            "price": "21.45",
            "revenue": 265751
        },
        "2014-11": {
            "month": "2014-11",
            "price": "19.77",
            "revenue": 238157
        },
        "2014-12": {
            "month": "2014-12",
            "price": "21.44",
            "revenue": 200022
        },
        "2015-01": {
            "month": "2015-01",
            "price": "22.70",
            "revenue": 166605
        },
        "2015-02": {
            "month": "2015-02",
            "price": "21.09",
            "revenue": 136837
        },
        "2015-03": {
            "month": "2015-03",
            "price": "22.05",
            "revenue": 142135
        },
        "2015-04": {
            "month": "2015-04",
            "price": "22.20",
            "revenue": 159384
        },
        "2015-05": {
            "month": "2015-05",
            "price": "20.30",
            "revenue": 143335
        },
        "2015-06": {
            "month": "2015-06",
            "price": "18.85",
            "revenue": 179328
        },
        "2015-07": {
            "month": "2015-07",
            "price": "17.76",
            "revenue": 184924
        },
        "2015-08": {
            "month": "2015-08",
            "price": "14.36",
            "revenue": 166410
        },
        "2015-09": {
            "month": "2015-09",
            "price": "14.92",
            "revenue": 207726
        },
        "2015-10": {
            "month": "2015-10",
            "price": "16.02",
            "revenue": 165809
        },
        "2015-11": {
            "month": "2015-11",
            "price": "17.29",
            "revenue": 176055
        },
        "2015-12": {
            "month": "2015-12",
            "price": "17.09",
            "revenue": 182855
        },
        "2016-01": {
            "month": "2016-01",
            "price": "15.38",
            "revenue": 106070
        },
        "2016-02": {
            "month": "2016-02",
            "price": "15.36",
            "revenue": 66604
        },
        "2016-03": {
            "month": "2016-03",
            "price": "17.04",
            "revenue": 113434
        },
        "2016-04": {
            "month": "2016-04",
            "price": "16.97",
            "revenue": 85482
        },
        "2016-05": {
            "month": "2016-05",
            "price": "16.55",
            "revenue": 97250
        },
        "2016-06": {
            "month": "2016-06",
            "price": "20.13",
            "revenue": 107072
        },
        "2016-07": {
            "month": "2016-07",
            "price": "25.78",
            "revenue": 130628
        },
        "2016-08": {
            "month": "2016-08",
            "price": "22.66",
            "revenue": 131656
        },
        "2016-09": {
            "month": "2016-09",
            "price": "25.19",
            "revenue": 102517
        },
        "2016-10": {
            "month": "2016-10",
            "price": "23.70",
            "revenue": 126570
        },
        "2016-11": {
            "month": "2016-11",
            "price": "20.55",
            "revenue": 134418
        },
        "2016-12": {
            "month": "2016-12",
            "price": "21.03",
            "revenue": 121659
        },
        "2017-01": {
            "month": "2017-01",
            "price": "20.01",
            "revenue": 131558
        },
        "2017-02": {
            "month": "2017-02",
            "price": "20.58",
            "revenue": 111310
        },
        "2017-03": {
            "month": "2017-03",
            "price": "22.26",
            "revenue": 141730
        },
        "2017-04": {
            "month": "2017-04",
            "price": "25.34",
            "revenue": 131499
        },
        "2017-05": {
            "month": "2017-05",
            "price": "23.17",
            "revenue": 119893
        },
        "2017-06": {
            "month": "2017-06",
            "price": "22.38",
            "revenue": 144870
        },
        "2017-07": {
            "month": "2017-07",
            "price": "22.00",
            "revenue": 203827
        },
        "2017-08": {
            "month": "2017-08",
            "price": "19.71",
            "revenue": 126297
        },
        "2017-09": {
            "month": "2017-09",
            "price": "20.21",
            "revenue": 143709
        },
        "2017-10": {
            "month": "2017-10",
            "price": "20.37",
            "revenue": 157725
        },
        "2017-11": {
            "month": "2017-11",
            "price": "20.35",
            "revenue": 166428
        },
        "2017-12": {
            "month": "2017-12",
            "price": "17.92",
            "revenue": 155477
        },
        "2018-01": {
            "month": "2018-01",
            "price": "18.66",
            "revenue": 187426
        },
        "2018-02": {
            "month": "2018-02",
            "price": "17.28",
            "revenue": 101686
        },
        "2018-03": {
            "month": "2018-03",
            "price": "17.93",
            "revenue": 154941
        },
        "2018-04": {
            "month": "2018-04",
            "price": "16.43",
            "revenue": 160434
        },
        "2018-05": {
            "month": "2018-05",
            "price": "15.38",
            "revenue": 123192
        },
        "2018-06": {
            "month": "2018-06",
            "price": "15.49",
            "revenue": 105728
        },
        "2018-07": {
            "month": "2018-07",
            "price": "14.34",
            "revenue": 144807
        },
        "2018-08": {
            "month": "2018-08",
            "price": "14.12",
            "revenue": 121489
        },
        "2018-09": {
            "month": "2018-09",
            "price": "13.02",
            "revenue": 151887
        },
        "2018-10": {
            "month": "2018-10",
            "price": "11.28",
            "revenue": 143687
        },
        "2018-11": {
            "month": "2018-11",
            "price": "12.53",
            "revenue": 165263
        },
        "2018-12": {
            "month": "2018-12",
            "price": "12.80",
            "revenue": 144625
        },
        "2019-01": {
            "month": "2019-01",
            "price": "12.96",
            "revenue": 163654
        },
        "2019-02": {
            "month": "2019-02",
            "price": "13.30",
            "revenue": 105933
        },
        "2019-03": {
            "month": "2019-03",
            "price": "13.18",
            "revenue": 161154
        },
        "2019-04": {
            "month": "2019-04",
            "price": "17.40",
            "revenue": 115072
        },
        "2019-05": {
            "month": "2019-05",
            "price": "18.88",
            "revenue": 113984
        },
        "2019-06": {
            "month": "2019-06",
            "price": "17.44",
            "revenue": 105367
        },
        "2019-07": {
            "month": "2019-07",
            "price": "21.15",
            "revenue": 157524
        },
        "2019-08": {
            "month": "2019-08",
            "price": "22.07",
            "revenue": 139924
        },
        "2019-09": {
            "month": "2019-09",
            "price": "24.47",
            "revenue": 113897
        },
        "2019-10": {
            "month": "2019-10",
            "price": "23.05",
            "revenue": 129322
        },
        "2019-11": {
            "month": "2019-11",
            "price": "24.65",
            "revenue": 121892
        },
        "2019-12": {
            "month": "2019-12",
            "price": "27.67",
            "revenue": 133521
        },
        "2020-01": {
            "month": "2020-01",
            "price": "28.34",
            "revenue": 147191
        },
        "2020-02": {
            "month": "2020-02",
            "price": "28.89",
            "revenue": 166574
        },
        "2020-03": {
            "month": "2020-03",
            "price": "25.54",
            "revenue": 212144
        },
        "2020-04": {
            "month": "2020-04",
            "price": "29.14",
            "revenue": 103681
        },
        "2020-05": {
            "month": "2020-05",
            "price": "29.56",
            "revenue": 111116
        },
        "2020-06": {
            "month": "2020-06",
            "price": "29.89",
            "revenue": 141709
        },
        "2020-07": {
            "month": "2020-07",
            "price": "27.98",
            "revenue": 162899
        },
        "2020-08": {
            "month": "2020-08",
            "price": "24.79",
            "revenue": 142072
        },
        "2020-09": {
            "month": "2020-09",
            "price": "23.64",
            "revenue": 169378
        },
        "2020-10": {
            "month": "2020-10",
            "price": "23.77",
            "revenue": 165744
        },
        "2020-11": {
            "month": "2020-11",
            "price": "25.12",
            "revenue": 169636
        },
        "2020-12": {
            "month": "2020-12",
            "price": "29.98",
            "revenue": 197813
        },
        "2021-01": {
            "month": "2021-01",
            "price": "29.64",
            "revenue": 217326
        },
        "2021-02": {
            "month": "2021-02",
            "price": "30.26",
            "revenue": 123395
        },
        "2021-03": {
            "month": "2021-03",
            "price": "30.57",
            "revenue": 167774
        },
        "2021-04": {
            "month": "2021-04",
            "price": "32.09",
            "revenue": 145156
        },
        "2021-05": {
            "month": "2021-05",
            "price": "26.18",
            "revenue": 112313
        },
        "2021-06": {
            "month": "2021-06",
            "price": "27.00",
            "revenue": 132510
        },
        "2021-07": {
            "month": "2021-07",
            "price": "28.83",
            "revenue": 129734
        },
        "2021-08": {
            "month": "2021-08",
            "price": "25.34",
            "revenue": 125277
        },
        "2021-09": {
            "month": "2021-09",
            "price": "22.68",
            "revenue": 151330
        },
        "2021-10": {
            "month": "2021-10",
            "price": "20.50",
            "revenue": 166654
        },
        "2021-11": {
            "month": "2021-11",
            "price": "23.00",
            "revenue": 198975
        },
        "2021-12": {
            "month": "2021-12",
            "price": "24.21",
            "revenue": 171451
        },
        "2022-01": {
            "month": "2022-01",
            "price": "23.52",
            "revenue": 159197
        },
        "2022-02": {
            "month": "2022-02",
            "price": "23.83",
            "revenue": 104012
        },
        "2022-03": {
            "month": "2022-03",
            "price": "22.86",
            "revenue": 154507
        },
        "2022-04": {
            "month": "2022-04",
            "price": "22.58",
            "revenue": 138378
        },
        "2022-05": {
            "month": "2022-05",
            "price": "20.96",
            "revenue": 135510
        },
        "2022-06": {
            "month": "2022-06",
            "price": "20.70",
            "revenue": 151091
        },
        "2022-07": {
            "month": "2022-07",
            "price": "18.53",
            "revenue": 116814
        },
        "2022-08": {
            "month": "2022-08",
            "price": "20.20",
            "revenue": 171427
        },
        "2022-09": {
            "month": "2022-09",
            "price": "21.43",
            "revenue": 156983
        },
        "2022-10": {
            "month": "2022-10",
            "price": "20.69",
            "revenue": 144987
        },
        "2022-11": {
            "month": "2022-11",
            "price": "22.90",
            "revenue": 187422
        },
        "2022-12": {
            "month": "2022-12",
            "price": "23.89",
            "revenue": 135878
        },
        "2023-01": {
            "month": "2023-01",
            "price": "23.85",
            "revenue": 136551
        },
        "2023-02": {
            "month": "2023-02",
            "price": "25.22",
            "revenue": 103522
        },
        "2023-03": {
            "month": "2023-03",
            "price": "29.05",
            "revenue": 155765
        },
        "2023-04": {
            "month": "2023-04",
            "price": "33.03",
            "revenue": 101732
        },
        "2023-05": {
            "month": "2023-05",
            "price": "32.99",
            "revenue": 133365
        }
    }
}
