{
    "summary": {
        "stock_name": "翔名",
        "stock_id": "8091",
        "category": "電子零組件",
        "main_business": "半導體儀器及其設備之製造加工買賣業務（度量衡除外）。<br>電腦及其週邊設備之買賣業務。<br>電子（特許除外）、機械及其零件之買賣業務。",
        "website_url": "http://www.feedback.com.tw",
        "ceo": "吳宗豐",
        "pe_ratio": 11,
        "report_year_from": 2002,
        "report_year_to": 2023,
        "age": 21,
        "eps_negative_percentage": 0,
        "eps_growth_avg": {
            "last_all": 20.56,
            "last_2y": 44.76,
            "last_4y": 15.58,
            "last_8y": 16.17,
            "last_12y": 16.42,
            "last_16y": 13.19,
            "last_20y": null,
            "at_2006_last_3y": 49,
            "at_2007_last_3y": 29.3,
            "at_2008_last_3y": -5.04,
            "at_2009_last_3y": 2.69,
            "at_2010_last_3y": 25.4,
            "at_2011_last_3y": 20.84,
            "at_2012_last_3y": 27.83,
            "at_2013_last_3y": 17,
            "at_2014_last_3y": -7.18,
            "at_2015_last_3y": -4.1,
            "at_2016_last_3y": -7.79,
            "at_2017_last_3y": 16.91,
            "at_2018_last_3y": 14.38,
            "at_2019_last_3y": -1.82,
            "at_2020_last_3y": 9.41,
            "at_2021_last_3y": 3,
            "at_2022_last_3y": 21.17,
            "at_2023_last_3y": 21.17,
            "at_2006_last_all": 49,
            "at_2007_last_all": 43.44,
            "at_2008_last_all": 29.97,
            "at_2009_last_all": 28.23,
            "at_2010_last_all": 37.2,
            "at_2011_last_all": 33.39,
            "at_2012_last_all": 29.11,
            "at_2013_last_all": 24.15,
            "at_2014_last_all": 22.41,
            "at_2015_last_all": 21.86,
            "at_2016_last_all": 18.57,
            "at_2017_last_all": 22.22,
            "at_2018_last_all": 20.4,
            "at_2019_last_all": 16.28,
            "at_2020_last_all": 16.53,
            "at_2021_last_all": 18.17,
            "at_2022_last_all": 20.56,
            "at_2023_last_all": 20.56
        },
        "latest_eps": 8.28,
        "latest_price": 87.4,
        "latest_roe": 14.03,
        "latest_gross_margin": 34.36,
        "latest_equity": 2967929,
        "latest_revenue": 470052,
        "latest_gross_profit": 161523,
        "latest_net_income": 88723,
        "latest_debt_ratio": 34.07,
        "latest_current_ratio": 266.61,
        "latest_account_receivable_turnover_ratio": 1.38,
        "latest_inventory_turnover_ratio": 0.62,
        "latest_reinvestment_rate": 66.3,
        "latest_research_to_sale_ratio": 3.73
    },
    "eps_dividends": {
        "2001": {
            "cash": 0,
            "stock": 0,
            "eps": 0
        },
        "2002": {
            "cash": 0,
            "stock": 0,
            "eps": 0.43
        },
        "2003": {
            "cash": 1.02,
            "stock": 1,
            "eps": 1.4
        },
        "2004": {
            "cash": 1.34,
            "stock": 0.49,
            "eps": 2.89
        },
        "2005": {
            "cash": 2.12,
            "stock": 0,
            "eps": 2.51
        },
        "2006": {
            "cash": 1.12,
            "stock": 1.12,
            "eps": 2.74
        },
        "2007": {
            "cash": 1,
            "stock": 1,
            "eps": 3.32
        },
        "2008": {
            "cash": 2.3,
            "stock": 0.1,
            "eps": 2.08
        },
        "2009": {
            "cash": 1.57,
            "stock": 0.29,
            "eps": 2.45
        },
        "2010": {
            "cash": 2.17,
            "stock": 0,
            "eps": 6.51
        },
        "2011": {
            "cash": 5.37,
            "stock": 0,
            "eps": 6.7
        },
        "2012": {
            "cash": 3,
            "stock": 0,
            "eps": 6.07
        },
        "2013": {
            "cash": 5.15,
            "stock": 0,
            "eps": 4.52
        },
        "2014": {
            "cash": 4,
            "stock": 0,
            "eps": 4.67
        },
        "2015": {
            "cash": 4.01,
            "stock": 0,
            "eps": 5.38
        },
        "2016": {
            "cash": 3,
            "stock": 0,
            "eps": 4.08
        },
        "2017": {
            "cash": 3.63,
            "stock": 0,
            "eps": 7.07
        },
        "2018": {
            "cash": 8.41,
            "stock": 0,
            "eps": 6.59
        },
        "2019": {
            "cash": 5.68,
            "stock": 0,
            "eps": 3.32
        },
        "2020": {
            "cash": 1.5,
            "stock": 0,
            "eps": 4.01
        },
        "2021": {
            "cash": 2.6,
            "stock": 0,
            "eps": 5.92
        },
        "2022": {
            "cash": 4,
            "stock": 0,
            "eps": 9.82
        },
        "2023": {
            "cash": 7,
            "stock": 0,
            "eps": 3.21
        }
    },
    "dividends": {
        "2003-06-25": {
            "cash": 1.02,
            "stock": 1
        },
        "2004-03-12": {
            "cash": 1.34,
            "stock": 0.49
        },
        "2005-03-08": {
            "cash": 2.12,
            "stock": 0
        },
        "2006-03-16": {
            "cash": 1.12,
            "stock": 1.12
        },
        "2007-03-28": {
            "cash": 1,
            "stock": 1
        },
        "2008-03-27": {
            "cash": 2.3,
            "stock": 0.1
        },
        "2009-03-09": {
            "cash": 1.57,
            "stock": 0.29
        },
        "2010-03-23": {
            "cash": 2.17,
            "stock": 0
        },
        "2011-02-24": {
            "cash": 5.37,
            "stock": 0
        },
        "2012-06-11": {
            "cash": 3,
            "stock": 0
        },
        "2013-06-24": {
            "cash": 5.15,
            "stock": 0
        },
        "2014-08-14": {
            "cash": 4,
            "stock": 0
        },
        "2015-09-10": {
            "cash": 4.01,
            "stock": 0
        },
        "2016-09-14": {
            "cash": 3,
            "stock": 0
        },
        "2017-08-23": {
            "cash": 3.63,
            "stock": 0
        },
        "2018-08-21": {
            "cash": 8.41,
            "stock": 0
        },
        "2019-08-30": {
            "cash": 5.68,
            "stock": 0
        },
        "2020-09-07": {
            "cash": 1.5,
            "stock": 0
        },
        "2021-09-08": {
            "cash": 2.6,
            "stock": 0
        },
        "2022-08-16": {
            "cash": 4,
            "stock": 0
        },
        "2023-08-10": {
            "cash": 7,
            "stock": 0
        }
    },
    "prices": {
        "200101": "無",
        "200102": "無",
        "200103": "無",
        "200104": "無",
        "200105": "無",
        "200106": "無",
        "200107": "無",
        "200108": "無",
        "200109": "無",
        "200110": "無",
        "200111": "無",
        "200112": "無",
        "200201": "無",
        "200202": "無",
        "200203": "無",
        "200204": "無",
        "200205": "無",
        "200206": "無",
        "200207": "無",
        "200208": "無",
        "200209": "無",
        "200210": "無",
        "200211": "無",
        "200212": "無",
        "200301": "無",
        "200302": "無",
        "200303": "無",
        "200304": "無",
        "200305": "無",
        "200306": "無",
        "200307": "無",
        "200308": "無",
        "200309": "無",
        "200310": "27.15",
        "200311": "28.10",
        "200312": "28.00",
        "200401": "28.00",
        "200402": "31.12",
        "200403": "34.43",
        "200404": "37.72",
        "200405": "37.02",
        "200406": "27.10",
        "200407": "25.51",
        "200408": "22.93",
        "200409": "23.61",
        "200410": "23.88",
        "200411": "23.25",
        "200412": "22.75",
        "200501": "22.43",
        "200502": "22.65",
        "200503": "26.10",
        "200504": "23.70",
        "200505": "22.59",
        "200506": "23.95",
        "200507": "21.88",
        "200508": "20.99",
        "200509": "18.73",
        "200510": "17.47",
        "200511": "19.39",
        "200512": "20.20",
        "200601": "19.85",
        "200602": "19.47",
        "200603": "20.06",
        "200604": "24.52",
        "200605": "37.85",
        "200606": "25.57",
        "200607": "23.74",
        "200608": "22.21",
        "200609": "24.62",
        "200610": "24.18",
        "200611": "25.46",
        "200612": "34.75",
        "200701": "34.36",
        "200702": "32.05",
        "200703": "35.03",
        "200704": "35.80",
        "200705": "34.87",
        "200706": "37.92",
        "200707": "44.15",
        "200708": "38.98",
        "200709": "39.60",
        "200710": "37.84",
        "200711": "31.87",
        "200712": "30.56",
        "200801": "29.42",
        "200802": "30.39",
        "200803": "29.78",
        "200804": "30.90",
        "200805": "34.54",
        "200806": "33.72",
        "200807": "32.10",
        "200808": "31.60",
        "200809": "24.45",
        "200810": "21.73",
        "200811": "20.26",
        "200812": "15.74",
        "200901": "14.44",
        "200902": "14.44",
        "200903": "16.90",
        "200904": "18.33",
        "200905": "18.80",
        "200906": "20.23",
        "200907": "18.83",
        "200908": "18.05",
        "200909": "18.74",
        "200910": "22.23",
        "200911": "27.90",
        "200912": "30.33",
        "201001": "31.84",
        "201002": "31.18",
        "201003": "34.67",
        "201004": "40.73",
        "201005": "43.49",
        "201006": "42.26",
        "201007": "47.35",
        "201008": "49.83",
        "201009": "53.12",
        "201010": "53.57",
        "201011": "55.84",
        "201012": "64.90",
        "201101": "63.96",
        "201102": "64.67",
        "201103": "63.64",
        "201104": "65.14",
        "201105": "70.80",
        "201106": "67.95",
        "201107": "60.88",
        "201108": "55.42",
        "201109": "55.58",
        "201110": "52.56",
        "201111": "50.36",
        "201112": "46.75",
        "201201": "50.67",
        "201202": "64.21",
        "201203": "70.45",
        "201204": "64.18",
        "201205": "61.84",
        "201206": "57.73",
        "201207": "63.07",
        "201208": "65.16",
        "201209": "66.91",
        "201210": "62.28",
        "201211": "62.15",
        "201212": "62.54",
        "201301": "64.28",
        "201302": "69.50",
        "201303": "69.47",
        "201304": "67.78",
        "201305": "62.60",
        "201306": "59.69",
        "201307": "58.69",
        "201308": "50.10",
        "201309": "52.74",
        "201310": "53.93",
        "201311": "54.62",
        "201312": "56.04",
        "201401": "56.59",
        "201402": "55.85",
        "201403": "55.09",
        "201404": "55.52",
        "201405": "53.18",
        "201406": "53.40",
        "201407": "53.54",
        "201408": "51.01",
        "201409": "50.96",
        "201410": "48.48",
        "201411": "49.84",
        "201412": "52.10",
        "201501": "51.58",
        "201502": "55.19",
        "201503": "63.78",
        "201504": "68.48",
        "201505": "72.22",
        "201506": "75.57",
        "201507": "70.24",
        "201508": "52.42",
        "201509": "58.43",
        "201510": "59.18",
        "201511": "61.69",
        "201512": "65.99",
        "201601": "58.21",
        "201602": "60.88",
        "201603": "62.70",
        "201604": "55.28",
        "201605": "49.99",
        "201606": "51.10",
        "201607": "52.63",
        "201608": "51.68",
        "201609": "55.83",
        "201610": "61.20",
        "201611": "57.01",
        "201612": "54.26",
        "201701": "53.65",
        "201702": "52.98",
        "201703": "56.04",
        "201704": "57.33",
        "201705": "61.30",
        "201706": "67.77",
        "201707": "66.66",
        "201708": "69.26",
        "201709": "69.85",
        "201710": "82.46",
        "201711": "95.70",
        "201712": "111.05",
        "201801": "124.64",
        "201802": "111.04",
        "201803": "114.89",
        "201804": "116.97",
        "201805": "113.64",
        "201806": "120.15",
        "201807": "113.05",
        "201808": "115.65",
        "201809": "106.50",
        "201810": "82.65",
        "201811": "75.11",
        "201812": "73.92",
        "201901": "70.90",
        "201902": "75.76",
        "201903": "78.97",
        "201904": "80.84",
        "201905": "78.48",
        "201906": "69.63",
        "201907": "72.43",
        "201908": "61.75",
        "201909": "59.45",
        "201910": "56.14",
        "201911": "60.64",
        "201912": "64.13",
        "202001": "62.78",
        "202002": "61.18",
        "202003": "51.51",
        "202004": "47.65",
        "202005": "55.66",
        "202006": "58.36",
        "202007": "72.41",
        "202008": "76.95",
        "202009": "70.99",
        "202010": "68.51",
        "202011": "69.23",
        "202012": "71.44",
        "202101": "70.96",
        "202102": "70.03",
        "202103": "68.85",
        "202104": "74.02",
        "202105": "63.32",
        "202106": "62.70",
        "202107": "61.74",
        "202108": "62.45",
        "202109": "67.32",
        "202110": "65.88",
        "202111": "72.65",
        "202112": "71.91",
        "202201": "81.59",
        "202202": "84.47",
        "202203": "90.07",
        "202204": "80.34",
        "202205": "83.91",
        "202206": "78.93",
        "202207": "70.23",
        "202208": "77.46",
        "202209": "80.82",
        "202210": "71.78",
        "202211": "78.16",
        "202212": "88.95",
        "202301": "87.12",
        "202302": "90.36",
        "202303": "88.89",
        "202304": "100.14",
        "202305": "96.04",
        "202306": "97.55",
        "202307": "93.40",
        "202308": "87.62",
        "202309": "87.26",
        "202310": "86.42"
    },
    "quarters": {
        "20011": {
            "year_quarter": 20011,
            "year": 2001,
            "quarter": 1,
            "eps": null,
            "eps_growth_year": null,
            "eps_4q": null,
            "eps_4q_growth_year": null,
            "roe": null,
            "roe_4q": 0,
            "gross_profit": null,
            "gross_margin": null,
            "gross_margin_4q_avg": 0,
            "net_income": null,
            "net_income_4q": null,
            "revenue": null,
            "revenue_4q": null,
            "common_shares": null,
            "book_valuer_per_share": null,
            "book_valuer_per_share_4q_avg": 0,
            "equity": null,
            "current_ratio": null,
            "debt_ratio": null,
            "inventory_turnover_ratio": null,
            "account_receivable_turnover_ratio": null,
            "reinvestment_rate": null,
            "research_to_sale_ratio": null,
            "price_fair": 0,
            "eps_avg_yearly": 0,
            "eps_latest_yearly": 0,
            "eps_growth_yearly": 0
        },
        "20012": {
            "year_quarter": 20012,
            "year": 2001,
            "quarter": 2,
            "eps": null,
            "eps_growth_year": null,
            "eps_4q": null,
            "eps_4q_growth_year": null,
            "roe": null,
            "roe_4q": 0,
            "gross_profit": null,
            "gross_margin": null,
            "gross_margin_4q_avg": 0,
            "net_income": null,
            "net_income_4q": null,
            "revenue": null,
            "revenue_4q": null,
            "common_shares": null,
            "book_valuer_per_share": null,
            "book_valuer_per_share_4q_avg": 0,
            "equity": null,
            "current_ratio": null,
            "debt_ratio": null,
            "inventory_turnover_ratio": null,
            "account_receivable_turnover_ratio": null,
            "reinvestment_rate": null,
            "research_to_sale_ratio": null,
            "price_fair": 0,
            "eps_avg_yearly": 0,
            "eps_latest_yearly": 0,
            "eps_growth_yearly": 0
        },
        "20013": {
            "year_quarter": 20013,
            "year": 2001,
            "quarter": 3,
            "eps": null,
            "eps_growth_year": null,
            "eps_4q": null,
            "eps_4q_growth_year": null,
            "roe": null,
            "roe_4q": 0,
            "gross_profit": null,
            "gross_margin": null,
            "gross_margin_4q_avg": 0,
            "net_income": null,
            "net_income_4q": null,
            "revenue": null,
            "revenue_4q": null,
            "common_shares": null,
            "book_valuer_per_share": null,
            "book_valuer_per_share_4q_avg": 0,
            "equity": null,
            "current_ratio": null,
            "debt_ratio": null,
            "inventory_turnover_ratio": null,
            "account_receivable_turnover_ratio": null,
            "reinvestment_rate": null,
            "research_to_sale_ratio": null,
            "price_fair": 0,
            "eps_avg_yearly": 0,
            "eps_latest_yearly": 0,
            "eps_growth_yearly": 0
        },
        "20014": {
            "year_quarter": 20014,
            "year": 2001,
            "quarter": 4,
            "eps": null,
            "eps_growth_year": null,
            "eps_4q": null,
            "eps_4q_growth_year": null,
            "roe": null,
            "roe_4q": 0,
            "gross_profit": null,
            "gross_margin": null,
            "gross_margin_4q_avg": 0,
            "net_income": null,
            "net_income_4q": null,
            "revenue": null,
            "revenue_4q": null,
            "common_shares": 180000,
            "book_valuer_per_share": 16.48,
            "book_valuer_per_share_4q_avg": 4.12,
            "equity": 296697,
            "current_ratio": 502.72,
            "debt_ratio": 14.14,
            "inventory_turnover_ratio": null,
            "account_receivable_turnover_ratio": null,
            "reinvestment_rate": null,
            "research_to_sale_ratio": null,
            "price_fair": 0,
            "eps_avg_yearly": 0,
            "eps_latest_yearly": 0,
            "eps_growth_yearly": 0
        },
        "20021": {
            "year_quarter": 20021,
            "year": 2002,
            "quarter": 1,
            "eps": null,
            "eps_growth_year": null,
            "eps_4q": null,
            "eps_4q_growth_year": null,
            "roe": null,
            "roe_4q": 0,
            "gross_profit": null,
            "gross_margin": null,
            "gross_margin_4q_avg": 0,
            "net_income": null,
            "net_income_4q": null,
            "revenue": null,
            "revenue_4q": null,
            "common_shares": null,
            "book_valuer_per_share": null,
            "book_valuer_per_share_4q_avg": 4.12,
            "equity": null,
            "current_ratio": null,
            "debt_ratio": null,
            "inventory_turnover_ratio": null,
            "account_receivable_turnover_ratio": null,
            "reinvestment_rate": null,
            "research_to_sale_ratio": null,
            "price_fair": 0,
            "eps_avg_yearly": 0,
            "eps_latest_yearly": 0,
            "eps_growth_yearly": 0
        },
        "20022": {
            "year_quarter": 20022,
            "year": 2002,
            "quarter": 2,
            "eps": null,
            "eps_growth_year": null,
            "eps_4q": null,
            "eps_4q_growth_year": null,
            "roe": null,
            "roe_4q": 0,
            "gross_profit": null,
            "gross_margin": null,
            "gross_margin_4q_avg": 0,
            "net_income": null,
            "net_income_4q": null,
            "revenue": null,
            "revenue_4q": null,
            "common_shares": null,
            "book_valuer_per_share": null,
            "book_valuer_per_share_4q_avg": 4.12,
            "equity": null,
            "current_ratio": null,
            "debt_ratio": null,
            "inventory_turnover_ratio": null,
            "account_receivable_turnover_ratio": null,
            "reinvestment_rate": null,
            "research_to_sale_ratio": null,
            "price_fair": 0,
            "eps_avg_yearly": 0,
            "eps_latest_yearly": 0,
            "eps_growth_yearly": 0
        },
        "20023": {
            "year_quarter": 20023,
            "year": 2002,
            "quarter": 3,
            "eps": 0.71,
            "eps_growth_year": null,
            "eps_4q": null,
            "eps_4q_growth_year": null,
            "roe": 5.12,
            "roe_4q": 5.12,
            "gross_profit": 41490,
            "gross_margin": 43.64,
            "gross_margin_4q_avg": 10.91,
            "net_income": 17156,
            "net_income_4q": null,
            "revenue": 95063,
            "revenue_4q": null,
            "common_shares": 240000,
            "book_valuer_per_share": 13.96,
            "book_valuer_per_share_4q_avg": 7.61,
            "equity": 335096,
            "current_ratio": 352.25,
            "debt_ratio": 21.58,
            "inventory_turnover_ratio": 0.74,
            "account_receivable_turnover_ratio": null,
            "reinvestment_rate": null,
            "research_to_sale_ratio": null,
            "price_fair": 0,
            "eps_avg_yearly": 0,
            "eps_latest_yearly": 0,
            "eps_growth_yearly": 0
        },
        "20024": {
            "year_quarter": 20024,
            "year": 2002,
            "quarter": 4,
            "eps": -0.28,
            "eps_growth_year": null,
            "eps_4q": null,
            "eps_4q_growth_year": null,
            "roe": -2.04,
            "roe_4q": 3.08,
            "gross_profit": 26002,
            "gross_margin": 33.19,
            "gross_margin_4q_avg": 19.21,
            "net_income": -6777,
            "net_income_4q": null,
            "revenue": 78345,
            "revenue_4q": null,
            "common_shares": 240000,
            "book_valuer_per_share": 13.68,
            "book_valuer_per_share_4q_avg": 6.91,
            "equity": 328319,
            "current_ratio": 384.33,
            "debt_ratio": 13.43,
            "inventory_turnover_ratio": 0.83,
            "account_receivable_turnover_ratio": null,
            "reinvestment_rate": null,
            "research_to_sale_ratio": null,
            "price_fair": 0,
            "eps_avg_yearly": 0,
            "eps_latest_yearly": 0,
            "eps_growth_yearly": 0
        },
        "20031": {
            "year_quarter": 20031,
            "year": 2003,
            "quarter": 1,
            "eps": null,
            "eps_growth_year": null,
            "eps_4q": null,
            "eps_4q_growth_year": null,
            "roe": null,
            "roe_4q": 3.08,
            "gross_profit": null,
            "gross_margin": null,
            "gross_margin_4q_avg": 19.21,
            "net_income": null,
            "net_income_4q": null,
            "revenue": null,
            "revenue_4q": null,
            "common_shares": null,
            "book_valuer_per_share": null,
            "book_valuer_per_share_4q_avg": 6.91,
            "equity": null,
            "current_ratio": null,
            "debt_ratio": null,
            "inventory_turnover_ratio": null,
            "account_receivable_turnover_ratio": null,
            "reinvestment_rate": null,
            "research_to_sale_ratio": null,
            "price_fair": 0,
            "eps_avg_yearly": 0,
            "eps_latest_yearly": 0,
            "eps_growth_yearly": 0
        },
        "20032": {
            "year_quarter": 20032,
            "year": 2003,
            "quarter": 2,
            "eps": null,
            "eps_growth_year": null,
            "eps_4q": null,
            "eps_4q_growth_year": null,
            "roe": null,
            "roe_4q": 3.08,
            "gross_profit": null,
            "gross_margin": null,
            "gross_margin_4q_avg": 19.21,
            "net_income": null,
            "net_income_4q": null,
            "revenue": null,
            "revenue_4q": null,
            "common_shares": null,
            "book_valuer_per_share": null,
            "book_valuer_per_share_4q_avg": 6.91,
            "equity": null,
            "current_ratio": null,
            "debt_ratio": null,
            "inventory_turnover_ratio": null,
            "account_receivable_turnover_ratio": null,
            "reinvestment_rate": null,
            "research_to_sale_ratio": null,
            "price_fair": 0,
            "eps_avg_yearly": 0,
            "eps_latest_yearly": 0,
            "eps_growth_yearly": 0
        },
        "20033": {
            "year_quarter": 20033,
            "year": 2003,
            "quarter": 3,
            "eps": 0.78,
            "eps_growth_year": 9.86,
            "eps_4q": null,
            "eps_4q_growth_year": null,
            "roe": 5.4,
            "roe_4q": 3.3600000000000003,
            "gross_profit": 27969,
            "gross_margin": 35.16,
            "gross_margin_4q_avg": 17.09,
            "net_income": 18649,
            "net_income_4q": null,
            "revenue": 79540,
            "revenue_4q": null,
            "common_shares": 240000,
            "book_valuer_per_share": 14.4,
            "book_valuer_per_share_4q_avg": 7.02,
            "equity": 345577,
            "current_ratio": 298.04,
            "debt_ratio": 20.62,
            "inventory_turnover_ratio": 0.73,
            "account_receivable_turnover_ratio": null,
            "reinvestment_rate": null,
            "research_to_sale_ratio": null,
            "price_fair": 0,
            "eps_avg_yearly": 0,
            "eps_latest_yearly": 0,
            "eps_growth_yearly": 0
        },
        "20034": {
            "year_quarter": 20034,
            "year": 2003,
            "quarter": 4,
            "eps": 0.62,
            "eps_growth_year": null,
            "eps_4q": null,
            "eps_4q_growth_year": null,
            "roe": 4.66,
            "roe_4q": 10.06,
            "gross_profit": 25182,
            "gross_margin": 27.54,
            "gross_margin_4q_avg": 15.68,
            "net_income": 16499,
            "net_income_4q": null,
            "revenue": 91442,
            "revenue_4q": null,
            "common_shares": 264000,
            "book_valuer_per_share": 13.72,
            "book_valuer_per_share_4q_avg": 7.03,
            "equity": 362076,
            "current_ratio": 418.33,
            "debt_ratio": 15.88,
            "inventory_turnover_ratio": 0.95,
            "account_receivable_turnover_ratio": null,
            "reinvestment_rate": null,
            "research_to_sale_ratio": null,
            "price_fair": 7.44,
            "eps_avg_yearly": 2.48,
            "eps_latest_yearly": 2.48,
            "eps_growth_yearly": -82.05
        },
        "20041": {
            "year_quarter": 20041,
            "year": 2004,
            "quarter": 1,
            "eps": 0.89,
            "eps_growth_year": null,
            "eps_4q": null,
            "eps_4q_growth_year": null,
            "roe": 6.71,
            "roe_4q": 16.770000000000003,
            "gross_profit": 32934,
            "gross_margin": 28.72,
            "gross_margin_4q_avg": 22.86,
            "net_income": 24973,
            "net_income_4q": null,
            "revenue": 114678,
            "revenue_4q": null,
            "common_shares": 264000,
            "book_valuer_per_share": 14.49,
            "book_valuer_per_share_4q_avg": 10.65,
            "equity": 382591,
            "current_ratio": 378.16,
            "debt_ratio": 18.73,
            "inventory_turnover_ratio": 1.13,
            "account_receivable_turnover_ratio": null,
            "reinvestment_rate": null,
            "research_to_sale_ratio": null,
            "price_fair": 105.7,
            "eps_avg_yearly": 3.02,
            "eps_latest_yearly": 3.56,
            "eps_growth_yearly": 46.07
        },
        "20042": {
            "year_quarter": 20042,
            "year": 2004,
            "quarter": 2,
            "eps": 0.47,
            "eps_growth_year": null,
            "eps_4q": 2.64,
            "eps_4q_growth_year": null,
            "roe": 3.5,
            "roe_4q": 20.270000000000003,
            "gross_profit": 40444,
            "gross_margin": 24.03,
            "gross_margin_4q_avg": 28.86,
            "net_income": 13047,
            "net_income_4q": null,
            "revenue": 168329,
            "revenue_4q": null,
            "common_shares": 264000,
            "book_valuer_per_share": 13.72,
            "book_valuer_per_share_4q_avg": 14.08,
            "equity": 362202,
            "current_ratio": 235.31,
            "debt_ratio": 30.88,
            "inventory_turnover_ratio": 1.74,
            "account_receivable_turnover_ratio": null,
            "reinvestment_rate": null,
            "research_to_sale_ratio": null,
            "price_fair": 7.92,
            "eps_avg_yearly": 2.64,
            "eps_latest_yearly": 1.88,
            "eps_growth_yearly": -32.21
        },
        "20043": {
            "year_quarter": 20043,
            "year": 2004,
            "quarter": 3,
            "eps": 0.77,
            "eps_growth_year": -1.28,
            "eps_4q": 2.72,
            "eps_4q_growth_year": null,
            "roe": 5.8,
            "roe_4q": 20.67,
            "gross_profit": 54002,
            "gross_margin": 30.6,
            "gross_margin_4q_avg": 27.72,
            "net_income": 21547,
            "net_income_4q": null,
            "revenue": 176456,
            "revenue_4q": null,
            "common_shares": 280000,
            "book_valuer_per_share": 13.58,
            "book_valuer_per_share_4q_avg": 13.88,
            "equity": 380366,
            "current_ratio": 271.08,
            "debt_ratio": 26.82,
            "inventory_turnover_ratio": 1.37,
            "account_receivable_turnover_ratio": null,
            "reinvestment_rate": null,
            "research_to_sale_ratio": null,
            "price_fair": 96.25,
            "eps_avg_yearly": 2.75,
            "eps_latest_yearly": 3.08,
            "eps_growth_yearly": 39.67
        },
        "20044": {
            "year_quarter": 20044,
            "year": 2004,
            "quarter": 4,
            "eps": 0.76,
            "eps_growth_year": 22.58,
            "eps_4q": 2.88,
            "eps_4q_growth_year": null,
            "roe": 5.47,
            "roe_4q": 21.48,
            "gross_profit": 52521,
            "gross_margin": 34.06,
            "gross_margin_4q_avg": 29.35,
            "net_income": 21357,
            "net_income_4q": null,
            "revenue": 154216,
            "revenue_4q": null,
            "common_shares": 280000,
            "book_valuer_per_share": 14.29,
            "book_valuer_per_share_4q_avg": 14.02,
            "equity": 400132,
            "current_ratio": 237.8,
            "debt_ratio": 32.25,
            "inventory_turnover_ratio": 0.93,
            "account_receivable_turnover_ratio": null,
            "reinvestment_rate": null,
            "research_to_sale_ratio": null,
            "price_fair": 98.28,
            "eps_avg_yearly": 2.81,
            "eps_latest_yearly": 3.04,
            "eps_growth_yearly": 30.7
        },
        "20051": {
            "year_quarter": 20051,
            "year": 2005,
            "quarter": 1,
            "eps": 0.4,
            "eps_growth_year": -55.06,
            "eps_4q": 2.39,
            "eps_4q_growth_year": null,
            "roe": 2.77,
            "roe_4q": 17.54,
            "gross_profit": 36853,
            "gross_margin": 25.87,
            "gross_margin_4q_avg": 28.64,
            "net_income": 11246,
            "net_income_4q": null,
            "revenue": 142438,
            "revenue_4q": null,
            "common_shares": 280000,
            "book_valuer_per_share": 14.74,
            "book_valuer_per_share_4q_avg": 14.08,
            "equity": 412729,
            "current_ratio": 289.3,
            "debt_ratio": 26.33,
            "inventory_turnover_ratio": 0.91,
            "account_receivable_turnover_ratio": null,
            "reinvestment_rate": null,
            "research_to_sale_ratio": null,
            "price_fair": 7.82,
            "eps_avg_yearly": 2.61,
            "eps_latest_yearly": 1.6,
            "eps_growth_yearly": -6
        },
        "20052": {
            "year_quarter": 20052,
            "year": 2005,
            "quarter": 2,
            "eps": 0.79,
            "eps_growth_year": 68.09,
            "eps_4q": 2.74,
            "eps_4q_growth_year": 3.81,
            "roe": 5.63,
            "roe_4q": 19.67,
            "gross_profit": 55506,
            "gross_margin": 30.73,
            "gross_margin_4q_avg": 30.32,
            "net_income": 21980,
            "net_income_4q": null,
            "revenue": 180628,
            "revenue_4q": null,
            "common_shares": 280000,
            "book_valuer_per_share": 13.16,
            "book_valuer_per_share_4q_avg": 13.94,
            "equity": 368506,
            "current_ratio": 228.13,
            "debt_ratio": 30.15,
            "inventory_turnover_ratio": 1.12,
            "account_receivable_turnover_ratio": null,
            "reinvestment_rate": null,
            "research_to_sale_ratio": null,
            "price_fair": 94,
            "eps_avg_yearly": 2.69,
            "eps_latest_yearly": 3.16,
            "eps_growth_yearly": 50.58
        },
        "20053": {
            "year_quarter": 20053,
            "year": 2005,
            "quarter": 3,
            "eps": 0.61,
            "eps_growth_year": -20.78,
            "eps_4q": 2.55,
            "eps_4q_growth_year": -6.11,
            "roe": 4.55,
            "roe_4q": 18.419999999999998,
            "gross_profit": 42165,
            "gross_margin": 28.95,
            "gross_margin_4q_avg": 29.9,
            "net_income": 17144,
            "net_income_4q": null,
            "revenue": 145636,
            "revenue_4q": null,
            "common_shares": 280000,
            "book_valuer_per_share": 13.73,
            "book_valuer_per_share_4q_avg": 13.98,
            "equity": 384558,
            "current_ratio": 313.95,
            "debt_ratio": 21.95,
            "inventory_turnover_ratio": 1.02,
            "account_receivable_turnover_ratio": null,
            "reinvestment_rate": null,
            "research_to_sale_ratio": null,
            "price_fair": 92.93,
            "eps_avg_yearly": 2.66,
            "eps_latest_yearly": 2.44,
            "eps_growth_yearly": 32.86
        },
        "20054": {
            "year_quarter": 20054,
            "year": 2005,
            "quarter": 4,
            "eps": 0.71,
            "eps_growth_year": -6.58,
            "eps_4q": 2.5,
            "eps_4q_growth_year": -13.03,
            "roe": 5.14,
            "roe_4q": 18.09,
            "gross_profit": 46678,
            "gross_margin": 31.91,
            "gross_margin_4q_avg": 29.37,
            "net_income": 19930,
            "net_income_4q": null,
            "revenue": 146274,
            "revenue_4q": null,
            "common_shares": 280000,
            "book_valuer_per_share": 13.76,
            "book_valuer_per_share_4q_avg": 13.85,
            "equity": 390982,
            "current_ratio": 333.62,
            "debt_ratio": 20.82,
            "inventory_turnover_ratio": 1,
            "account_receivable_turnover_ratio": null,
            "reinvestment_rate": null,
            "research_to_sale_ratio": null,
            "price_fair": 93.64,
            "eps_avg_yearly": 2.68,
            "eps_latest_yearly": 2.84,
            "eps_growth_yearly": 36.5
        },
        "20061": {
            "year_quarter": 20061,
            "year": 2006,
            "quarter": 1,
            "eps": 0.45,
            "eps_growth_year": 12.5,
            "eps_4q": 2.67,
            "eps_4q_growth_year": 11.8,
            "roe": 3.02,
            "roe_4q": 18.34,
            "gross_profit": 37118,
            "gross_margin": 33.38,
            "gross_margin_4q_avg": 31.24,
            "net_income": 11959,
            "net_income_4q": null,
            "revenue": 111212,
            "revenue_4q": null,
            "common_shares": 280000,
            "book_valuer_per_share": 14.34,
            "book_valuer_per_share_4q_avg": 13.75,
            "equity": 401401,
            "current_ratio": 341.38,
            "debt_ratio": 19.65,
            "inventory_turnover_ratio": 0.71,
            "account_receivable_turnover_ratio": null,
            "reinvestment_rate": null,
            "research_to_sale_ratio": null,
            "price_fair": 72.98,
            "eps_avg_yearly": 2.59,
            "eps_latest_yearly": 1.8,
            "eps_growth_yearly": 18.2
        },
        "20062": {
            "year_quarter": 20062,
            "year": 2006,
            "quarter": 2,
            "eps": 0.76,
            "eps_growth_year": -3.8,
            "eps_4q": 2.59,
            "eps_4q_growth_year": -5.52,
            "roe": 5.1,
            "roe_4q": 17.81,
            "gross_profit": 47414,
            "gross_margin": 32.64,
            "gross_margin_4q_avg": 31.72,
            "net_income": 20418,
            "net_income_4q": null,
            "revenue": 145250,
            "revenue_4q": null,
            "common_shares": 280000,
            "book_valuer_per_share": 14.25,
            "book_valuer_per_share_4q_avg": 14.02,
            "equity": 399037,
            "current_ratio": 227.62,
            "debt_ratio": 30.05,
            "inventory_turnover_ratio": 0.78,
            "account_receivable_turnover_ratio": null,
            "reinvestment_rate": null,
            "research_to_sale_ratio": null,
            "price_fair": 92.02,
            "eps_avg_yearly": 2.63,
            "eps_latest_yearly": 3.04,
            "eps_growth_yearly": 41.59
        },
        "20063": {
            "year_quarter": 20063,
            "year": 2006,
            "quarter": 3,
            "eps": 0.78,
            "eps_growth_year": 27.87,
            "eps_4q": 2.5,
            "eps_4q_growth_year": -2.01,
            "roe": 5.8,
            "roe_4q": 19.06,
            "gross_profit": 44901,
            "gross_margin": 29.72,
            "gross_margin_4q_avg": 31.91,
            "net_income": 23710,
            "net_income_4q": null,
            "revenue": 151064,
            "revenue_4q": null,
            "common_shares": 313977,
            "book_valuer_per_share": 13.32,
            "book_valuer_per_share_4q_avg": 13.92,
            "equity": 418235,
            "current_ratio": 302.26,
            "debt_ratio": 23.74,
            "inventory_turnover_ratio": 0.73,
            "account_receivable_turnover_ratio": null,
            "reinvestment_rate": null,
            "research_to_sale_ratio": null,
            "price_fair": 93.45,
            "eps_avg_yearly": 2.67,
            "eps_latest_yearly": 3.12,
            "eps_growth_yearly": 39.01
        },
        "20064": {
            "year_quarter": 20064,
            "year": 2006,
            "quarter": 4,
            "eps": 0.75,
            "eps_growth_year": 5.63,
            "eps_4q": 2.58,
            "eps_4q_growth_year": 3.07,
            "roe": 5.16,
            "roe_4q": 19.080000000000002,
            "gross_profit": 45009,
            "gross_margin": 26.95,
            "gross_margin_4q_avg": 30.67,
            "net_income": 22969,
            "net_income_4q": null,
            "revenue": 167003,
            "revenue_4q": null,
            "common_shares": 313977,
            "book_valuer_per_share": 14.94,
            "book_valuer_per_share_4q_avg": 14.21,
            "equity": 471492,
            "current_ratio": 323.92,
            "debt_ratio": 25.04,
            "inventory_turnover_ratio": 0.88,
            "account_receivable_turnover_ratio": null,
            "reinvestment_rate": null,
            "research_to_sale_ratio": null,
            "price_fair": 94.34,
            "eps_avg_yearly": 2.7,
            "eps_latest_yearly": 3,
            "eps_growth_yearly": 34.82
        },
        "20071": {
            "year_quarter": 20071,
            "year": 2007,
            "quarter": 1,
            "eps": 0.7,
            "eps_growth_year": 55.56,
            "eps_4q": 2.84,
            "eps_4q_growth_year": 6.42,
            "roe": 4.51,
            "roe_4q": 20.57,
            "gross_profit": 51259,
            "gross_margin": 31.62,
            "gross_margin_4q_avg": 30.23,
            "net_income": 21909,
            "net_income_4q": null,
            "revenue": 162091,
            "revenue_4q": null,
            "common_shares": 313977,
            "book_valuer_per_share": 15.92,
            "book_valuer_per_share_4q_avg": 14.61,
            "equity": 499850,
            "current_ratio": 342.12,
            "debt_ratio": 24.12,
            "inventory_turnover_ratio": 0.83,
            "account_receivable_turnover_ratio": null,
            "reinvestment_rate": null,
            "research_to_sale_ratio": null,
            "price_fair": 94.6,
            "eps_avg_yearly": 2.7,
            "eps_latest_yearly": 2.8,
            "eps_growth_yearly": 30.43
        },
        "20072": {
            "year_quarter": 20072,
            "year": 2007,
            "quarter": 2,
            "eps": 1.47,
            "eps_growth_year": 93.42,
            "eps_4q": 3.66,
            "eps_4q_growth_year": 41.53,
            "roe": 9.31,
            "roe_4q": 24.78,
            "gross_profit": 55438,
            "gross_margin": 30.3,
            "gross_margin_4q_avg": 29.65,
            "net_income": 46067,
            "net_income_4q": null,
            "revenue": 182992,
            "revenue_4q": null,
            "common_shares": 313977,
            "book_valuer_per_share": 15.6,
            "book_valuer_per_share_4q_avg": 14.95,
            "equity": 489860,
            "current_ratio": 303.93,
            "debt_ratio": 27.49,
            "inventory_turnover_ratio": 0.94,
            "account_receivable_turnover_ratio": null,
            "reinvestment_rate": 41.43,
            "research_to_sale_ratio": null,
            "price_fair": 102.01,
            "eps_avg_yearly": 2.91,
            "eps_latest_yearly": 5.88,
            "eps_growth_yearly": 57.73
        },
        "20073": {
            "year_quarter": 20073,
            "year": 2007,
            "quarter": 3,
            "eps": 0.42,
            "eps_growth_year": -46.15,
            "eps_4q": 2.99,
            "eps_4q_growth_year": 19.69,
            "roe": 2.99,
            "roe_4q": 21.970000000000002,
            "gross_profit": 49916,
            "gross_margin": 32.67,
            "gross_margin_4q_avg": 30.39,
            "net_income": 14844,
            "net_income_4q": null,
            "revenue": 152770,
            "revenue_4q": null,
            "common_shares": 350000,
            "book_valuer_per_share": 14.4,
            "book_valuer_per_share_4q_avg": 15.22,
            "equity": 503846,
            "current_ratio": 292.27,
            "debt_ratio": 27.78,
            "inventory_turnover_ratio": 0.7,
            "account_receivable_turnover_ratio": null,
            "reinvestment_rate": 35.15,
            "research_to_sale_ratio": null,
            "price_fair": 99.31,
            "eps_avg_yearly": 2.84,
            "eps_latest_yearly": 1.68,
            "eps_growth_yearly": 36.27
        },
        "20074": {
            "year_quarter": 20074,
            "year": 2007,
            "quarter": 4,
            "eps": 0.73,
            "eps_growth_year": -2.67,
            "eps_4q": 3.1,
            "eps_4q_growth_year": 20.14,
            "roe": 4.91,
            "roe_4q": 21.72,
            "gross_profit": 62016,
            "gross_margin": 34.15,
            "gross_margin_4q_avg": 32.19,
            "net_income": 25495,
            "net_income_4q": null,
            "revenue": 181587,
            "revenue_4q": null,
            "common_shares": 350000,
            "book_valuer_per_share": 15.12,
            "book_valuer_per_share_4q_avg": 15.26,
            "equity": 534446,
            "current_ratio": 293.05,
            "debt_ratio": 30.32,
            "inventory_turnover_ratio": 0.7,
            "account_receivable_turnover_ratio": null,
            "reinvestment_rate": 54.24,
            "research_to_sale_ratio": null,
            "price_fair": 100.28,
            "eps_avg_yearly": 2.87,
            "eps_latest_yearly": 2.92,
            "eps_growth_yearly": 59.85
        },
        "20081": {
            "year_quarter": 20081,
            "year": 2008,
            "quarter": 1,
            "eps": 0.82,
            "eps_growth_year": 17.14,
            "eps_4q": 3.27,
            "eps_4q_growth_year": 15.14,
            "roe": 5.28,
            "roe_4q": 22.490000000000002,
            "gross_profit": 60403,
            "gross_margin": 32.65,
            "gross_margin_4q_avg": 32.44,
            "net_income": 28869,
            "net_income_4q": null,
            "revenue": 184975,
            "revenue_4q": null,
            "common_shares": 350000,
            "book_valuer_per_share": 15.95,
            "book_valuer_per_share_4q_avg": 15.27,
            "equity": 558354,
            "current_ratio": 282.54,
            "debt_ratio": 32.23,
            "inventory_turnover_ratio": 0.65,
            "account_receivable_turnover_ratio": null,
            "reinvestment_rate": 59.03,
            "research_to_sale_ratio": null,
            "price_fair": 99.66,
            "eps_avg_yearly": 2.85,
            "eps_latest_yearly": 3.28,
            "eps_growth_yearly": 52.04
        },
        "20082": {
            "year_quarter": 20082,
            "year": 2008,
            "quarter": 2,
            "eps": 0.82,
            "eps_growth_year": -44.22,
            "eps_4q": 2.8,
            "eps_4q_growth_year": -23.55,
            "roe": 5.42,
            "roe_4q": 18.6,
            "gross_profit": 75522,
            "gross_margin": 26.25,
            "gross_margin_4q_avg": 31.43,
            "net_income": 28707,
            "net_income_4q": null,
            "revenue": 287701,
            "revenue_4q": null,
            "common_shares": 350000,
            "book_valuer_per_share": 14.3,
            "book_valuer_per_share_4q_avg": 14.94,
            "equity": 500650,
            "current_ratio": 189.47,
            "debt_ratio": 42.63,
            "inventory_turnover_ratio": 1.1,
            "account_receivable_turnover_ratio": null,
            "reinvestment_rate": 62.29,
            "research_to_sale_ratio": null,
            "price_fair": 102.73,
            "eps_avg_yearly": 2.94,
            "eps_latest_yearly": 3.28,
            "eps_growth_yearly": 63.84
        },
        "20083": {
            "year_quarter": 20083,
            "year": 2008,
            "quarter": 3,
            "eps": 0.55,
            "eps_growth_year": 30.95,
            "eps_4q": 2.88,
            "eps_4q_growth_year": -3.89,
            "roe": 3.86,
            "roe_4q": 19.47,
            "gross_profit": 66748,
            "gross_margin": 30.04,
            "gross_margin_4q_avg": 30.77,
            "net_income": 19635,
            "net_income_4q": null,
            "revenue": 222199,
            "revenue_4q": null,
            "common_shares": 360000,
            "book_valuer_per_share": 14.39,
            "book_valuer_per_share_4q_avg": 14.94,
            "equity": 518029,
            "current_ratio": 232.46,
            "debt_ratio": 40.58,
            "inventory_turnover_ratio": 0.88,
            "account_receivable_turnover_ratio": null,
            "reinvestment_rate": 66.64,
            "research_to_sale_ratio": null,
            "price_fair": 100.8,
            "eps_avg_yearly": 2.88,
            "eps_latest_yearly": 2.2,
            "eps_growth_yearly": 39.65
        },
        "20084": {
            "year_quarter": 20084,
            "year": 2008,
            "quarter": 4,
            "eps": -0.11,
            "eps_growth_year": -115.07,
            "eps_4q": 2.04,
            "eps_4q_growth_year": -34.22,
            "roe": -0.8,
            "roe_4q": 13.760000000000002,
            "gross_profit": 42878,
            "gross_margin": 27.41,
            "gross_margin_4q_avg": 29.09,
            "net_income": -4037,
            "net_income_4q": null,
            "revenue": 156429,
            "revenue_4q": null,
            "common_shares": 360000,
            "book_valuer_per_share": 13.72,
            "book_valuer_per_share_4q_avg": 14.59,
            "equity": 493983,
            "current_ratio": 253.43,
            "debt_ratio": 40.73,
            "inventory_turnover_ratio": 0.67,
            "account_receivable_turnover_ratio": 2.03,
            "reinvestment_rate": 78.7,
            "research_to_sale_ratio": null,
            "price_fair": 100.43,
            "eps_avg_yearly": 2.87,
            "eps_latest_yearly": 2.2,
            "eps_growth_yearly": 42.64
        },
        "20091": {
            "year_quarter": 20091,
            "year": 2009,
            "quarter": 1,
            "eps": 0.16,
            "eps_growth_year": -80.49,
            "eps_4q": 1.41,
            "eps_4q_growth_year": -56.82,
            "roe": 1.14,
            "roe_4q": 9.62,
            "gross_profit": 25735,
            "gross_margin": 20.2,
            "gross_margin_4q_avg": 25.98,
            "net_income": 5654,
            "net_income_4q": null,
            "revenue": 127398,
            "revenue_4q": null,
            "common_shares": 360000,
            "book_valuer_per_share": 13.88,
            "book_valuer_per_share_4q_avg": 14.07,
            "equity": 499843,
            "current_ratio": 278.29,
            "debt_ratio": 37.78,
            "inventory_turnover_ratio": 0.65,
            "account_receivable_turnover_ratio": 0.85,
            "reinvestment_rate": 78.73,
            "research_to_sale_ratio": null,
            "price_fair": 103.6,
            "eps_avg_yearly": 2.96,
            "eps_latest_yearly": 2.2,
            "eps_growth_yearly": 59.22
        },
        "20092": {
            "year_quarter": 20092,
            "year": 2009,
            "quarter": 2,
            "eps": 0.34,
            "eps_growth_year": -58.54,
            "eps_4q": 0.94,
            "eps_4q_growth_year": -66.43,
            "roe": 2.52,
            "roe_4q": 6.720000000000001,
            "gross_profit": 39975,
            "gross_margin": 23.78,
            "gross_margin_4q_avg": 25.36,
            "net_income": 12066,
            "net_income_4q": null,
            "revenue": 168128,
            "revenue_4q": null,
            "common_shares": 360000,
            "book_valuer_per_share": 12.71,
            "book_valuer_per_share_4q_avg": 13.68,
            "equity": 457433,
            "current_ratio": 207.4,
            "debt_ratio": 43.72,
            "inventory_turnover_ratio": 1.03,
            "account_receivable_turnover_ratio": 1.06,
            "reinvestment_rate": 81.34,
            "research_to_sale_ratio": null,
            "price_fair": 99.1,
            "eps_avg_yearly": 2.83,
            "eps_latest_yearly": 1.36,
            "eps_growth_yearly": 63.51
        },
        "20093": {
            "year_quarter": 20093,
            "year": 2009,
            "quarter": 3,
            "eps": 0.61,
            "eps_growth_year": 10.91,
            "eps_4q": 0.99,
            "eps_4q_growth_year": -65.6,
            "roe": 4.73,
            "roe_4q": 7.590000000000001,
            "gross_profit": 54104,
            "gross_margin": 31.37,
            "gross_margin_4q_avg": 25.69,
            "net_income": 21988,
            "net_income_4q": null,
            "revenue": 172497,
            "revenue_4q": null,
            "common_shares": 370000,
            "book_valuer_per_share": 12.75,
            "book_valuer_per_share_4q_avg": 13.27,
            "equity": 471909,
            "current_ratio": 230.43,
            "debt_ratio": 40.42,
            "inventory_turnover_ratio": 1.07,
            "account_receivable_turnover_ratio": 1.01,
            "reinvestment_rate": 76.73,
            "research_to_sale_ratio": null,
            "price_fair": 99.1,
            "eps_avg_yearly": 2.83,
            "eps_latest_yearly": 2.44,
            "eps_growth_yearly": 92.71
        },
        "20094": {
            "year_quarter": 20094,
            "year": 2009,
            "quarter": 4,
            "eps": 1.34,
            "eps_growth_year": null,
            "eps_4q": 2.37,
            "eps_4q_growth_year": 16.39,
            "roe": 9.4,
            "roe_4q": 17.790000000000003,
            "gross_profit": 73255,
            "gross_margin": 34.54,
            "gross_margin_4q_avg": 27.47,
            "net_income": 48142,
            "net_income_4q": null,
            "revenue": 212081,
            "revenue_4q": null,
            "common_shares": 370000,
            "book_valuer_per_share": 14.92,
            "book_valuer_per_share_4q_avg": 13.57,
            "equity": 552106,
            "current_ratio": 257.54,
            "debt_ratio": 35.62,
            "inventory_turnover_ratio": 1.27,
            "account_receivable_turnover_ratio": 2.58,
            "reinvestment_rate": 71.41,
            "research_to_sale_ratio": null,
            "price_fair": 105.4,
            "eps_avg_yearly": 3.01,
            "eps_latest_yearly": 5.36,
            "eps_growth_yearly": 122.22
        },
        "20101": {
            "year_quarter": 20101,
            "year": 2010,
            "quarter": 1,
            "eps": 1.14,
            "eps_growth_year": 612.5,
            "eps_4q": 3.36,
            "eps_4q_growth_year": 137.97,
            "roe": 7.38,
            "roe_4q": 24.03,
            "gross_profit": 78314,
            "gross_margin": 35.95,
            "gross_margin_4q_avg": 31.41,
            "net_income": 42287,
            "net_income_4q": null,
            "revenue": 217818,
            "revenue_4q": null,
            "common_shares": 370000,
            "book_valuer_per_share": 16.06,
            "book_valuer_per_share_4q_avg": 14.11,
            "equity": 594185,
            "current_ratio": 279.96,
            "debt_ratio": 32.69,
            "inventory_turnover_ratio": 1.31,
            "account_receivable_turnover_ratio": 1.23,
            "reinvestment_rate": 77.06,
            "research_to_sale_ratio": 1.38,
            "price_fair": 112.3,
            "eps_avg_yearly": 3.21,
            "eps_latest_yearly": 4.56,
            "eps_growth_yearly": 128.41
        },
        "20102": {
            "year_quarter": 20102,
            "year": 2010,
            "quarter": 2,
            "eps": 1.95,
            "eps_growth_year": 472.9,
            "eps_4q": 4.99,
            "eps_4q_growth_year": 431.09,
            "roe": 12.12,
            "roe_4q": 33.629999999999995,
            "gross_profit": 95407,
            "gross_margin": 32.18,
            "gross_margin_4q_avg": 33.51,
            "net_income": 72071,
            "net_income_4q": null,
            "revenue": 296493,
            "revenue_4q": null,
            "common_shares": 370000,
            "book_valuer_per_share": 16.09,
            "book_valuer_per_share_4q_avg": 14.96,
            "equity": 595478,
            "current_ratio": 244.26,
            "debt_ratio": 54.21,
            "inventory_turnover_ratio": 1.83,
            "account_receivable_turnover_ratio": 1.31,
            "reinvestment_rate": 74.16,
            "research_to_sale_ratio": 1.52,
            "price_fair": 124.2,
            "eps_avg_yearly": 3.55,
            "eps_latest_yearly": 7.8,
            "eps_growth_yearly": 129.03
        },
        "20103": {
            "year_quarter": 20103,
            "year": 2010,
            "quarter": 3,
            "eps": 1.77,
            "eps_growth_year": 189.98,
            "eps_4q": 6.09,
            "eps_4q_growth_year": 515.07,
            "roe": 10.4,
            "roe_4q": 39.3,
            "gross_profit": 111722,
            "gross_margin": 29.82,
            "gross_margin_4q_avg": 33.12,
            "net_income": 66570,
            "net_income_4q": null,
            "revenue": 374646,
            "revenue_4q": null,
            "common_shares": 376346,
            "book_valuer_per_share": 18.2,
            "book_valuer_per_share_4q_avg": 16.32,
            "equity": 684830,
            "current_ratio": 258.67,
            "debt_ratio": 49.15,
            "inventory_turnover_ratio": 2.16,
            "account_receivable_turnover_ratio": 1.25,
            "reinvestment_rate": 70.47,
            "research_to_sale_ratio": 1.36,
            "price_fair": 134.1,
            "eps_avg_yearly": 3.83,
            "eps_latest_yearly": 7.08,
            "eps_growth_yearly": 125.64
        },
        "20104": {
            "year_quarter": 20104,
            "year": 2010,
            "quarter": 4,
            "eps": 1.65,
            "eps_growth_year": 23.21,
            "eps_4q": 6.16,
            "eps_4q_growth_year": 159.39,
            "roe": 8.63,
            "roe_4q": 38.53,
            "gross_profit": 116563,
            "gross_margin": 33.07,
            "gross_margin_4q_avg": 32.76,
            "net_income": 66265,
            "net_income_4q": null,
            "revenue": 352482,
            "revenue_4q": null,
            "common_shares": 401369,
            "book_valuer_per_share": 19.94,
            "book_valuer_per_share_4q_avg": 17.57,
            "equity": 850165,
            "current_ratio": 301.13,
            "debt_ratio": 37.2,
            "inventory_turnover_ratio": 1.7,
            "account_receivable_turnover_ratio": 1.13,
            "reinvestment_rate": 54.41,
            "research_to_sale_ratio": 0.96,
            "price_fair": 143.1,
            "eps_avg_yearly": 4.09,
            "eps_latest_yearly": 6.6,
            "eps_growth_yearly": 124.8
        },
        "20111": {
            "year_quarter": 20111,
            "year": 2011,
            "quarter": 1,
            "eps": 1.65,
            "eps_growth_year": 44.74,
            "eps_4q": 6.66,
            "eps_4q_growth_year": 97.97,
            "roe": 7.41,
            "roe_4q": 38.559999999999995,
            "gross_profit": 111576,
            "gross_margin": 33.89,
            "gross_margin_4q_avg": 32.24,
            "net_income": 66387,
            "net_income_4q": null,
            "revenue": 329253,
            "revenue_4q": null,
            "common_shares": 407321,
            "book_valuer_per_share": 0,
            "book_valuer_per_share_4q_avg": 13.56,
            "equity": 940671,
            "current_ratio": 273.02,
            "debt_ratio": 35.2,
            "inventory_turnover_ratio": 1.39,
            "account_receivable_turnover_ratio": 1.16,
            "reinvestment_rate": 65.38,
            "research_to_sale_ratio": 1.14,
            "price_fair": 152.6,
            "eps_avg_yearly": 4.36,
            "eps_latest_yearly": 6.6,
            "eps_growth_yearly": 126.71
        },
        "20112": {
            "year_quarter": 20112,
            "year": 2011,
            "quarter": 2,
            "eps": 1.52,
            "eps_growth_year": -21.93,
            "eps_4q": 6.33,
            "eps_4q_growth_year": 26.93,
            "roe": 7.2,
            "roe_4q": 33.64,
            "gross_profit": 129420,
            "gross_margin": 37.76,
            "gross_margin_4q_avg": 33.64,
            "net_income": 63007,
            "net_income_4q": null,
            "revenue": 342761,
            "revenue_4q": null,
            "common_shares": 414345,
            "book_valuer_per_share": 0,
            "book_valuer_per_share_4q_avg": 9.54,
            "equity": 809052,
            "current_ratio": 162.14,
            "debt_ratio": 44.29,
            "inventory_turnover_ratio": 1.27,
            "account_receivable_turnover_ratio": 1.13,
            "reinvestment_rate": 65.02,
            "research_to_sale_ratio": 0.97,
            "price_fair": 153.1,
            "eps_avg_yearly": 4.37,
            "eps_latest_yearly": 6.08,
            "eps_growth_yearly": 93.03
        },
        "20113": {
            "year_quarter": 20113,
            "year": 2011,
            "quarter": 3,
            "eps": 1.92,
            "eps_growth_year": 8.32,
            "eps_4q": 6.57,
            "eps_4q_growth_year": 7.91,
            "roe": 9.34,
            "roe_4q": 32.58,
            "gross_profit": 120685,
            "gross_margin": 33.01,
            "gross_margin_4q_avg": 34.43,
            "net_income": 80589,
            "net_income_4q": null,
            "revenue": 365637,
            "revenue_4q": null,
            "common_shares": 420593,
            "book_valuer_per_share": 21.76,
            "book_valuer_per_share_4q_avg": 10.43,
            "equity": 916723,
            "current_ratio": 203.04,
            "debt_ratio": 34.84,
            "inventory_turnover_ratio": 1.4,
            "account_receivable_turnover_ratio": 1.12,
            "reinvestment_rate": 58.45,
            "research_to_sale_ratio": 0.83,
            "price_fair": 168.1,
            "eps_avg_yearly": 4.8,
            "eps_latest_yearly": 7.68,
            "eps_growth_yearly": 120.96
        },
        "20114": {
            "year_quarter": 20114,
            "year": 2011,
            "quarter": 4,
            "eps": 1.61,
            "eps_growth_year": -2.66,
            "eps_4q": 6.57,
            "eps_4q_growth_year": 6.6,
            "roe": 7.12,
            "roe_4q": 31.07,
            "gross_profit": 125712,
            "gross_margin": 41.69,
            "gross_margin_4q_avg": 36.59,
            "net_income": 68330,
            "net_income_4q": null,
            "revenue": 301563,
            "revenue_4q": null,
            "common_shares": 423485,
            "book_valuer_per_share": 23.39,
            "book_valuer_per_share_4q_avg": 11.29,
            "equity": 1002986,
            "current_ratio": 353.36,
            "debt_ratio": 41.35,
            "inventory_turnover_ratio": 0.93,
            "account_receivable_turnover_ratio": 0.98,
            "reinvestment_rate": 52.73,
            "research_to_sale_ratio": 1.59,
            "price_fair": 176.9,
            "eps_avg_yearly": 5.05,
            "eps_latest_yearly": 6.44,
            "eps_growth_yearly": 95.26
        },
        "20121": {
            "year_quarter": 20121,
            "year": 2012,
            "quarter": 1,
            "eps": 1.47,
            "eps_growth_year": -10.91,
            "eps_4q": 6.15,
            "eps_4q_growth_year": -7.61,
            "roe": 5.8,
            "roe_4q": 29.459999999999997,
            "gross_profit": 123277,
            "gross_margin": 36.35,
            "gross_margin_4q_avg": 37.2,
            "net_income": 63225,
            "net_income_4q": null,
            "revenue": 339156,
            "revenue_4q": null,
            "common_shares": 446062,
            "book_valuer_per_share": 26.25,
            "book_valuer_per_share_4q_avg": 17.85,
            "equity": 1176971,
            "current_ratio": 395.95,
            "debt_ratio": 33.51,
            "inventory_turnover_ratio": 1.06,
            "account_receivable_turnover_ratio": 1.13,
            "reinvestment_rate": 47.3,
            "research_to_sale_ratio": 1.39,
            "price_fair": 183.4,
            "eps_avg_yearly": 5.24,
            "eps_latest_yearly": 5.88,
            "eps_growth_yearly": 89.25
        },
        "20122": {
            "year_quarter": 20122,
            "year": 2012,
            "quarter": 2,
            "eps": 1.9,
            "eps_growth_year": 25.13,
            "eps_4q": 6.63,
            "eps_4q_growth_year": 4.69,
            "roe": 7.4,
            "roe_4q": 29.66,
            "gross_profit": 153200,
            "gross_margin": 39.56,
            "gross_margin_4q_avg": 37.65,
            "net_income": 85586,
            "net_income_4q": null,
            "revenue": 387301,
            "revenue_4q": null,
            "common_shares": 447799,
            "book_valuer_per_share": 25.27,
            "book_valuer_per_share_4q_avg": 24.17,
            "equity": 1136838,
            "current_ratio": 261.63,
            "debt_ratio": 40.48,
            "inventory_turnover_ratio": 1.12,
            "account_receivable_turnover_ratio": 1.19,
            "reinvestment_rate": 46.95,
            "research_to_sale_ratio": 1.56,
            "price_fair": 194.2,
            "eps_avg_yearly": 5.55,
            "eps_latest_yearly": 7.6,
            "eps_growth_yearly": 97.61
        },
        "20123": {
            "year_quarter": 20123,
            "year": 2012,
            "quarter": 3,
            "eps": 1.45,
            "eps_growth_year": -24.08,
            "eps_4q": 6.23,
            "eps_4q_growth_year": -5.16,
            "roe": 5.6,
            "roe_4q": 25.92,
            "gross_profit": 129588,
            "gross_margin": 39.88,
            "gross_margin_4q_avg": 39.37,
            "net_income": 66166,
            "net_income_4q": null,
            "revenue": 324935,
            "revenue_4q": null,
            "common_shares": 452642,
            "book_valuer_per_share": 26.97,
            "book_valuer_per_share_4q_avg": 25.47,
            "equity": 1226461,
            "current_ratio": 412.35,
            "debt_ratio": 30.35,
            "inventory_turnover_ratio": 0.89,
            "account_receivable_turnover_ratio": 0.95,
            "reinvestment_rate": 44.28,
            "research_to_sale_ratio": 1.38,
            "price_fair": 203.2,
            "eps_avg_yearly": 5.81,
            "eps_latest_yearly": 5.8,
            "eps_growth_yearly": 100.25
        },
        "20124": {
            "year_quarter": 20124,
            "year": 2012,
            "quarter": 4,
            "eps": 1.25,
            "eps_growth_year": -22.14,
            "eps_4q": 5.94,
            "eps_4q_growth_year": -9.52,
            "roe": 4.52,
            "roe_4q": 23.32,
            "gross_profit": 107015,
            "gross_margin": 38.7,
            "gross_margin_4q_avg": 38.62,
            "net_income": 57097,
            "net_income_4q": null,
            "revenue": 276533,
            "revenue_4q": null,
            "common_shares": 456144,
            "book_valuer_per_share": 28.17,
            "book_valuer_per_share_4q_avg": 26.67,
            "equity": 1300651,
            "current_ratio": 243.14,
            "debt_ratio": 24.91,
            "inventory_turnover_ratio": 0.78,
            "account_receivable_turnover_ratio": 0.98,
            "reinvestment_rate": 39.55,
            "research_to_sale_ratio": 2.07,
            "price_fair": 201.32,
            "eps_avg_yearly": 5.75,
            "eps_latest_yearly": 5,
            "eps_growth_yearly": 89.89
        },
        "20131": {
            "year_quarter": 20131,
            "year": 2013,
            "quarter": 1,
            "eps": 1.09,
            "eps_growth_year": -25.85,
            "eps_4q": 5.44,
            "eps_4q_growth_year": -11.6,
            "roe": 3.74,
            "roe_4q": 21.259999999999998,
            "gross_profit": 95757,
            "gross_margin": 32.14,
            "gross_margin_4q_avg": 37.57,
            "net_income": 51266,
            "net_income_4q": null,
            "revenue": 297899,
            "revenue_4q": null,
            "common_shares": 475567,
            "book_valuer_per_share": 29.02,
            "book_valuer_per_share_4q_avg": 27.36,
            "equity": 1442797,
            "current_ratio": 288.54,
            "debt_ratio": 21.88,
            "inventory_turnover_ratio": 0.96,
            "account_receivable_turnover_ratio": 1.26,
            "reinvestment_rate": 38.49,
            "research_to_sale_ratio": 1.71,
            "price_fair": 198.28,
            "eps_avg_yearly": 5.67,
            "eps_latest_yearly": 4.36,
            "eps_growth_yearly": 81.07
        },
        "20132": {
            "year_quarter": 20132,
            "year": 2013,
            "quarter": 2,
            "eps": 1.27,
            "eps_growth_year": -33.25,
            "eps_4q": 4.91,
            "eps_4q_growth_year": -25.82,
            "roe": 4.48,
            "roe_4q": 18.34,
            "gross_profit": 109727,
            "gross_margin": 33.13,
            "gross_margin_4q_avg": 35.96,
            "net_income": 60521,
            "net_income_4q": null,
            "revenue": 331194,
            "revenue_4q": null,
            "common_shares": 475642,
            "book_valuer_per_share": 26.35,
            "book_valuer_per_share_4q_avg": 27.63,
            "equity": 1260902,
            "current_ratio": 183.12,
            "debt_ratio": 35.16,
            "inventory_turnover_ratio": 1.03,
            "account_receivable_turnover_ratio": 1.19,
            "reinvestment_rate": 37.5,
            "research_to_sale_ratio": 1.58,
            "price_fair": 206.41,
            "eps_avg_yearly": 5.9,
            "eps_latest_yearly": 5.08,
            "eps_growth_yearly": 57.07
        },
        "20133": {
            "year_quarter": 20133,
            "year": 2013,
            "quarter": 3,
            "eps": 1.11,
            "eps_growth_year": -23.7,
            "eps_4q": 4.65,
            "eps_4q_growth_year": -25.43,
            "roe": 4.15,
            "roe_4q": 16.89,
            "gross_profit": 108568,
            "gross_margin": 34.37,
            "gross_margin_4q_avg": 34.59,
            "net_income": 53433,
            "net_income_4q": null,
            "revenue": 315866,
            "revenue_4q": null,
            "common_shares": 475663,
            "book_valuer_per_share": 27.43,
            "book_valuer_per_share_4q_avg": 27.74,
            "equity": 1312615,
            "current_ratio": 266.53,
            "debt_ratio": 22.08,
            "inventory_turnover_ratio": 0.92,
            "account_receivable_turnover_ratio": 1.05,
            "reinvestment_rate": 37.16,
            "research_to_sale_ratio": 1.67,
            "price_fair": 210.79,
            "eps_avg_yearly": 6.02,
            "eps_latest_yearly": 4.44,
            "eps_growth_yearly": 34.07
        },
        "20134": {
            "year_quarter": 20134,
            "year": 2013,
            "quarter": 4,
            "eps": 1.05,
            "eps_growth_year": -16.21,
            "eps_4q": 4.47,
            "eps_4q_growth_year": -24.73,
            "roe": 3.76,
            "roe_4q": 16.130000000000003,
            "gross_profit": 101223,
            "gross_margin": 34.22,
            "gross_margin_4q_avg": 33.47,
            "net_income": 50548,
            "net_income_4q": null,
            "revenue": 295807,
            "revenue_4q": null,
            "common_shares": 478774,
            "book_valuer_per_share": 28.61,
            "book_valuer_per_share_4q_avg": 27.85,
            "equity": 1378259,
            "current_ratio": 303.29,
            "debt_ratio": 19.67,
            "inventory_turnover_ratio": 0.83,
            "account_receivable_turnover_ratio": 1.09,
            "reinvestment_rate": 36.44,
            "research_to_sale_ratio": 1.38,
            "price_fair": 76.16,
            "eps_avg_yearly": 5.95,
            "eps_latest_yearly": 4.2,
            "eps_growth_yearly": 2.8
        },
        "20141": {
            "year_quarter": 20141,
            "year": 2014,
            "quarter": 1,
            "eps": 1,
            "eps_growth_year": -8.26,
            "eps_4q": 4.38,
            "eps_4q_growth_year": -19.53,
            "roe": 3.42,
            "roe_4q": 15.81,
            "gross_profit": 100054,
            "gross_margin": 35.23,
            "gross_margin_4q_avg": 34.24,
            "net_income": 48216,
            "net_income_4q": null,
            "revenue": 284006,
            "revenue_4q": null,
            "common_shares": 482647,
            "book_valuer_per_share": 29.74,
            "book_valuer_per_share_4q_avg": 28.03,
            "equity": 1444225,
            "current_ratio": 323.32,
            "debt_ratio": 18.94,
            "inventory_turnover_ratio": 0.76,
            "account_receivable_turnover_ratio": 1.18,
            "reinvestment_rate": 31.82,
            "research_to_sale_ratio": 1.96,
            "price_fair": 90.74,
            "eps_avg_yearly": 5.92,
            "eps_latest_yearly": 4,
            "eps_growth_yearly": 5.34
        },
        "20142": {
            "year_quarter": 20142,
            "year": 2014,
            "quarter": 2,
            "eps": 1.15,
            "eps_growth_year": -9.45,
            "eps_4q": 4.25,
            "eps_4q_growth_year": -13.52,
            "roe": 4.05,
            "roe_4q": 15.38,
            "gross_profit": 101742,
            "gross_margin": 31.09,
            "gross_margin_4q_avg": 33.73,
            "net_income": 55877,
            "net_income_4q": null,
            "revenue": 327290,
            "revenue_4q": null,
            "common_shares": 485601,
            "book_valuer_per_share": 26.96,
            "book_valuer_per_share_4q_avg": 28.19,
            "equity": 1317906,
            "current_ratio": 210.7,
            "debt_ratio": 29.71,
            "inventory_turnover_ratio": 0.92,
            "account_receivable_turnover_ratio": 1.27,
            "reinvestment_rate": 30.77,
            "research_to_sale_ratio": 1.96,
            "price_fair": 17.15,
            "eps_avg_yearly": 5.72,
            "eps_latest_yearly": 4.6,
            "eps_growth_yearly": -8.67
        },
        "20143": {
            "year_quarter": 20143,
            "year": 2014,
            "quarter": 3,
            "eps": 1.36,
            "eps_growth_year": 22.52,
            "eps_4q": 4.49,
            "eps_4q_growth_year": -3.24,
            "roe": 4.91,
            "roe_4q": 16.14,
            "gross_profit": 120698,
            "gross_margin": 35.29,
            "gross_margin_4q_avg": 33.96,
            "net_income": 66665,
            "net_income_4q": null,
            "revenue": 342004,
            "revenue_4q": null,
            "common_shares": 488827,
            "book_valuer_per_share": 28.45,
            "book_valuer_per_share_4q_avg": 28.44,
            "equity": 1400051,
            "current_ratio": 306.35,
            "debt_ratio": 19.72,
            "inventory_turnover_ratio": 0.9,
            "account_receivable_turnover_ratio": 1.17,
            "reinvestment_rate": 27.09,
            "research_to_sale_ratio": 1.96,
            "price_fair": 16.84,
            "eps_avg_yearly": 5.61,
            "eps_latest_yearly": 5.44,
            "eps_growth_yearly": -1.8
        },
        "20144": {
            "year_quarter": 20144,
            "year": 2014,
            "quarter": 4,
            "eps": 1.16,
            "eps_growth_year": 10.66,
            "eps_4q": 4.45,
            "eps_4q_growth_year": -0.41,
            "roe": 4.06,
            "roe_4q": 16.439999999999998,
            "gross_profit": 114712,
            "gross_margin": 33.66,
            "gross_margin_4q_avg": 33.82,
            "net_income": 60266,
            "net_income_4q": null,
            "revenue": 340821,
            "revenue_4q": null,
            "common_shares": 514802,
            "book_valuer_per_share": 30.35,
            "book_valuer_per_share_4q_avg": 28.88,
            "equity": 1571865,
            "current_ratio": 503.5,
            "debt_ratio": 12.29,
            "inventory_turnover_ratio": 0.89,
            "account_receivable_turnover_ratio": 1.18,
            "reinvestment_rate": 24.6,
            "research_to_sale_ratio": 1.97,
            "price_fair": 16.47,
            "eps_avg_yearly": 5.49,
            "eps_latest_yearly": 4.64,
            "eps_growth_yearly": -3.78
        },
        "20151": {
            "year_quarter": 20151,
            "year": 2015,
            "quarter": 1,
            "eps": 1.04,
            "eps_growth_year": 4,
            "eps_4q": 4.56,
            "eps_4q_growth_year": 4.27,
            "roe": 3.35,
            "roe_4q": 16.37,
            "gross_profit": 105573,
            "gross_margin": 23.9,
            "gross_margin_4q_avg": 30.99,
            "net_income": 53543,
            "net_income_4q": null,
            "revenue": 441774,
            "revenue_4q": null,
            "common_shares": 514802,
            "book_valuer_per_share": 31.38,
            "book_valuer_per_share_4q_avg": 29.29,
            "equity": 1624982,
            "current_ratio": 531.89,
            "debt_ratio": 12.03,
            "inventory_turnover_ratio": 1.32,
            "account_receivable_turnover_ratio": 1.28,
            "reinvestment_rate": 14.65,
            "research_to_sale_ratio": 1.14,
            "price_fair": 16.01,
            "eps_avg_yearly": 5.34,
            "eps_latest_yearly": 4.16,
            "eps_growth_yearly": -6.37
        },
        "20152": {
            "year_quarter": 20152,
            "year": 2015,
            "quarter": 2,
            "eps": 1.7,
            "eps_growth_year": 47.83,
            "eps_4q": 4.57,
            "eps_4q_growth_year": 7.54,
            "roe": 5.15,
            "roe_4q": 17.47,
            "gross_profit": 169740,
            "gross_margin": 29.82,
            "gross_margin_4q_avg": 30.67,
            "net_income": 97700,
            "net_income_4q": null,
            "revenue": 569196,
            "revenue_4q": null,
            "common_shares": 606802,
            "book_valuer_per_share": 35.6,
            "book_valuer_per_share_4q_avg": 31.45,
            "equity": 2168513,
            "current_ratio": 153.49,
            "debt_ratio": 46.65,
            "inventory_turnover_ratio": 0.42,
            "account_receivable_turnover_ratio": 1.51,
            "reinvestment_rate": 23.54,
            "research_to_sale_ratio": 1.12,
            "price_fair": 115.55,
            "eps_avg_yearly": 5.38,
            "eps_latest_yearly": 6.8,
            "eps_growth_yearly": 11.47
        },
        "20153": {
            "year_quarter": 20153,
            "year": 2015,
            "quarter": 3,
            "eps": 1.62,
            "eps_growth_year": 19.12,
            "eps_4q": 5.26,
            "eps_4q_growth_year": 17.13,
            "roe": 4.49,
            "roe_4q": 17.05,
            "gross_profit": 159432,
            "gross_margin": 26.76,
            "gross_margin_4q_avg": 28.54,
            "net_income": 97166,
            "net_income_4q": null,
            "revenue": 595873,
            "revenue_4q": null,
            "common_shares": 606802,
            "book_valuer_per_share": 36.65,
            "book_valuer_per_share_4q_avg": 33.5,
            "equity": 2155078,
            "current_ratio": 163.34,
            "debt_ratio": 41.84,
            "inventory_turnover_ratio": 0.26,
            "account_receivable_turnover_ratio": 1.7,
            "reinvestment_rate": 26.56,
            "research_to_sale_ratio": 1.17,
            "price_fair": 72.77,
            "eps_avg_yearly": 5.31,
            "eps_latest_yearly": 6.48,
            "eps_growth_yearly": 3.71
        },
        "20154": {
            "year_quarter": 20154,
            "year": 2015,
            "quarter": 4,
            "eps": 1.02,
            "eps_growth_year": -11.88,
            "eps_4q": 5.12,
            "eps_4q_growth_year": 14.99,
            "roe": 2.8,
            "roe_4q": 15.790000000000001,
            "gross_profit": 165054,
            "gross_margin": 17.51,
            "gross_margin_4q_avg": 24.5,
            "net_income": 62952,
            "net_income_4q": null,
            "revenue": 942624,
            "revenue_4q": null,
            "common_shares": 606802,
            "book_valuer_per_share": 38.4,
            "book_valuer_per_share_4q_avg": 35.51,
            "equity": 2338997,
            "current_ratio": 188.08,
            "debt_ratio": 36.44,
            "inventory_turnover_ratio": 0.53,
            "account_receivable_turnover_ratio": 2.49,
            "reinvestment_rate": 20.54,
            "research_to_sale_ratio": 0.88,
            "price_fair": 15.48,
            "eps_avg_yearly": 5.16,
            "eps_latest_yearly": 4.08,
            "eps_growth_yearly": -1.51
        },
        "20161": {
            "year_quarter": 20161,
            "year": 2016,
            "quarter": 1,
            "eps": 0.91,
            "eps_growth_year": -12.5,
            "eps_4q": 5.15,
            "eps_4q_growth_year": 12.74,
            "roe": 2.34,
            "roe_4q": 14.78,
            "gross_profit": 138213,
            "gross_margin": 22.39,
            "gross_margin_4q_avg": 24.12,
            "net_income": 55326,
            "net_income_4q": null,
            "revenue": 617182,
            "revenue_4q": null,
            "common_shares": 606802,
            "book_valuer_per_share": 39.33,
            "book_valuer_per_share_4q_avg": 37.5,
            "equity": 2395786,
            "current_ratio": 225.1,
            "debt_ratio": 29.45,
            "inventory_turnover_ratio": 0.4,
            "account_receivable_turnover_ratio": 1.79,
            "reinvestment_rate": 19.76,
            "research_to_sale_ratio": 1.22,
            "price_fair": 15.06,
            "eps_avg_yearly": 5.02,
            "eps_latest_yearly": 3.64,
            "eps_growth_yearly": -2.03
        },
        "20162": {
            "year_quarter": 20162,
            "year": 2016,
            "quarter": 2,
            "eps": 0.77,
            "eps_growth_year": -54.71,
            "eps_4q": 4.31,
            "eps_4q_growth_year": -5.75,
            "roe": 2.02,
            "roe_4q": 11.649999999999999,
            "gross_profit": 132478,
            "gross_margin": 22.38,
            "gross_margin_4q_avg": 22.26,
            "net_income": 47027,
            "net_income_4q": null,
            "revenue": 591863,
            "revenue_4q": null,
            "common_shares": 606802,
            "book_valuer_per_share": 37.11,
            "book_valuer_per_share_4q_avg": 37.87,
            "equity": 2260840,
            "current_ratio": 204.36,
            "debt_ratio": 32.45,
            "inventory_turnover_ratio": 0.42,
            "account_receivable_turnover_ratio": 1.83,
            "reinvestment_rate": 14.35,
            "research_to_sale_ratio": 1.42,
            "price_fair": 14.21,
            "eps_avg_yearly": 4.74,
            "eps_latest_yearly": 3.08,
            "eps_growth_yearly": -13.19
        },
        "20163": {
            "year_quarter": 20163,
            "year": 2016,
            "quarter": 3,
            "eps": 1.17,
            "eps_growth_year": -27.78,
            "eps_4q": 3.87,
            "eps_4q_growth_year": -26.44,
            "roe": 3.08,
            "roe_4q": 10.239999999999998,
            "gross_profit": 163116,
            "gross_margin": 26.85,
            "gross_margin_4q_avg": 22.28,
            "net_income": 70668,
            "net_income_4q": null,
            "revenue": 607515,
            "revenue_4q": null,
            "common_shares": 606802,
            "book_valuer_per_share": 38.33,
            "book_valuer_per_share_4q_avg": 38.29,
            "equity": 2334142,
            "current_ratio": 247.49,
            "debt_ratio": 25.86,
            "inventory_turnover_ratio": 0.44,
            "account_receivable_turnover_ratio": 1.67,
            "reinvestment_rate": 13.23,
            "research_to_sale_ratio": 1.7,
            "price_fair": 73.35,
            "eps_avg_yearly": 4.67,
            "eps_latest_yearly": 4.68,
            "eps_growth_yearly": 5.72
        },
        "20164": {
            "year_quarter": 20164,
            "year": 2016,
            "quarter": 4,
            "eps": 1.23,
            "eps_growth_year": 20.47,
            "eps_4q": 4.08,
            "eps_4q_growth_year": -20.29,
            "roe": 3.12,
            "roe_4q": 10.56,
            "gross_profit": 156928,
            "gross_margin": 28.91,
            "gross_margin_4q_avg": 25.13,
            "net_income": 73965,
            "net_income_4q": null,
            "revenue": 542755,
            "revenue_4q": null,
            "common_shares": 606802,
            "book_valuer_per_share": 39.64,
            "book_valuer_per_share_4q_avg": 38.6,
            "equity": 2412902,
            "current_ratio": 279.09,
            "debt_ratio": 22.99,
            "inventory_turnover_ratio": 0.45,
            "account_receivable_turnover_ratio": 1.45,
            "reinvestment_rate": 11.24,
            "research_to_sale_ratio": 2.11,
            "price_fair": 95.33,
            "eps_avg_yearly": 4.66,
            "eps_latest_yearly": 4.92,
            "eps_growth_yearly": 10.45
        },
        "20171": {
            "year_quarter": 20171,
            "year": 2017,
            "quarter": 1,
            "eps": 1.26,
            "eps_growth_year": 38.46,
            "eps_4q": 4.44,
            "eps_4q_growth_year": -13.78,
            "roe": 3.12,
            "roe_4q": 11.34,
            "gross_profit": 193550,
            "gross_margin": 35.72,
            "gross_margin_4q_avg": 28.47,
            "net_income": 76509,
            "net_income_4q": null,
            "revenue": 541778,
            "revenue_4q": null,
            "common_shares": 606802,
            "book_valuer_per_share": 40.93,
            "book_valuer_per_share_4q_avg": 39,
            "equity": 2490718,
            "current_ratio": 371.04,
            "debt_ratio": 16.92,
            "inventory_turnover_ratio": 0.47,
            "account_receivable_turnover_ratio": 1.77,
            "reinvestment_rate": 10.16,
            "research_to_sale_ratio": 2.08,
            "price_fair": 114.12,
            "eps_avg_yearly": 4.71,
            "eps_latest_yearly": 5.04,
            "eps_growth_yearly": 14.26
        },
        "20172": {
            "year_quarter": 20172,
            "year": 2017,
            "quarter": 2,
            "eps": 1.38,
            "eps_growth_year": 79.22,
            "eps_4q": 5.04,
            "eps_4q_growth_year": 17.08,
            "roe": 3.46,
            "roe_4q": 12.78,
            "gross_profit": 175549,
            "gross_margin": 30.59,
            "gross_margin_4q_avg": 30.52,
            "net_income": 84033,
            "net_income_4q": null,
            "revenue": 573913,
            "revenue_4q": null,
            "common_shares": 606802,
            "book_valuer_per_share": 38.79,
            "book_valuer_per_share_4q_avg": 39.42,
            "equity": 2360694,
            "current_ratio": 267.56,
            "debt_ratio": 24.11,
            "inventory_turnover_ratio": 0.6,
            "account_receivable_turnover_ratio": 2.16,
            "reinvestment_rate": 8.1,
            "research_to_sale_ratio": 2.06,
            "price_fair": 106.52,
            "eps_avg_yearly": 4.73,
            "eps_latest_yearly": 5.52,
            "eps_growth_yearly": 12.51
        },
        "20173": {
            "year_quarter": 20173,
            "year": 2017,
            "quarter": 3,
            "eps": 2.92,
            "eps_growth_year": 149.57,
            "eps_4q": 6.79,
            "eps_4q_growth_year": 75.38,
            "roe": 7.2,
            "roe_4q": 16.900000000000002,
            "gross_profit": 143856,
            "gross_margin": 35.17,
            "gross_margin_4q_avg": 32.6,
            "net_income": 176534,
            "net_income_4q": null,
            "revenue": 409065,
            "revenue_4q": null,
            "common_shares": 606802,
            "book_valuer_per_share": 41.79,
            "book_valuer_per_share_4q_avg": 40.29,
            "equity": 2542798,
            "current_ratio": 615.86,
            "debt_ratio": 12.58,
            "inventory_turnover_ratio": 0.57,
            "account_receivable_turnover_ratio": 1.45,
            "reinvestment_rate": -3.27,
            "research_to_sale_ratio": 3.16,
            "price_fair": 181.48,
            "eps_avg_yearly": 5.19,
            "eps_latest_yearly": 11.68,
            "eps_growth_yearly": 43.56
        },
        "20174": {
            "year_quarter": 20174,
            "year": 2017,
            "quarter": 4,
            "eps": 1.51,
            "eps_growth_year": 22.7,
            "eps_4q": 9.45,
            "eps_4q_growth_year": 131.61,
            "roe": 2.58,
            "roe_4q": 16.360000000000003,
            "gross_profit": 121634,
            "gross_margin": 34.88,
            "gross_margin_4q_avg": 34.09,
            "net_income": 64000,
            "net_income_4q": null,
            "revenue": 348696,
            "revenue_4q": null,
            "common_shares": 424762,
            "book_valuer_per_share": 56.97,
            "book_valuer_per_share_4q_avg": 44.62,
            "equity": 2426519,
            "current_ratio": 542.39,
            "debt_ratio": 14.04,
            "inventory_turnover_ratio": 0.72,
            "account_receivable_turnover_ratio": 1.27,
            "reinvestment_rate": -1.59,
            "research_to_sale_ratio": 3.08,
            "price_fair": 185.5,
            "eps_avg_yearly": 5.3,
            "eps_latest_yearly": 6.04,
            "eps_growth_yearly": 32.84
        },
        "20181": {
            "year_quarter": 20181,
            "year": 2018,
            "quarter": 1,
            "eps": 1.77,
            "eps_growth_year": 40.48,
            "eps_4q": 9.42,
            "eps_4q_growth_year": 112.22,
            "roe": 3.04,
            "roe_4q": 16.28,
            "gross_profit": 140888,
            "gross_margin": 38.33,
            "gross_margin_4q_avg": 34.74,
            "net_income": 75033,
            "net_income_4q": null,
            "revenue": 367531,
            "revenue_4q": null,
            "common_shares": 424762,
            "book_valuer_per_share": 59,
            "book_valuer_per_share_4q_avg": 49.14,
            "equity": 2512565,
            "current_ratio": 550.51,
            "debt_ratio": 10.96,
            "inventory_turnover_ratio": 0.69,
            "account_receivable_turnover_ratio": 1.32,
            "reinvestment_rate": 34.39,
            "research_to_sale_ratio": 2.86,
            "price_fair": 192.24,
            "eps_avg_yearly": 5.49,
            "eps_latest_yearly": 7.08,
            "eps_growth_yearly": 38.33
        },
        "20182": {
            "year_quarter": 20182,
            "year": 2018,
            "quarter": 2,
            "eps": 2.25,
            "eps_growth_year": 63.04,
            "eps_4q": 9.34,
            "eps_4q_growth_year": 85.23,
            "roe": 3.94,
            "roe_4q": 16.76,
            "gross_profit": 165826,
            "gross_margin": 40.06,
            "gross_margin_4q_avg": 37.11,
            "net_income": 95600,
            "net_income_4q": null,
            "revenue": 413985,
            "revenue_4q": null,
            "common_shares": 440832,
            "book_valuer_per_share": 52.88,
            "book_valuer_per_share_4q_avg": 52.66,
            "equity": 2336858,
            "current_ratio": 274.88,
            "debt_ratio": 24.97,
            "inventory_turnover_ratio": 0.78,
            "account_receivable_turnover_ratio": 1.34,
            "reinvestment_rate": 34.04,
            "research_to_sale_ratio": 2.74,
            "price_fair": 201.86,
            "eps_avg_yearly": 5.77,
            "eps_latest_yearly": 9,
            "eps_growth_yearly": 41.36
        },
        "20183": {
            "year_quarter": 20183,
            "year": 2018,
            "quarter": 3,
            "eps": 1.53,
            "eps_growth_year": -47.6,
            "eps_4q": 6.81,
            "eps_4q_growth_year": 0.21,
            "roe": 2.83,
            "roe_4q": 12.389999999999999,
            "gross_profit": 168193,
            "gross_margin": 39.81,
            "gross_margin_4q_avg": 38.27,
            "net_income": 67083,
            "net_income_4q": null,
            "revenue": 422442,
            "revenue_4q": null,
            "common_shares": 440832,
            "book_valuer_per_share": 54.15,
            "book_valuer_per_share_4q_avg": 55.75,
            "equity": 2395926,
            "current_ratio": 432.93,
            "debt_ratio": 15.88,
            "inventory_turnover_ratio": 0.8,
            "account_receivable_turnover_ratio": 1.2,
            "reinvestment_rate": 34.91,
            "research_to_sale_ratio": 2.53,
            "price_fair": 203.35,
            "eps_avg_yearly": 5.81,
            "eps_latest_yearly": 6.12,
            "eps_growth_yearly": 28.8
        },
        "20184": {
            "year_quarter": 20184,
            "year": 2018,
            "quarter": 4,
            "eps": 1.04,
            "eps_growth_year": -31.31,
            "eps_4q": 6.42,
            "eps_4q_growth_year": -32.1,
            "roe": 1.89,
            "roe_4q": 11.7,
            "gross_profit": 120112,
            "gross_margin": 32.57,
            "gross_margin_4q_avg": 37.69,
            "net_income": 45668,
            "net_income_4q": null,
            "revenue": 368814,
            "revenue_4q": null,
            "common_shares": 441517,
            "book_valuer_per_share": 55.26,
            "book_valuer_per_share_4q_avg": 55.32,
            "equity": 2446024,
            "current_ratio": 455.27,
            "debt_ratio": 12.83,
            "inventory_turnover_ratio": 0.76,
            "account_receivable_turnover_ratio": 1.08,
            "reinvestment_rate": 36.14,
            "research_to_sale_ratio": 2.06,
            "price_fair": 199.21,
            "eps_avg_yearly": 5.78,
            "eps_latest_yearly": 4.16,
            "eps_growth_yearly": 24.47
        },
        "20191": {
            "year_quarter": 20191,
            "year": 2019,
            "quarter": 1,
            "eps": 0.97,
            "eps_growth_year": -45.2,
            "eps_4q": 5.69,
            "eps_4q_growth_year": -39.55,
            "roe": 1.72,
            "roe_4q": 10.379999999999999,
            "gross_profit": 91388,
            "gross_margin": 26.92,
            "gross_margin_4q_avg": 34.84,
            "net_income": 42629,
            "net_income_4q": null,
            "revenue": 339516,
            "revenue_4q": null,
            "common_shares": 442196,
            "book_valuer_per_share": 56.41,
            "book_valuer_per_share_4q_avg": 54.68,
            "equity": 2499301,
            "current_ratio": 401.71,
            "debt_ratio": 13.58,
            "inventory_turnover_ratio": 0.77,
            "account_receivable_turnover_ratio": 1.08,
            "reinvestment_rate": 37.46,
            "research_to_sale_ratio": 2.35,
            "price_fair": 201.69,
            "eps_avg_yearly": 5.76,
            "eps_latest_yearly": 3.88,
            "eps_growth_yearly": 25.37
        },
        "20192": {
            "year_quarter": 20192,
            "year": 2019,
            "quarter": 2,
            "eps": 0.9,
            "eps_growth_year": -60,
            "eps_4q": 4.26,
            "eps_4q_growth_year": -54.44,
            "roe": 1.66,
            "roe_4q": 8.1,
            "gross_profit": 107643,
            "gross_margin": 34.92,
            "gross_margin_4q_avg": 33.56,
            "net_income": 39785,
            "net_income_4q": null,
            "revenue": 308257,
            "revenue_4q": null,
            "common_shares": 442196,
            "book_valuer_per_share": 51.56,
            "book_valuer_per_share_4q_avg": 54.35,
            "equity": 2302267,
            "current_ratio": 280.14,
            "debt_ratio": 19.44,
            "inventory_turnover_ratio": 0.63,
            "account_receivable_turnover_ratio": 1.16,
            "reinvestment_rate": 29.42,
            "research_to_sale_ratio": 3.02,
            "price_fair": 98.45,
            "eps_avg_yearly": 5.56,
            "eps_latest_yearly": 3.6,
            "eps_growth_yearly": 7.7
        },
        "20193": {
            "year_quarter": 20193,
            "year": 2019,
            "quarter": 3,
            "eps": 1.1,
            "eps_growth_year": -28.1,
            "eps_4q": 3.96,
            "eps_4q_growth_year": -41.77,
            "roe": 2.1,
            "roe_4q": 7.369999999999999,
            "gross_profit": 96405,
            "gross_margin": 33.27,
            "gross_margin_4q_avg": 31.92,
            "net_income": 48793,
            "net_income_4q": null,
            "revenue": 289789,
            "revenue_4q": null,
            "common_shares": 446433,
            "book_valuer_per_share": 52.34,
            "book_valuer_per_share_4q_avg": 53.89,
            "equity": 2342298,
            "current_ratio": 582.71,
            "debt_ratio": 12.67,
            "inventory_turnover_ratio": 0.6,
            "account_receivable_turnover_ratio": 1.29,
            "reinvestment_rate": 27.32,
            "research_to_sale_ratio": 3.3,
            "price_fair": 132.72,
            "eps_avg_yearly": 5.43,
            "eps_latest_yearly": 4.4,
            "eps_growth_yearly": 14.43
        },
        "20194": {
            "year_quarter": 20194,
            "year": 2019,
            "quarter": 4,
            "eps": 0.35,
            "eps_growth_year": -66.53,
            "eps_4q": 3.36,
            "eps_4q_growth_year": -47.72,
            "roe": 0.66,
            "roe_4q": 6.14,
            "gross_profit": 91179,
            "gross_margin": 34.5,
            "gross_margin_4q_avg": 32.4,
            "net_income": 15284,
            "net_income_4q": null,
            "revenue": 264318,
            "revenue_4q": null,
            "common_shares": 446629,
            "book_valuer_per_share": 52.92,
            "book_valuer_per_share_4q_avg": 53.31,
            "equity": 2315089,
            "current_ratio": 614.82,
            "debt_ratio": 12.59,
            "inventory_turnover_ratio": 0.53,
            "account_receivable_turnover_ratio": 1.18,
            "reinvestment_rate": 38.32,
            "research_to_sale_ratio": 2.88,
            "price_fair": 87.64,
            "eps_avg_yearly": 5.27,
            "eps_latest_yearly": 1.4,
            "eps_growth_yearly": 6.65
        },
        "20201": {
            "year_quarter": 20201,
            "year": 2020,
            "quarter": 1,
            "eps": 0.4,
            "eps_growth_year": -58.76,
            "eps_4q": 2.76,
            "eps_4q_growth_year": -51.44,
            "roe": 0.75,
            "roe_4q": 5.17,
            "gross_profit": 118358,
            "gross_margin": 36.76,
            "gross_margin_4q_avg": 34.86,
            "net_income": 17435,
            "net_income_4q": null,
            "revenue": 321977,
            "revenue_4q": null,
            "common_shares": 446629,
            "book_valuer_per_share": 52.65,
            "book_valuer_per_share_4q_avg": 52.37,
            "equity": 2304621,
            "current_ratio": 520.74,
            "debt_ratio": 15.59,
            "inventory_turnover_ratio": 0.64,
            "account_receivable_turnover_ratio": 1.42,
            "reinvestment_rate": 46.09,
            "research_to_sale_ratio": 2.62,
            "price_fair": 117.71,
            "eps_avg_yearly": 5.14,
            "eps_latest_yearly": 1.6,
            "eps_growth_yearly": 12.91
        },
        "20202": {
            "year_quarter": 20202,
            "year": 2020,
            "quarter": 2,
            "eps": 1.95,
            "eps_growth_year": 116.67,
            "eps_4q": 3.67,
            "eps_4q_growth_year": -13.8,
            "roe": 3.69,
            "roe_4q": 7.199999999999999,
            "gross_profit": 137742,
            "gross_margin": 39.21,
            "gross_margin_4q_avg": 35.94,
            "net_income": 85547,
            "net_income_4q": null,
            "revenue": 351284,
            "revenue_4q": null,
            "common_shares": 446864,
            "book_valuer_per_share": 52.91,
            "book_valuer_per_share_4q_avg": 52.71,
            "equity": 2334620,
            "current_ratio": 427.59,
            "debt_ratio": 17.44,
            "inventory_turnover_ratio": 0.65,
            "account_receivable_turnover_ratio": 1.39,
            "reinvestment_rate": 50.39,
            "research_to_sale_ratio": 2.67,
            "price_fair": 190.14,
            "eps_avg_yearly": 5.43,
            "eps_latest_yearly": 7.8,
            "eps_growth_yearly": 113.63
        },
        "20203": {
            "year_quarter": 20203,
            "year": 2020,
            "quarter": 3,
            "eps": 0.65,
            "eps_growth_year": -40.91,
            "eps_4q": 3.23,
            "eps_4q_growth_year": -18.6,
            "roe": 1.2,
            "roe_4q": 6.3,
            "gross_profit": 116442,
            "gross_margin": 36.72,
            "gross_margin_4q_avg": 36.8,
            "net_income": 28729,
            "net_income_4q": null,
            "revenue": 317100,
            "revenue_4q": null,
            "common_shares": 451049,
            "book_valuer_per_share": 54.01,
            "book_valuer_per_share_4q_avg": 53.12,
            "equity": 2444543,
            "current_ratio": 564.57,
            "debt_ratio": 15.52,
            "inventory_turnover_ratio": 0.58,
            "account_receivable_turnover_ratio": 1.32,
            "reinvestment_rate": 58.03,
            "research_to_sale_ratio": 2.84,
            "price_fair": 185.59,
            "eps_avg_yearly": 5.3,
            "eps_latest_yearly": 2.6,
            "eps_growth_yearly": 83.98
        },
        "20204": {
            "year_quarter": 20204,
            "year": 2020,
            "quarter": 4,
            "eps": 1.01,
            "eps_growth_year": 190.01,
            "eps_4q": 3.9,
            "eps_4q_growth_year": 16.34,
            "roe": 1.85,
            "roe_4q": 7.49,
            "gross_profit": 110649,
            "gross_margin": 34.16,
            "gross_margin_4q_avg": 36.71,
            "net_income": 45715,
            "net_income_4q": null,
            "revenue": 323961,
            "revenue_4q": null,
            "common_shares": 451691,
            "book_valuer_per_share": 55.17,
            "book_valuer_per_share_4q_avg": 53.69,
            "equity": 2498801,
            "current_ratio": 538.43,
            "debt_ratio": 17.88,
            "inventory_turnover_ratio": 0.6,
            "account_receivable_turnover_ratio": 1.43,
            "reinvestment_rate": 71.29,
            "research_to_sale_ratio": 2.72,
            "price_fair": 183.66,
            "eps_avg_yearly": 5.25,
            "eps_latest_yearly": 4.04,
            "eps_growth_yearly": 96.54
        },
        "20211": {
            "year_quarter": 20211,
            "year": 2021,
            "quarter": 1,
            "eps": 0.65,
            "eps_growth_year": 62.5,
            "eps_4q": 4.17,
            "eps_4q_growth_year": 50.7,
            "roe": 1.18,
            "roe_4q": 7.92,
            "gross_profit": 102823,
            "gross_margin": 30.34,
            "gross_margin_4q_avg": 35.11,
            "net_income": 29722,
            "net_income_4q": null,
            "revenue": 338941,
            "revenue_4q": null,
            "common_shares": 454284,
            "book_valuer_per_share": 55.7,
            "book_valuer_per_share_4q_avg": 54.45,
            "equity": 2535502,
            "current_ratio": 492.75,
            "debt_ratio": 20.13,
            "inventory_turnover_ratio": 0.64,
            "account_receivable_turnover_ratio": 1.36,
            "reinvestment_rate": 78.86,
            "research_to_sale_ratio": 2.51,
            "price_fair": 178.33,
            "eps_avg_yearly": 5.1,
            "eps_latest_yearly": 2.6,
            "eps_growth_yearly": 87.02
        },
        "20212": {
            "year_quarter": 20212,
            "year": 2021,
            "quarter": 2,
            "eps": 0.84,
            "eps_growth_year": -56.92,
            "eps_4q": 3.11,
            "eps_4q_growth_year": -15.33,
            "roe": 1.5,
            "roe_4q": 5.7299999999999995,
            "gross_profit": 112684,
            "gross_margin": 32.8,
            "gross_margin_4q_avg": 33.51,
            "net_income": 38200,
            "net_income_4q": null,
            "revenue": 343506,
            "revenue_4q": null,
            "common_shares": 454504,
            "book_valuer_per_share": 56.47,
            "book_valuer_per_share_4q_avg": 55.34,
            "equity": 2574797,
            "current_ratio": 532.67,
            "debt_ratio": 21.04,
            "inventory_turnover_ratio": 0.59,
            "account_receivable_turnover_ratio": 1.22,
            "reinvestment_rate": 96.68,
            "research_to_sale_ratio": 2.48,
            "price_fair": 173.6,
            "eps_avg_yearly": 4.96,
            "eps_latest_yearly": 3.36,
            "eps_growth_yearly": 91.95
        },
        "20213": {
            "year_quarter": 20213,
            "year": 2021,
            "quarter": 3,
            "eps": 2.1,
            "eps_growth_year": 223.08,
            "eps_4q": 4.66,
            "eps_4q_growth_year": 44.4,
            "roe": 3.75,
            "roe_4q": 8.28,
            "gross_profit": 157261,
            "gross_margin": 34.9,
            "gross_margin_4q_avg": 33.05,
            "net_income": 95190,
            "net_income_4q": null,
            "revenue": 450620,
            "revenue_4q": null,
            "common_shares": 455116,
            "book_valuer_per_share": 55.77,
            "book_valuer_per_share_4q_avg": 55.78,
            "equity": 2498772,
            "current_ratio": 445.47,
            "debt_ratio": 23.8,
            "inventory_turnover_ratio": 0.75,
            "account_receivable_turnover_ratio": 1.42,
            "reinvestment_rate": 128.29,
            "research_to_sale_ratio": 1.75,
            "price_fair": 166.43,
            "eps_avg_yearly": 4.76,
            "eps_latest_yearly": 8.4,
            "eps_growth_yearly": 101.55
        },
        "20214": {
            "year_quarter": 20214,
            "year": 2021,
            "quarter": 4,
            "eps": 2.33,
            "eps_growth_year": 131.5,
            "eps_4q": 5.97,
            "eps_4q_growth_year": 52.99,
            "roe": 4.11,
            "roe_4q": 10.54,
            "gross_profit": 170904,
            "gross_margin": 34.89,
            "gross_margin_4q_avg": 33.23,
            "net_income": 104615,
            "net_income_4q": null,
            "revenue": 489797,
            "revenue_4q": null,
            "common_shares": 455116,
            "book_valuer_per_share": 58.13,
            "book_valuer_per_share_4q_avg": 56.52,
            "equity": 2593037,
            "current_ratio": 392.2,
            "debt_ratio": 25.63,
            "inventory_turnover_ratio": 0.82,
            "account_receivable_turnover_ratio": 1.4,
            "reinvestment_rate": 126.01,
            "research_to_sale_ratio": 2.36,
            "price_fair": 173.6,
            "eps_avg_yearly": 4.96,
            "eps_latest_yearly": 9.32,
            "eps_growth_yearly": 116.36
        },
        "20221": {
            "year_quarter": 20221,
            "year": 2022,
            "quarter": 1,
            "eps": 2.16,
            "eps_growth_year": 232.31,
            "eps_4q": 7.49,
            "eps_4q_growth_year": 79.81,
            "roe": 3.64,
            "roe_4q": 13,
            "gross_profit": 183339,
            "gross_margin": 38.59,
            "gross_margin_4q_avg": 35.3,
            "net_income": 96517,
            "net_income_4q": null,
            "revenue": 475131,
            "revenue_4q": null,
            "common_shares": 455601,
            "book_valuer_per_share": 60.64,
            "book_valuer_per_share_4q_avg": 57.75,
            "equity": 2705595,
            "current_ratio": 418.25,
            "debt_ratio": 25.63,
            "inventory_turnover_ratio": 0.7,
            "account_receivable_turnover_ratio": 1.3,
            "reinvestment_rate": 78.76,
            "research_to_sale_ratio": 2.55,
            "price_fair": 177.01,
            "eps_avg_yearly": 5.06,
            "eps_latest_yearly": 8.64,
            "eps_growth_yearly": 110.23
        },
        "20222": {
            "year_quarter": 20222,
            "year": 2022,
            "quarter": 2,
            "eps": 2.27,
            "eps_growth_year": 170.24,
            "eps_4q": 8.74,
            "eps_4q_growth_year": 181.14,
            "roe": 3.8,
            "roe_4q": 15.3,
            "gross_profit": 181496,
            "gross_margin": 37.9,
            "gross_margin_4q_avg": 36.57,
            "net_income": 102559,
            "net_income_4q": null,
            "revenue": 478889,
            "revenue_4q": null,
            "common_shares": 455601,
            "book_valuer_per_share": 59.19,
            "book_valuer_per_share_4q_avg": 58.43,
            "equity": 2698806,
            "current_ratio": 339.12,
            "debt_ratio": 32.81,
            "inventory_turnover_ratio": 0.63,
            "account_receivable_turnover_ratio": 1.33,
            "reinvestment_rate": 76.37,
            "research_to_sale_ratio": 3.59,
            "price_fair": 177.19,
            "eps_avg_yearly": 5.06,
            "eps_latest_yearly": 9.08,
            "eps_growth_yearly": 104.73
        },
        "20223": {
            "year_quarter": 20223,
            "year": 2022,
            "quarter": 3,
            "eps": 3.64,
            "eps_growth_year": 73.33,
            "eps_4q": 10.29,
            "eps_4q_growth_year": 120.96,
            "roe": 5.96,
            "roe_4q": 17.51,
            "gross_profit": 213757,
            "gross_margin": 40.34,
            "gross_margin_4q_avg": 37.93,
            "net_income": 166057,
            "net_income_4q": null,
            "revenue": 529849,
            "revenue_4q": null,
            "common_shares": 455601,
            "book_valuer_per_share": 62.99,
            "book_valuer_per_share_4q_avg": 60.24,
            "equity": 2871784,
            "current_ratio": 461.21,
            "debt_ratio": 29.18,
            "inventory_turnover_ratio": 0.62,
            "account_receivable_turnover_ratio": 1.41,
            "reinvestment_rate": 75.04,
            "research_to_sale_ratio": 3.54,
            "price_fair": 195.65,
            "eps_avg_yearly": 5.59,
            "eps_latest_yearly": 14.56,
            "eps_growth_yearly": 127.81
        },
        "20224": {
            "year_quarter": 20224,
            "year": 2022,
            "quarter": 4,
            "eps": 1.75,
            "eps_growth_year": -25.15,
            "eps_4q": 9.75,
            "eps_4q_growth_year": 63.17,
            "roe": 2.74,
            "roe_4q": 16.14,
            "gross_profit": 193079,
            "gross_margin": 37.68,
            "gross_margin_4q_avg": 38.63,
            "net_income": 79575,
            "net_income_4q": null,
            "revenue": 512421,
            "revenue_4q": null,
            "common_shares": 455601,
            "book_valuer_per_share": 64.6,
            "book_valuer_per_share_4q_avg": 61.86,
            "equity": 2945074,
            "current_ratio": 397.03,
            "debt_ratio": 30.44,
            "inventory_turnover_ratio": 0.63,
            "account_receivable_turnover_ratio": 1.3,
            "reinvestment_rate": 73.34,
            "research_to_sale_ratio": 3.61,
            "price_fair": 201.86,
            "eps_avg_yearly": 5.77,
            "eps_latest_yearly": 7,
            "eps_growth_yearly": 122.84
        },
        "20231": {
            "year_quarter": 20231,
            "year": 2023,
            "quarter": 1,
            "eps": 1.36,
            "eps_growth_year": -37.04,
            "eps_4q": 8.57,
            "eps_4q_growth_year": 14.4,
            "roe": 2.04,
            "roe_4q": 14.54,
            "gross_profit": 161705,
            "gross_margin": 37.62,
            "gross_margin_4q_avg": 38.39,
            "net_income": 63104,
            "net_income_4q": null,
            "revenue": 429800,
            "revenue_4q": null,
            "common_shares": 479601,
            "book_valuer_per_share": 67.31,
            "book_valuer_per_share_4q_avg": 63.52,
            "equity": 3230473,
            "current_ratio": 448.56,
            "debt_ratio": 27.42,
            "inventory_turnover_ratio": 0.54,
            "account_receivable_turnover_ratio": 1.15,
            "reinvestment_rate": 70.71,
            "research_to_sale_ratio": 4.18,
            "price_fair": 205.28,
            "eps_avg_yearly": 5.87,
            "eps_latest_yearly": 5.44,
            "eps_growth_yearly": 118.95
        },
        "20232": {
            "year_quarter": 20232,
            "year": 2023,
            "quarter": 2,
            "eps": 1.85,
            "eps_growth_year": -18.5,
            "eps_4q": 8.28,
            "eps_4q_growth_year": -5.19,
            "roe": 2.86,
            "roe_4q": 13.600000000000001,
            "gross_profit": 161523,
            "gross_margin": 34.36,
            "gross_margin_4q_avg": 37.5,
            "net_income": 88723,
            "net_income_4q": null,
            "revenue": 470052,
            "revenue_4q": null,
            "common_shares": 479601,
            "book_valuer_per_share": 61.85,
            "book_valuer_per_share_4q_avg": 64.19,
            "equity": 2967929,
            "current_ratio": 266.61,
            "debt_ratio": 34.07,
            "inventory_turnover_ratio": 0.62,
            "account_receivable_turnover_ratio": 1.38,
            "reinvestment_rate": 66.3,
            "research_to_sale_ratio": 3.73,
            "price_fair": 213.59,
            "eps_avg_yearly": 6.1,
            "eps_latest_yearly": 7.4,
            "eps_growth_yearly": 129.76
        }
    },
    "months": {
        "2003-10": {
            "month": "2003-10",
            "price": "27.15",
            "revenue": 28039
        },
        "2003-11": {
            "month": "2003-11",
            "price": "28.10",
            "revenue": 25891
        },
        "2003-12": {
            "month": "2003-12",
            "price": "28.00",
            "revenue": 37883
        },
        "2004-01": {
            "month": "2004-01",
            "price": "28.00",
            "revenue": 27319
        },
        "2004-02": {
            "month": "2004-02",
            "price": "31.12",
            "revenue": 40561
        },
        "2004-03": {
            "month": "2004-03",
            "price": "34.43",
            "revenue": 46731
        },
        "2004-04": {
            "month": "2004-04",
            "price": "37.72",
            "revenue": 52977
        },
        "2004-05": {
            "month": "2004-05",
            "price": "37.02",
            "revenue": 61916
        },
        "2004-06": {
            "month": "2004-06",
            "price": "27.10",
            "revenue": 54435
        },
        "2004-07": {
            "month": "2004-07",
            "price": "25.51",
            "revenue": 37102
        },
        "2004-08": {
            "month": "2004-08",
            "price": "22.93",
            "revenue": 79820
        },
        "2004-09": {
            "month": "2004-09",
            "price": "23.61",
            "revenue": 58546
        },
        "2004-10": {
            "month": "2004-10",
            "price": "23.88",
            "revenue": 53679
        },
        "2004-11": {
            "month": "2004-11",
            "price": "23.25",
            "revenue": 62540
        },
        "2004-12": {
            "month": "2004-12",
            "price": "22.75",
            "revenue": 38597
        },
        "2005-01": {
            "month": "2005-01",
            "price": "22.43",
            "revenue": 44817
        },
        "2005-02": {
            "month": "2005-02",
            "price": "22.65",
            "revenue": 59933
        },
        "2005-03": {
            "month": "2005-03",
            "price": "26.10",
            "revenue": 37687
        },
        "2005-04": {
            "month": "2005-04",
            "price": "23.70",
            "revenue": 41725
        },
        "2005-05": {
            "month": "2005-05",
            "price": "22.59",
            "revenue": 74810
        },
        "2005-06": {
            "month": "2005-06",
            "price": "23.95",
            "revenue": 64706
        },
        "2005-07": {
            "month": "2005-07",
            "price": "21.88",
            "revenue": 59729
        },
        "2005-08": {
            "month": "2005-08",
            "price": "20.99",
            "revenue": 34575
        },
        "2005-09": {
            "month": "2005-09",
            "price": "18.73",
            "revenue": 50721
        },
        "2005-10": {
            "month": "2005-10",
            "price": "17.47",
            "revenue": 57765
        },
        "2005-11": {
            "month": "2005-11",
            "price": "19.39",
            "revenue": 43669
        },
        "2005-12": {
            "month": "2005-12",
            "price": "20.20",
            "revenue": 44841
        },
        "2006-01": {
            "month": "2006-01",
            "price": "19.85",
            "revenue": 32087
        },
        "2006-02": {
            "month": "2006-02",
            "price": "19.47",
            "revenue": 38563
        },
        "2006-03": {
            "month": "2006-03",
            "price": "20.06",
            "revenue": 40548
        },
        "2006-04": {
            "month": "2006-04",
            "price": "24.52",
            "revenue": 43242
        },
        "2006-05": {
            "month": "2006-05",
            "price": "37.85",
            "revenue": 54964
        },
        "2006-06": {
            "month": "2006-06",
            "price": "25.57",
            "revenue": 47044
        },
        "2006-07": {
            "month": "2006-07",
            "price": "23.74",
            "revenue": 56870
        },
        "2006-08": {
            "month": "2006-08",
            "price": "22.21",
            "revenue": 49783
        },
        "2006-09": {
            "month": "2006-09",
            "price": "24.62",
            "revenue": 44411
        },
        "2006-10": {
            "month": "2006-10",
            "price": "24.18",
            "revenue": 44486
        },
        "2006-11": {
            "month": "2006-11",
            "price": "25.46",
            "revenue": 56348
        },
        "2006-12": {
            "month": "2006-12",
            "price": "34.75",
            "revenue": 66169
        },
        "2007-01": {
            "month": "2007-01",
            "price": "34.36",
            "revenue": 55022
        },
        "2007-02": {
            "month": "2007-02",
            "price": "32.05",
            "revenue": 52399
        },
        "2007-03": {
            "month": "2007-03",
            "price": "35.03",
            "revenue": 54671
        },
        "2007-04": {
            "month": "2007-04",
            "price": "35.80",
            "revenue": 69041
        },
        "2007-05": {
            "month": "2007-05",
            "price": "34.87",
            "revenue": 58788
        },
        "2007-06": {
            "month": "2007-06",
            "price": "37.92",
            "revenue": 55163
        },
        "2007-07": {
            "month": "2007-07",
            "price": "44.15",
            "revenue": 53192
        },
        "2007-08": {
            "month": "2007-08",
            "price": "38.98",
            "revenue": 52563
        },
        "2007-09": {
            "month": "2007-09",
            "price": "39.60",
            "revenue": 47014
        },
        "2007-10": {
            "month": "2007-10",
            "price": "37.84",
            "revenue": 62327
        },
        "2007-11": {
            "month": "2007-11",
            "price": "31.87",
            "revenue": 55016
        },
        "2007-12": {
            "month": "2007-12",
            "price": "30.56",
            "revenue": 64244
        },
        "2008-01": {
            "month": "2008-01",
            "price": "29.42",
            "revenue": 68190
        },
        "2008-02": {
            "month": "2008-02",
            "price": "30.39",
            "revenue": 53016
        },
        "2008-03": {
            "month": "2008-03",
            "price": "29.78",
            "revenue": 63769
        },
        "2008-04": {
            "month": "2008-04",
            "price": "30.90",
            "revenue": 71752
        },
        "2008-05": {
            "month": "2008-05",
            "price": "34.54",
            "revenue": 96428
        },
        "2008-06": {
            "month": "2008-06",
            "price": "33.72",
            "revenue": 119523
        },
        "2008-07": {
            "month": "2008-07",
            "price": "32.10",
            "revenue": 76957
        },
        "2008-08": {
            "month": "2008-08",
            "price": "31.60",
            "revenue": 69905
        },
        "2008-09": {
            "month": "2008-09",
            "price": "24.45",
            "revenue": 75336
        },
        "2008-10": {
            "month": "2008-10",
            "price": "21.73",
            "revenue": 84966
        },
        "2008-11": {
            "month": "2008-11",
            "price": "20.26",
            "revenue": 41856
        },
        "2008-12": {
            "month": "2008-12",
            "price": "15.74",
            "revenue": 29606
        },
        "2009-01": {
            "month": "2009-01",
            "price": "14.44",
            "revenue": 50067
        },
        "2009-02": {
            "month": "2009-02",
            "price": "14.44",
            "revenue": 42696
        },
        "2009-03": {
            "month": "2009-03",
            "price": "16.90",
            "revenue": 34635
        },
        "2009-04": {
            "month": "2009-04",
            "price": "18.33",
            "revenue": 45239
        },
        "2009-05": {
            "month": "2009-05",
            "price": "18.80",
            "revenue": 52056
        },
        "2009-06": {
            "month": "2009-06",
            "price": "20.23",
            "revenue": 70833
        },
        "2009-07": {
            "month": "2009-07",
            "price": "18.83",
            "revenue": 48969
        },
        "2009-08": {
            "month": "2009-08",
            "price": "18.05",
            "revenue": 57995
        },
        "2009-09": {
            "month": "2009-09",
            "price": "18.74",
            "revenue": 65532
        },
        "2009-10": {
            "month": "2009-10",
            "price": "22.23",
            "revenue": 71683
        },
        "2009-11": {
            "month": "2009-11",
            "price": "27.90",
            "revenue": 72424
        },
        "2009-12": {
            "month": "2009-12",
            "price": "30.33",
            "revenue": 67973
        },
        "2010-01": {
            "month": "2010-01",
            "price": "31.84",
            "revenue": 71968
        },
        "2010-02": {
            "month": "2010-02",
            "price": "31.18",
            "revenue": 66541
        },
        "2010-03": {
            "month": "2010-03",
            "price": "34.67",
            "revenue": 79309
        },
        "2010-04": {
            "month": "2010-04",
            "price": "40.73",
            "revenue": 91671
        },
        "2010-05": {
            "month": "2010-05",
            "price": "43.49",
            "revenue": 100293
        },
        "2010-06": {
            "month": "2010-06",
            "price": "42.26",
            "revenue": 104529
        },
        "2010-07": {
            "month": "2010-07",
            "price": "47.35",
            "revenue": 116441
        },
        "2010-08": {
            "month": "2010-08",
            "price": "49.83",
            "revenue": 127384
        },
        "2010-09": {
            "month": "2010-09",
            "price": "53.12",
            "revenue": 130820
        },
        "2010-10": {
            "month": "2010-10",
            "price": "53.57",
            "revenue": 128700
        },
        "2010-11": {
            "month": "2010-11",
            "price": "55.84",
            "revenue": 111791
        },
        "2010-12": {
            "month": "2010-12",
            "price": "64.90",
            "revenue": 111991
        },
        "2011-01": {
            "month": "2011-01",
            "price": "63.96",
            "revenue": 105036
        },
        "2011-02": {
            "month": "2011-02",
            "price": "64.67",
            "revenue": 88416
        },
        "2011-03": {
            "month": "2011-03",
            "price": "63.64",
            "revenue": 135801
        },
        "2011-04": {
            "month": "2011-04",
            "price": "65.14",
            "revenue": 121653
        },
        "2011-05": {
            "month": "2011-05",
            "price": "70.80",
            "revenue": 103853
        },
        "2011-06": {
            "month": "2011-06",
            "price": "67.95",
            "revenue": 117256
        },
        "2011-07": {
            "month": "2011-07",
            "price": "60.88",
            "revenue": 134921
        },
        "2011-08": {
            "month": "2011-08",
            "price": "55.42",
            "revenue": 128621
        },
        "2011-09": {
            "month": "2011-09",
            "price": "55.58",
            "revenue": 102095
        },
        "2011-10": {
            "month": "2011-10",
            "price": "52.56",
            "revenue": 93485
        },
        "2011-11": {
            "month": "2011-11",
            "price": "50.36",
            "revenue": 103313
        },
        "2011-12": {
            "month": "2011-12",
            "price": "46.75",
            "revenue": 104764
        },
        "2012-01": {
            "month": "2012-01",
            "price": "50.67",
            "revenue": 100592
        },
        "2012-02": {
            "month": "2012-02",
            "price": "64.21",
            "revenue": 120437
        },
        "2012-03": {
            "month": "2012-03",
            "price": "70.45",
            "revenue": 108502
        },
        "2012-04": {
            "month": "2012-04",
            "price": "64.18",
            "revenue": 110226
        },
        "2012-05": {
            "month": "2012-05",
            "price": "61.84",
            "revenue": 124465
        },
        "2012-06": {
            "month": "2012-06",
            "price": "57.73",
            "revenue": 152007
        },
        "2012-07": {
            "month": "2012-07",
            "price": "63.07",
            "revenue": 117796
        },
        "2012-08": {
            "month": "2012-08",
            "price": "65.16",
            "revenue": 110113
        },
        "2012-09": {
            "month": "2012-09",
            "price": "66.91",
            "revenue": 91983
        },
        "2012-10": {
            "month": "2012-10",
            "price": "62.28",
            "revenue": 93578
        },
        "2012-11": {
            "month": "2012-11",
            "price": "62.15",
            "revenue": 83837
        },
        "2012-12": {
            "month": "2012-12",
            "price": "62.54",
            "revenue": 81505
        },
        "2013-01": {
            "month": "2013-01",
            "price": "64.28",
            "revenue": 112937
        },
        "2013-02": {
            "month": "2013-02",
            "price": "69.50",
            "revenue": 88857
        },
        "2013-03": {
            "month": "2013-03",
            "price": "69.47",
            "revenue": 95114
        },
        "2013-04": {
            "month": "2013-04",
            "price": "67.78",
            "revenue": 92819
        },
        "2013-05": {
            "month": "2013-05",
            "price": "62.60",
            "revenue": 133866
        },
        "2013-06": {
            "month": "2013-06",
            "price": "59.69",
            "revenue": 104457
        },
        "2013-07": {
            "month": "2013-07",
            "price": "58.69",
            "revenue": 106973
        },
        "2013-08": {
            "month": "2013-08",
            "price": "50.10",
            "revenue": 113637
        },
        "2013-09": {
            "month": "2013-09",
            "price": "52.74",
            "revenue": 95258
        },
        "2013-10": {
            "month": "2013-10",
            "price": "53.93",
            "revenue": 101147
        },
        "2013-11": {
            "month": "2013-11",
            "price": "54.62",
            "revenue": 97219
        },
        "2013-12": {
            "month": "2013-12",
            "price": "56.04",
            "revenue": 97464
        },
        "2014-01": {
            "month": "2014-01",
            "price": "56.59",
            "revenue": 99915
        },
        "2014-02": {
            "month": "2014-02",
            "price": "55.85",
            "revenue": 79522
        },
        "2014-03": {
            "month": "2014-03",
            "price": "55.09",
            "revenue": 104569
        },
        "2014-04": {
            "month": "2014-04",
            "price": "55.52",
            "revenue": 100008
        },
        "2014-05": {
            "month": "2014-05",
            "price": "53.18",
            "revenue": 108352
        },
        "2014-06": {
            "month": "2014-06",
            "price": "53.40",
            "revenue": 118929
        },
        "2014-07": {
            "month": "2014-07",
            "price": "53.54",
            "revenue": 119807
        },
        "2014-08": {
            "month": "2014-08",
            "price": "51.01",
            "revenue": 121179
        },
        "2014-09": {
            "month": "2014-09",
            "price": "50.96",
            "revenue": 101018
        },
        "2014-10": {
            "month": "2014-10",
            "price": "48.48",
            "revenue": 130109
        },
        "2014-11": {
            "month": "2014-11",
            "price": "49.84",
            "revenue": 116223
        },
        "2014-12": {
            "month": "2014-12",
            "price": "52.10",
            "revenue": 94490
        },
        "2015-01": {
            "month": "2015-01",
            "price": "51.58",
            "revenue": 97011
        },
        "2015-02": {
            "month": "2015-02",
            "price": "55.19",
            "revenue": 163527
        },
        "2015-03": {
            "month": "2015-03",
            "price": "63.78",
            "revenue": 181235
        },
        "2015-04": {
            "month": "2015-04",
            "price": "68.48",
            "revenue": 118727
        },
        "2015-05": {
            "month": "2015-05",
            "price": "72.22",
            "revenue": 191391
        },
        "2015-06": {
            "month": "2015-06",
            "price": "75.57",
            "revenue": 259079
        },
        "2015-07": {
            "month": "2015-07",
            "price": "70.24",
            "revenue": 172894
        },
        "2015-08": {
            "month": "2015-08",
            "price": "52.42",
            "revenue": 246953
        },
        "2015-09": {
            "month": "2015-09",
            "price": "58.43",
            "revenue": 176026
        },
        "2015-10": {
            "month": "2015-10",
            "price": "59.18",
            "revenue": 227635
        },
        "2015-11": {
            "month": "2015-11",
            "price": "61.69",
            "revenue": 380606
        },
        "2015-12": {
            "month": "2015-12",
            "price": "65.99",
            "revenue": 334382
        },
        "2016-01": {
            "month": "2016-01",
            "price": "58.21",
            "revenue": 244276
        },
        "2016-02": {
            "month": "2016-02",
            "price": "60.88",
            "revenue": 202672
        },
        "2016-03": {
            "month": "2016-03",
            "price": "62.70",
            "revenue": 170234
        },
        "2016-04": {
            "month": "2016-04",
            "price": "55.28",
            "revenue": 162134
        },
        "2016-05": {
            "month": "2016-05",
            "price": "49.99",
            "revenue": 200673
        },
        "2016-06": {
            "month": "2016-06",
            "price": "51.10",
            "revenue": 229056
        },
        "2016-07": {
            "month": "2016-07",
            "price": "52.63",
            "revenue": 188969
        },
        "2016-08": {
            "month": "2016-08",
            "price": "51.68",
            "revenue": 161795
        },
        "2016-09": {
            "month": "2016-09",
            "price": "55.83",
            "revenue": 256751
        },
        "2016-10": {
            "month": "2016-10",
            "price": "61.20",
            "revenue": 186010
        },
        "2016-11": {
            "month": "2016-11",
            "price": "57.01",
            "revenue": 176363
        },
        "2016-12": {
            "month": "2016-12",
            "price": "54.26",
            "revenue": 180382
        },
        "2017-01": {
            "month": "2017-01",
            "price": "53.65",
            "revenue": 183089
        },
        "2017-02": {
            "month": "2017-02",
            "price": "52.98",
            "revenue": 171857
        },
        "2017-03": {
            "month": "2017-03",
            "price": "56.04",
            "revenue": 186832
        },
        "2017-04": {
            "month": "2017-04",
            "price": "57.33",
            "revenue": 208954
        },
        "2017-05": {
            "month": "2017-05",
            "price": "61.30",
            "revenue": 201404
        },
        "2017-06": {
            "month": "2017-06",
            "price": "67.77",
            "revenue": 163555
        },
        "2017-07": {
            "month": "2017-07",
            "price": "66.66",
            "revenue": 175062
        },
        "2017-08": {
            "month": "2017-08",
            "price": "69.26",
            "revenue": 126114
        },
        "2017-09": {
            "month": "2017-09",
            "price": "69.85",
            "revenue": 107889
        },
        "2017-10": {
            "month": "2017-10",
            "price": "82.46",
            "revenue": 101679
        },
        "2017-11": {
            "month": "2017-11",
            "price": "95.70",
            "revenue": 129797
        },
        "2017-12": {
            "month": "2017-12",
            "price": "111.05",
            "revenue": 117220
        },
        "2018-01": {
            "month": "2018-01",
            "price": "124.64",
            "revenue": 132875
        },
        "2018-02": {
            "month": "2018-02",
            "price": "111.04",
            "revenue": 99263
        },
        "2018-03": {
            "month": "2018-03",
            "price": "114.89",
            "revenue": 135393
        },
        "2018-04": {
            "month": "2018-04",
            "price": "116.97",
            "revenue": 121034
        },
        "2018-05": {
            "month": "2018-05",
            "price": "113.64",
            "revenue": 146109
        },
        "2018-06": {
            "month": "2018-06",
            "price": "120.15",
            "revenue": 146842
        },
        "2018-07": {
            "month": "2018-07",
            "price": "113.05",
            "revenue": 143374
        },
        "2018-08": {
            "month": "2018-08",
            "price": "115.65",
            "revenue": 140565
        },
        "2018-09": {
            "month": "2018-09",
            "price": "106.50",
            "revenue": 138503
        },
        "2018-10": {
            "month": "2018-10",
            "price": "82.65",
            "revenue": 139803
        },
        "2018-11": {
            "month": "2018-11",
            "price": "75.11",
            "revenue": 118644
        },
        "2018-12": {
            "month": "2018-12",
            "price": "73.92",
            "revenue": 110367
        },
        "2019-01": {
            "month": "2019-01",
            "price": "70.90",
            "revenue": 102715
        },
        "2019-02": {
            "month": "2019-02",
            "price": "75.76",
            "revenue": 90938
        },
        "2019-03": {
            "month": "2019-03",
            "price": "78.97",
            "revenue": 145863
        },
        "2019-04": {
            "month": "2019-04",
            "price": "80.84",
            "revenue": 112277
        },
        "2019-05": {
            "month": "2019-05",
            "price": "78.48",
            "revenue": 105600
        },
        "2019-06": {
            "month": "2019-06",
            "price": "69.63",
            "revenue": 90380
        },
        "2019-07": {
            "month": "2019-07",
            "price": "72.43",
            "revenue": 105939
        },
        "2019-08": {
            "month": "2019-08",
            "price": "61.75",
            "revenue": 94893
        },
        "2019-09": {
            "month": "2019-09",
            "price": "59.45",
            "revenue": 88957
        },
        "2019-10": {
            "month": "2019-10",
            "price": "56.14",
            "revenue": 86700
        },
        "2019-11": {
            "month": "2019-11",
            "price": "60.64",
            "revenue": 89010
        },
        "2019-12": {
            "month": "2019-12",
            "price": "64.13",
            "revenue": 88608
        },
        "2020-01": {
            "month": "2020-01",
            "price": "62.78",
            "revenue": 105236
        },
        "2020-02": {
            "month": "2020-02",
            "price": "61.18",
            "revenue": 92309
        },
        "2020-03": {
            "month": "2020-03",
            "price": "51.51",
            "revenue": 124432
        },
        "2020-04": {
            "month": "2020-04",
            "price": "47.65",
            "revenue": 111427
        },
        "2020-05": {
            "month": "2020-05",
            "price": "55.66",
            "revenue": 124084
        },
        "2020-06": {
            "month": "2020-06",
            "price": "58.36",
            "revenue": 115773
        },
        "2020-07": {
            "month": "2020-07",
            "price": "72.41",
            "revenue": 115861
        },
        "2020-08": {
            "month": "2020-08",
            "price": "76.95",
            "revenue": 97306
        },
        "2020-09": {
            "month": "2020-09",
            "price": "70.99",
            "revenue": 103933
        },
        "2020-10": {
            "month": "2020-10",
            "price": "68.51",
            "revenue": 100721
        },
        "2020-11": {
            "month": "2020-11",
            "price": "69.23",
            "revenue": 105123
        },
        "2020-12": {
            "month": "2020-12",
            "price": "71.44",
            "revenue": 118118
        },
        "2021-01": {
            "month": "2021-01",
            "price": "70.96",
            "revenue": 115769
        },
        "2021-02": {
            "month": "2021-02",
            "price": "70.03",
            "revenue": 90663
        },
        "2021-03": {
            "month": "2021-03",
            "price": "68.85",
            "revenue": 132509
        },
        "2021-04": {
            "month": "2021-04",
            "price": "74.02",
            "revenue": 108519
        },
        "2021-05": {
            "month": "2021-05",
            "price": "63.32",
            "revenue": 127297
        },
        "2021-06": {
            "month": "2021-06",
            "price": "62.70",
            "revenue": 107690
        },
        "2021-07": {
            "month": "2021-07",
            "price": "61.74",
            "revenue": 148718
        },
        "2021-08": {
            "month": "2021-08",
            "price": "62.45",
            "revenue": 155707
        },
        "2021-09": {
            "month": "2021-09",
            "price": "67.32",
            "revenue": 146195
        },
        "2021-10": {
            "month": "2021-10",
            "price": "65.88",
            "revenue": 157961
        },
        "2021-11": {
            "month": "2021-11",
            "price": "72.65",
            "revenue": 153484
        },
        "2021-12": {
            "month": "2021-12",
            "price": "71.91",
            "revenue": 178352
        },
        "2022-01": {
            "month": "2022-01",
            "price": "81.59",
            "revenue": 176875
        },
        "2022-02": {
            "month": "2022-02",
            "price": "84.47",
            "revenue": 138539
        },
        "2022-03": {
            "month": "2022-03",
            "price": "90.07",
            "revenue": 159717
        },
        "2022-04": {
            "month": "2022-04",
            "price": "80.34",
            "revenue": 168025
        },
        "2022-05": {
            "month": "2022-05",
            "price": "83.91",
            "revenue": 142028
        },
        "2022-06": {
            "month": "2022-06",
            "price": "78.93",
            "revenue": 168836
        },
        "2022-07": {
            "month": "2022-07",
            "price": "70.23",
            "revenue": 175970
        },
        "2022-08": {
            "month": "2022-08",
            "price": "77.46",
            "revenue": 179940
        },
        "2022-09": {
            "month": "2022-09",
            "price": "80.82",
            "revenue": 173939
        },
        "2022-10": {
            "month": "2022-10",
            "price": "71.78",
            "revenue": 168151
        },
        "2022-11": {
            "month": "2022-11",
            "price": "78.16",
            "revenue": 177049
        },
        "2022-12": {
            "month": "2022-12",
            "price": "88.95",
            "revenue": 167221
        },
        "2023-01": {
            "month": "2023-01",
            "price": "87.12",
            "revenue": 127909
        },
        "2023-02": {
            "month": "2023-02",
            "price": "90.36",
            "revenue": 147465
        },
        "2023-03": {
            "month": "2023-03",
            "price": "88.89",
            "revenue": 154426
        },
        "2023-04": {
            "month": "2023-04",
            "price": "100.14",
            "revenue": 139189
        },
        "2023-05": {
            "month": "2023-05",
            "price": "96.04",
            "revenue": 169186
        },
        "2023-06": {
            "month": "2023-06",
            "price": "97.55",
            "revenue": 161677
        },
        "2023-07": {
            "month": "2023-07",
            "price": "93.40",
            "revenue": 154213
        },
        "2023-08": {
            "month": "2023-08",
            "price": "87.62",
            "revenue": 148902
        },
        "2023-09": {
            "month": "2023-09",
            "price": "87.26",
            "revenue": 137670
        }
    }
}
