{
    "summary": {
        "stock_name": "建暐",
        "stock_id": "8092",
        "category": "其他電子",
        "main_business": "工具機、治具磨床、數控立式磨床及儀器設計製造銷售<br>IC封裝模具兼精密零組件設計製造",
        "website_url": "http://www.chienwei.com",
        "ceo": "李聰林",
        "pe_ratio": 100,
        "report_year_from": 2001,
        "report_year_to": 2023,
        "age": 22,
        "eps_negative_percentage": 48,
        "eps_growth_avg": {
            "last_all": -51.08,
            "last_2y": null,
            "last_4y": -100,
            "last_8y": -100,
            "last_12y": -56.31,
            "last_16y": -54.65,
            "last_20y": null,
            "at_2006_last_3y": null,
            "at_2007_last_3y": -44.55,
            "at_2008_last_3y": -56.55,
            "at_2009_last_3y": -50.52,
            "at_2010_last_3y": -100,
            "at_2011_last_3y": -61.54,
            "at_2012_last_3y": 9.23,
            "at_2013_last_3y": -27.18,
            "at_2014_last_3y": -27.18,
            "at_2015_last_3y": -40,
            "at_2016_last_3y": -100,
            "at_2017_last_3y": -100,
            "at_2018_last_3y": -100,
            "at_2019_last_3y": -100,
            "at_2020_last_3y": -100,
            "at_2021_last_3y": -100,
            "at_2022_last_3y": -100,
            "at_2023_last_3y": -100,
            "at_2006_last_all": -26.07,
            "at_2007_last_all": -44.55,
            "at_2008_last_all": -44.55,
            "at_2009_last_all": -44.55,
            "at_2010_last_all": -44.55,
            "at_2011_last_all": -47.95,
            "at_2012_last_all": -26.63,
            "at_2013_last_all": -37.11,
            "at_2014_last_all": -37.11,
            "at_2015_last_all": -44.97,
            "at_2016_last_all": -44.97,
            "at_2017_last_all": -44.97,
            "at_2018_last_all": -44.97,
            "at_2019_last_all": -51.08,
            "at_2020_last_all": -51.08,
            "at_2021_last_all": -51.08,
            "at_2022_last_all": -51.08,
            "at_2023_last_all": -51.08
        },
        "latest_eps": 0.13,
        "latest_price": 13.6,
        "latest_roe": 1.75,
        "latest_gross_margin": 18.61,
        "latest_equity": 321597,
        "latest_revenue": 99998,
        "latest_gross_profit": 18607,
        "latest_net_income": 823,
        "latest_debt_ratio": 59.25,
        "latest_current_ratio": 121.58,
        "latest_account_receivable_turnover_ratio": 0.97,
        "latest_inventory_turnover_ratio": 0.31,
        "latest_reinvestment_rate": null,
        "latest_research_to_sale_ratio": 0.72
    },
    "eps_dividends": {
        "2001": {
            "cash": 0,
            "stock": 0,
            "eps": 0
        },
        "2002": {
            "cash": 0,
            "stock": 1.5,
            "eps": 0
        },
        "2003": {
            "cash": 0,
            "stock": 1.5,
            "eps": 3.38
        },
        "2004": {
            "cash": 1,
            "stock": 1.5,
            "eps": 3.09
        },
        "2005": {
            "cash": 0.99,
            "stock": 0.99,
            "eps": 0.97
        },
        "2006": {
            "cash": 0.6,
            "stock": 0,
            "eps": 0.96
        },
        "2007": {
            "cash": 0.4,
            "stock": 0,
            "eps": -0.56
        },
        "2008": {
            "cash": 0,
            "stock": 0,
            "eps": -0.98
        },
        "2009": {
            "cash": 0,
            "stock": 0,
            "eps": -0.96
        },
        "2010": {
            "cash": 0,
            "stock": 0,
            "eps": 0.26
        },
        "2011": {
            "cash": 0,
            "stock": 0,
            "eps": 0.1
        },
        "2012": {
            "cash": 0,
            "stock": 0,
            "eps": 0.18
        },
        "2013": {
            "cash": 0,
            "stock": 0,
            "eps": -0.01
        },
        "2014": {
            "cash": 0,
            "stock": 0,
            "eps": 0.11
        },
        "2015": {
            "cash": 0,
            "stock": 0,
            "eps": -0.74
        },
        "2016": {
            "cash": 0,
            "stock": 0,
            "eps": -0.57
        },
        "2017": {
            "cash": 0,
            "stock": 0,
            "eps": -0.61
        },
        "2018": {
            "cash": 0,
            "stock": 0,
            "eps": 0.03
        },
        "2019": {
            "cash": 0,
            "stock": 0,
            "eps": -0.9
        },
        "2020": {
            "cash": 0,
            "stock": 0,
            "eps": -0.49
        },
        "2021": {
            "cash": 0,
            "stock": 0,
            "eps": -0.58
        },
        "2022": {
            "cash": 0,
            "stock": 0,
            "eps": 0.14
        },
        "2023": {
            "cash": 0,
            "stock": 0,
            "eps": 0.02
        }
    },
    "dividends": {
        "2002-05-02": {
            "cash": 0,
            "stock": 1.5
        },
        "2003-05-20": {
            "cash": 0,
            "stock": 1.5
        },
        "2004-03-09": {
            "cash": 1,
            "stock": 1.5
        },
        "2005-03-16": {
            "cash": 0.99,
            "stock": 0.99
        },
        "2006-03-24": {
            "cash": 0.6,
            "stock": 0
        },
        "2007-03-30": {
            "cash": 0.4,
            "stock": 0
        }
    },
    "prices": {
        "200101": "無",
        "200102": "無",
        "200103": "無",
        "200104": "無",
        "200105": "無",
        "200106": "無",
        "200107": "無",
        "200108": "無",
        "200109": "無",
        "200110": "無",
        "200111": "無",
        "200112": "無",
        "200201": "無",
        "200202": "無",
        "200203": "無",
        "200204": "無",
        "200205": "無",
        "200206": "無",
        "200207": "無",
        "200208": "無",
        "200209": "無",
        "200210": "無",
        "200211": "無",
        "200212": "無",
        "200301": "無",
        "200302": "無",
        "200303": "無",
        "200304": "無",
        "200305": "無",
        "200306": "無",
        "200307": "無",
        "200308": "無",
        "200309": "無",
        "200310": "28.44",
        "200311": "31.10",
        "200312": "32.10",
        "200401": "38.12",
        "200402": "37.28",
        "200403": "39.22",
        "200404": "39.29",
        "200405": "36.16",
        "200406": "34.59",
        "200407": "30.13",
        "200408": "28.32",
        "200409": "26.56",
        "200410": "27.14",
        "200411": "28.06",
        "200412": "24.93",
        "200501": "25.04",
        "200502": "26.59",
        "200503": "26.60",
        "200504": "25.40",
        "200505": "23.52",
        "200506": "23.87",
        "200507": "25.10",
        "200508": "23.82",
        "200509": "23.47",
        "200510": "21.16",
        "200511": "19.70",
        "200512": "21.27",
        "200601": "20.22",
        "200602": "21.81",
        "200603": "19.83",
        "200604": "19.51",
        "200605": "19.23",
        "200606": "17.15",
        "200607": "16.40",
        "200608": "15.65",
        "200609": "14.38",
        "200610": "14.53",
        "200611": "15.20",
        "200612": "17.43",
        "200701": "18.93",
        "200702": "17.15",
        "200703": "16.69",
        "200704": "17.28",
        "200705": "18.10",
        "200706": "18.45",
        "200707": "18.70",
        "200708": "16.78",
        "200709": "15.93",
        "200710": "15.86",
        "200711": "13.85",
        "200712": "12.89",
        "200801": "11.64",
        "200802": "11.54",
        "200803": "12.59",
        "200804": "12.66",
        "200805": "11.76",
        "200806": "11.29",
        "200807": "10.16",
        "200808": "10.10",
        "200809": "9.16",
        "200810": "7.75",
        "200811": "6.95",
        "200812": "6.89",
        "200901": "6.07",
        "200902": "6.71",
        "200903": "8.09",
        "200904": "9.23",
        "200905": "9.71",
        "200906": "9.21",
        "200907": "9.57",
        "200908": "9.12",
        "200909": "8.82",
        "200910": "9.86",
        "200911": "9.69",
        "200912": "11.11",
        "201001": "15.09",
        "201002": "11.94",
        "201003": "13.69",
        "201004": "14.74",
        "201005": "13.06",
        "201006": "13.40",
        "201007": "13.74",
        "201008": "13.79",
        "201009": "13.25",
        "201010": "12.46",
        "201011": "12.35",
        "201012": "13.12",
        "201101": "12.94",
        "201102": "12.28",
        "201103": "12.27",
        "201104": "12.26",
        "201105": "12.34",
        "201106": "12.36",
        "201107": "12.35",
        "201108": "10.83",
        "201109": "11.90",
        "201110": "10.90",
        "201111": "9.76",
        "201112": "8.24",
        "201201": "7.97",
        "201202": "9.70",
        "201203": "10.99",
        "201204": "10.62",
        "201205": "10.22",
        "201206": "9.94",
        "201207": "9.86",
        "201208": "9.88",
        "201209": "9.86",
        "201210": "9.83",
        "201211": "9.25",
        "201212": "9.77",
        "201301": "9.87",
        "201302": "9.64",
        "201303": "9.47",
        "201304": "10.10",
        "201305": "10.35",
        "201306": "11.40",
        "201307": "10.42",
        "201308": "9.92",
        "201309": "9.82",
        "201310": "9.67",
        "201311": "10.62",
        "201312": "15.45",
        "201401": "23.31",
        "201402": "25.92",
        "201403": "24.70",
        "201404": "24.10",
        "201405": "19.15",
        "201406": "20.44",
        "201407": "18.80",
        "201408": "15.16",
        "201409": "15.16",
        "201410": "15.27",
        "201411": "13.40",
        "201412": "13.55",
        "201501": "13.66",
        "201502": "13.55",
        "201503": "14.76",
        "201504": "16.63",
        "201505": "14.94",
        "201506": "12.61",
        "201507": "11.49",
        "201508": "10.84",
        "201509": "9.85",
        "201510": "8.88",
        "201511": "7.95",
        "201512": "7.30",
        "201601": "7.36",
        "201602": "7.66",
        "201603": "8.16",
        "201604": "7.83",
        "201605": "7.43",
        "201606": "7.61",
        "201607": "9.02",
        "201608": "9.01",
        "201609": "8.91",
        "201610": "7.96",
        "201611": "8.03",
        "201612": "7.87",
        "201701": "7.37",
        "201702": "7.61",
        "201703": "8.63",
        "201704": "8.73",
        "201705": "8.46",
        "201706": "8.59",
        "201707": "8.37",
        "201708": "8.09",
        "201709": "8.04",
        "201710": "8.73",
        "201711": "8.34",
        "201712": "7.85",
        "201801": "8.04",
        "201802": "7.77",
        "201803": "8.33",
        "201804": "10.30",
        "201805": "10.06",
        "201806": "11.98",
        "201807": "11.77",
        "201808": "11.08",
        "201809": "10.06",
        "201810": "9.39",
        "201811": "9.05",
        "201812": "9.46",
        "201901": "9.41",
        "201902": "9.14",
        "201903": "9.57",
        "201904": "9.91",
        "201905": "9.25",
        "201906": "8.46",
        "201907": "8.15",
        "201908": "8.09",
        "201909": "8.10",
        "201910": "7.95",
        "201911": "7.74",
        "201912": "8.14",
        "202001": "8.13",
        "202002": "7.33",
        "202003": "6.46",
        "202004": "7.59",
        "202005": "7.66",
        "202006": "8.09",
        "202007": "10.22",
        "202008": "10.60",
        "202009": "9.86",
        "202010": "8.99",
        "202011": "8.15",
        "202012": "8.36",
        "202101": "8.70",
        "202102": "8.95",
        "202103": "9.32",
        "202104": "9.96",
        "202105": "9.28",
        "202106": "9.00",
        "202107": "9.15",
        "202108": "8.70",
        "202109": "8.17",
        "202110": "8.21",
        "202111": "8.91",
        "202112": "10.60",
        "202201": "12.04",
        "202202": "11.72",
        "202203": "10.95",
        "202204": "10.68",
        "202205": "10.07",
        "202206": "10.37",
        "202207": "10.16",
        "202208": "11.64",
        "202209": "12.17",
        "202210": "12.12",
        "202211": "12.25",
        "202212": "12.76",
        "202301": "12.06",
        "202302": "11.88",
        "202303": "11.72",
        "202304": "11.82",
        "202305": "11.47",
        "202306": "13.00"
    },
    "quarters": {
        "20011": {
            "year_quarter": 20011,
            "year": 2001,
            "quarter": 1,
            "eps": null,
            "eps_growth_year": null,
            "eps_4q": null,
            "eps_4q_growth_year": null,
            "roe": null,
            "roe_4q": 0,
            "gross_profit": null,
            "gross_margin": null,
            "gross_margin_4q_avg": 0,
            "net_income": null,
            "revenue": null,
            "common_shares": null,
            "book_valuer_per_share": null,
            "book_valuer_per_share_4q_avg": 0,
            "equity": null,
            "current_ratio": null,
            "debt_ratio": null,
            "inventory_turnover_ratio": null,
            "account_receivable_turnover_ratio": null,
            "reinvestment_rate": null,
            "research_to_sale_ratio": null,
            "price_fair": 0,
            "eps_avg_yearly": 0,
            "eps_latest_yearly": 0,
            "eps_growth_yearly": 0
        },
        "20012": {
            "year_quarter": 20012,
            "year": 2001,
            "quarter": 2,
            "eps": null,
            "eps_growth_year": null,
            "eps_4q": null,
            "eps_4q_growth_year": null,
            "roe": null,
            "roe_4q": 0,
            "gross_profit": null,
            "gross_margin": null,
            "gross_margin_4q_avg": 0,
            "net_income": null,
            "revenue": null,
            "common_shares": null,
            "book_valuer_per_share": null,
            "book_valuer_per_share_4q_avg": 0,
            "equity": null,
            "current_ratio": null,
            "debt_ratio": null,
            "inventory_turnover_ratio": null,
            "account_receivable_turnover_ratio": null,
            "reinvestment_rate": null,
            "research_to_sale_ratio": null,
            "price_fair": 0,
            "eps_avg_yearly": 0,
            "eps_latest_yearly": 0,
            "eps_growth_yearly": 0
        },
        "20013": {
            "year_quarter": 20013,
            "year": 2001,
            "quarter": 3,
            "eps": null,
            "eps_growth_year": null,
            "eps_4q": null,
            "eps_4q_growth_year": null,
            "roe": null,
            "roe_4q": 0,
            "gross_profit": null,
            "gross_margin": null,
            "gross_margin_4q_avg": 0,
            "net_income": null,
            "revenue": null,
            "common_shares": null,
            "book_valuer_per_share": null,
            "book_valuer_per_share_4q_avg": 0,
            "equity": null,
            "current_ratio": null,
            "debt_ratio": null,
            "inventory_turnover_ratio": null,
            "account_receivable_turnover_ratio": null,
            "reinvestment_rate": null,
            "research_to_sale_ratio": null,
            "price_fair": 0,
            "eps_avg_yearly": 0,
            "eps_latest_yearly": 0,
            "eps_growth_yearly": 0
        },
        "20014": {
            "year_quarter": 20014,
            "year": 2001,
            "quarter": 4,
            "eps": null,
            "eps_growth_year": null,
            "eps_4q": null,
            "eps_4q_growth_year": null,
            "roe": null,
            "roe_4q": 0,
            "gross_profit": null,
            "gross_margin": null,
            "gross_margin_4q_avg": 0,
            "net_income": null,
            "revenue": null,
            "common_shares": 120000,
            "book_valuer_per_share": 12.24,
            "book_valuer_per_share_4q_avg": 3.06,
            "equity": 146864,
            "current_ratio": 120.93,
            "debt_ratio": 56.62,
            "inventory_turnover_ratio": null,
            "account_receivable_turnover_ratio": null,
            "reinvestment_rate": null,
            "research_to_sale_ratio": null,
            "price_fair": 0,
            "eps_avg_yearly": 0,
            "eps_latest_yearly": 0,
            "eps_growth_yearly": 0
        },
        "20021": {
            "year_quarter": 20021,
            "year": 2002,
            "quarter": 1,
            "eps": null,
            "eps_growth_year": null,
            "eps_4q": null,
            "eps_4q_growth_year": null,
            "roe": null,
            "roe_4q": 0,
            "gross_profit": null,
            "gross_margin": null,
            "gross_margin_4q_avg": 0,
            "net_income": null,
            "revenue": null,
            "common_shares": null,
            "book_valuer_per_share": null,
            "book_valuer_per_share_4q_avg": 3.06,
            "equity": null,
            "current_ratio": null,
            "debt_ratio": null,
            "inventory_turnover_ratio": null,
            "account_receivable_turnover_ratio": null,
            "reinvestment_rate": null,
            "research_to_sale_ratio": null,
            "price_fair": 0,
            "eps_avg_yearly": 0,
            "eps_latest_yearly": 0,
            "eps_growth_yearly": 0
        },
        "20022": {
            "year_quarter": 20022,
            "year": 2002,
            "quarter": 2,
            "eps": null,
            "eps_growth_year": null,
            "eps_4q": null,
            "eps_4q_growth_year": null,
            "roe": null,
            "roe_4q": 0,
            "gross_profit": null,
            "gross_margin": null,
            "gross_margin_4q_avg": 0,
            "net_income": null,
            "revenue": null,
            "common_shares": null,
            "book_valuer_per_share": null,
            "book_valuer_per_share_4q_avg": 3.06,
            "equity": null,
            "current_ratio": null,
            "debt_ratio": null,
            "inventory_turnover_ratio": null,
            "account_receivable_turnover_ratio": null,
            "reinvestment_rate": null,
            "research_to_sale_ratio": null,
            "price_fair": 0,
            "eps_avg_yearly": 0,
            "eps_latest_yearly": 0,
            "eps_growth_yearly": 0
        },
        "20023": {
            "year_quarter": 20023,
            "year": 2002,
            "quarter": 3,
            "eps": null,
            "eps_growth_year": null,
            "eps_4q": null,
            "eps_4q_growth_year": null,
            "roe": null,
            "roe_4q": 0,
            "gross_profit": null,
            "gross_margin": null,
            "gross_margin_4q_avg": 0,
            "net_income": null,
            "revenue": null,
            "common_shares": null,
            "book_valuer_per_share": null,
            "book_valuer_per_share_4q_avg": 3.06,
            "equity": null,
            "current_ratio": null,
            "debt_ratio": null,
            "inventory_turnover_ratio": null,
            "account_receivable_turnover_ratio": null,
            "reinvestment_rate": null,
            "research_to_sale_ratio": null,
            "price_fair": 0,
            "eps_avg_yearly": 0,
            "eps_latest_yearly": 0,
            "eps_growth_yearly": 0
        },
        "20024": {
            "year_quarter": 20024,
            "year": 2002,
            "quarter": 4,
            "eps": null,
            "eps_growth_year": null,
            "eps_4q": null,
            "eps_4q_growth_year": null,
            "roe": null,
            "roe_4q": 0,
            "gross_profit": null,
            "gross_margin": null,
            "gross_margin_4q_avg": 0,
            "net_income": null,
            "revenue": null,
            "common_shares": 138000,
            "book_valuer_per_share": 13.52,
            "book_valuer_per_share_4q_avg": 3.38,
            "equity": 186569,
            "current_ratio": 142.1,
            "debt_ratio": 54.04,
            "inventory_turnover_ratio": null,
            "account_receivable_turnover_ratio": null,
            "reinvestment_rate": null,
            "research_to_sale_ratio": null,
            "price_fair": 0,
            "eps_avg_yearly": 0,
            "eps_latest_yearly": 0,
            "eps_growth_yearly": 0
        },
        "20031": {
            "year_quarter": 20031,
            "year": 2003,
            "quarter": 1,
            "eps": 0.46,
            "eps_growth_year": null,
            "eps_4q": null,
            "eps_4q_growth_year": null,
            "roe": 2.94,
            "roe_4q": 2.94,
            "gross_profit": 26776,
            "gross_margin": 30.86,
            "gross_margin_4q_avg": 7.72,
            "net_income": 6443,
            "revenue": 86765,
            "common_shares": 180000,
            "book_valuer_per_share": 13.98,
            "book_valuer_per_share_4q_avg": 6.88,
            "equity": 251667,
            "current_ratio": 169.34,
            "debt_ratio": 43.54,
            "inventory_turnover_ratio": 0.71,
            "account_receivable_turnover_ratio": null,
            "reinvestment_rate": null,
            "research_to_sale_ratio": null,
            "price_fair": 0,
            "eps_avg_yearly": 0,
            "eps_latest_yearly": 0,
            "eps_growth_yearly": 0
        },
        "20032": {
            "year_quarter": 20032,
            "year": 2003,
            "quarter": 2,
            "eps": 0.88,
            "eps_growth_year": null,
            "eps_4q": null,
            "eps_4q_growth_year": null,
            "roe": 6.67,
            "roe_4q": 9.61,
            "gross_profit": 39989,
            "gross_margin": 32.21,
            "gross_margin_4q_avg": 15.77,
            "net_income": 17295,
            "revenue": 124147,
            "common_shares": 207000,
            "book_valuer_per_share": 12.91,
            "book_valuer_per_share_4q_avg": 10.1,
            "equity": 267239,
            "current_ratio": 152.24,
            "debt_ratio": 46.98,
            "inventory_turnover_ratio": 0.87,
            "account_receivable_turnover_ratio": null,
            "reinvestment_rate": null,
            "research_to_sale_ratio": null,
            "price_fair": 123.2,
            "eps_avg_yearly": 3.52,
            "eps_latest_yearly": 3.52,
            "eps_growth_yearly": 365.22
        },
        "20033": {
            "year_quarter": 20033,
            "year": 2003,
            "quarter": 3,
            "eps": 0.51,
            "eps_growth_year": null,
            "eps_4q": null,
            "eps_4q_growth_year": null,
            "roe": 4.4,
            "roe_4q": 14.01,
            "gross_profit": 35125,
            "gross_margin": 30.52,
            "gross_margin_4q_avg": 23.4,
            "net_income": 12014,
            "revenue": 115102,
            "common_shares": 207000,
            "book_valuer_per_share": 13.49,
            "book_valuer_per_share_4q_avg": 13.48,
            "equity": 279253,
            "current_ratio": 146.73,
            "debt_ratio": 49.49,
            "inventory_turnover_ratio": 0.66,
            "account_receivable_turnover_ratio": null,
            "reinvestment_rate": null,
            "research_to_sale_ratio": null,
            "price_fair": 97.3,
            "eps_avg_yearly": 2.78,
            "eps_latest_yearly": 2.04,
            "eps_growth_yearly": 98.52
        },
        "20034": {
            "year_quarter": 20034,
            "year": 2003,
            "quarter": 4,
            "eps": 1.53,
            "eps_growth_year": null,
            "eps_4q": 3.3,
            "eps_4q_growth_year": null,
            "roe": 10.49,
            "roe_4q": 24.500000000000004,
            "gross_profit": 54325,
            "gross_margin": 35.04,
            "gross_margin_4q_avg": 32.16,
            "net_income": 30928,
            "revenue": 155039,
            "common_shares": 207000,
            "book_valuer_per_share": 14.98,
            "book_valuer_per_share_4q_avg": 13.84,
            "equity": 310181,
            "current_ratio": 151.61,
            "debt_ratio": 48.11,
            "inventory_turnover_ratio": 0.73,
            "account_receivable_turnover_ratio": null,
            "reinvestment_rate": null,
            "research_to_sale_ratio": null,
            "price_fair": 136.27,
            "eps_avg_yearly": 3.89,
            "eps_latest_yearly": 6.12,
            "eps_growth_yearly": 332.35
        },
        "20041": {
            "year_quarter": 20041,
            "year": 2004,
            "quarter": 1,
            "eps": 1.1,
            "eps_growth_year": 139.13,
            "eps_4q": 4.02,
            "eps_4q_growth_year": null,
            "roe": 7.06,
            "roe_4q": 28.620000000000005,
            "gross_profit": 47041,
            "gross_margin": 31.83,
            "gross_margin_4q_avg": 32.4,
            "net_income": 22711,
            "revenue": 147792,
            "common_shares": 207000,
            "book_valuer_per_share": 16.08,
            "book_valuer_per_share_4q_avg": 14.37,
            "equity": 332892,
            "current_ratio": 172.17,
            "debt_ratio": 44.5,
            "inventory_turnover_ratio": 0.77,
            "account_receivable_turnover_ratio": null,
            "reinvestment_rate": null,
            "research_to_sale_ratio": null,
            "price_fair": 140.7,
            "eps_avg_yearly": 4.02,
            "eps_latest_yearly": 4.4,
            "eps_growth_yearly": 221.15
        },
        "20042": {
            "year_quarter": 20042,
            "year": 2004,
            "quarter": 2,
            "eps": 0.95,
            "eps_growth_year": 7.95,
            "eps_4q": 3.69,
            "eps_4q_growth_year": null,
            "roe": 6.82,
            "roe_4q": 28.769999999999996,
            "gross_profit": 44424,
            "gross_margin": 31.8,
            "gross_margin_4q_avg": 32.3,
            "net_income": 22739,
            "revenue": 139687,
            "common_shares": 207000,
            "book_valuer_per_share": 16.13,
            "book_valuer_per_share_4q_avg": 15.17,
            "equity": 333828,
            "current_ratio": 254.43,
            "debt_ratio": 51.02,
            "inventory_turnover_ratio": 0.75,
            "account_receivable_turnover_ratio": null,
            "reinvestment_rate": null,
            "research_to_sale_ratio": null,
            "price_fair": 139.16,
            "eps_avg_yearly": 3.98,
            "eps_latest_yearly": 3.8,
            "eps_growth_yearly": 166.01
        },
        "20043": {
            "year_quarter": 20043,
            "year": 2004,
            "quarter": 3,
            "eps": 0.62,
            "eps_growth_year": 21.57,
            "eps_4q": 3.82,
            "eps_4q_growth_year": null,
            "roe": 4.34,
            "roe_4q": 28.71,
            "gross_profit": 34988,
            "gross_margin": 29.82,
            "gross_margin_4q_avg": 32.12,
            "net_income": 14795,
            "revenue": 117320,
            "common_shares": 240250,
            "book_valuer_per_share": 14.51,
            "book_valuer_per_share_4q_avg": 15.43,
            "equity": 348623,
            "current_ratio": 272.1,
            "debt_ratio": 48.95,
            "inventory_turnover_ratio": 0.57,
            "account_receivable_turnover_ratio": null,
            "reinvestment_rate": null,
            "research_to_sale_ratio": null,
            "price_fair": 130.43,
            "eps_avg_yearly": 3.73,
            "eps_latest_yearly": 2.48,
            "eps_growth_yearly": 115.19
        },
        "20044": {
            "year_quarter": 20044,
            "year": 2004,
            "quarter": 4,
            "eps": 0.42,
            "eps_growth_year": -72.55,
            "eps_4q": 2.94,
            "eps_4q_growth_year": -10.89,
            "roe": 2.82,
            "roe_4q": 21.04,
            "gross_profit": 33596,
            "gross_margin": 26.33,
            "gross_margin_4q_avg": 29.95,
            "net_income": 10043,
            "revenue": 127599,
            "common_shares": 241824,
            "book_valuer_per_share": 15.05,
            "book_valuer_per_share_4q_avg": 15.44,
            "equity": 363966,
            "current_ratio": 251.74,
            "debt_ratio": 48.67,
            "inventory_turnover_ratio": 0.63,
            "account_receivable_turnover_ratio": null,
            "reinvestment_rate": null,
            "research_to_sale_ratio": null,
            "price_fair": 120.2,
            "eps_avg_yearly": 3.43,
            "eps_latest_yearly": 1.68,
            "eps_growth_yearly": 80.3
        },
        "20051": {
            "year_quarter": 20051,
            "year": 2005,
            "quarter": 1,
            "eps": 0.25,
            "eps_growth_year": -77.27,
            "eps_4q": 2.26,
            "eps_4q_growth_year": -43.87,
            "roe": 1.61,
            "roe_4q": 15.59,
            "gross_profit": 23064,
            "gross_margin": 24.21,
            "gross_margin_4q_avg": 28.04,
            "net_income": 5932,
            "revenue": 95262,
            "common_shares": 242863,
            "book_valuer_per_share": 15.35,
            "book_valuer_per_share_4q_avg": 15.26,
            "equity": 372698,
            "current_ratio": 291.09,
            "debt_ratio": 45.78,
            "inventory_turnover_ratio": 0.51,
            "account_receivable_turnover_ratio": null,
            "reinvestment_rate": null,
            "research_to_sale_ratio": null,
            "price_fair": 109.55,
            "eps_avg_yearly": 3.13,
            "eps_latest_yearly": 1,
            "eps_growth_yearly": 50.02
        },
        "20052": {
            "year_quarter": 20052,
            "year": 2005,
            "quarter": 2,
            "eps": 0.17,
            "eps_growth_year": -82.11,
            "eps_4q": 1.34,
            "eps_4q_growth_year": -63.68,
            "roe": 1.23,
            "roe_4q": 10,
            "gross_profit": 25764,
            "gross_margin": 25.32,
            "gross_margin_4q_avg": 26.42,
            "net_income": 4466,
            "revenue": 101769,
            "common_shares": 243234,
            "book_valuer_per_share": 14.51,
            "book_valuer_per_share_4q_avg": 14.86,
            "equity": 352998,
            "current_ratio": 315.78,
            "debt_ratio": 45.27,
            "inventory_turnover_ratio": 0.54,
            "account_receivable_turnover_ratio": null,
            "reinvestment_rate": null,
            "research_to_sale_ratio": null,
            "price_fair": 100.02,
            "eps_avg_yearly": 2.86,
            "eps_latest_yearly": 0.68,
            "eps_growth_yearly": 30.24
        },
        "20053": {
            "year_quarter": 20053,
            "year": 2005,
            "quarter": 3,
            "eps": 0.37,
            "eps_growth_year": -40.32,
            "eps_4q": 1.13,
            "eps_4q_growth_year": -70.36,
            "roe": 2.77,
            "roe_4q": 8.43,
            "gross_profit": 30247,
            "gross_margin": 27.25,
            "gross_margin_4q_avg": 25.78,
            "net_income": 9920,
            "revenue": 110979,
            "common_shares": 269617,
            "book_valuer_per_share": 13.46,
            "book_valuer_per_share_4q_avg": 14.59,
            "equity": 362918,
            "current_ratio": 393.37,
            "debt_ratio": 42.28,
            "inventory_turnover_ratio": 0.59,
            "account_receivable_turnover_ratio": null,
            "reinvestment_rate": null,
            "research_to_sale_ratio": null,
            "price_fair": 95.2,
            "eps_avg_yearly": 2.72,
            "eps_latest_yearly": 1.48,
            "eps_growth_yearly": 74.28
        },
        "20054": {
            "year_quarter": 20054,
            "year": 2005,
            "quarter": 4,
            "eps": 0.18,
            "eps_growth_year": -57.14,
            "eps_4q": 0.93,
            "eps_4q_growth_year": -68.35,
            "roe": 1.32,
            "roe_4q": 6.930000000000001,
            "gross_profit": 30600,
            "gross_margin": 27.3,
            "gross_margin_4q_avg": 26.02,
            "net_income": 4875,
            "revenue": 112092,
            "common_shares": 272374,
            "book_valuer_per_share": 13.76,
            "book_valuer_per_share_4q_avg": 14.27,
            "equity": 374712,
            "current_ratio": 372.22,
            "debt_ratio": 40.81,
            "inventory_turnover_ratio": 0.6,
            "account_receivable_turnover_ratio": null,
            "reinvestment_rate": null,
            "research_to_sale_ratio": null,
            "price_fair": 88.84,
            "eps_avg_yearly": 2.54,
            "eps_latest_yearly": 0.72,
            "eps_growth_yearly": 48.85
        },
        "20061": {
            "year_quarter": 20061,
            "year": 2006,
            "quarter": 1,
            "eps": 0.4,
            "eps_growth_year": 60,
            "eps_4q": 1.11,
            "eps_4q_growth_year": -50.58,
            "roe": 2.74,
            "roe_4q": 8.06,
            "gross_profit": 28105,
            "gross_margin": 29.13,
            "gross_margin_4q_avg": 27.25,
            "net_income": 10782,
            "revenue": 96490,
            "common_shares": 283428,
            "book_valuer_per_share": 14.57,
            "book_valuer_per_share_4q_avg": 14.08,
            "equity": 413040,
            "current_ratio": 187.27,
            "debt_ratio": 35.46,
            "inventory_turnover_ratio": 0.49,
            "account_receivable_turnover_ratio": null,
            "reinvestment_rate": null,
            "research_to_sale_ratio": null,
            "price_fair": 86.1,
            "eps_avg_yearly": 2.46,
            "eps_latest_yearly": 1.6,
            "eps_growth_yearly": 85.52
        },
        "20062": {
            "year_quarter": 20062,
            "year": 2006,
            "quarter": 2,
            "eps": 0.18,
            "eps_growth_year": 5.88,
            "eps_4q": 1.08,
            "eps_4q_growth_year": -19.72,
            "roe": 1.26,
            "roe_4q": 8.09,
            "gross_profit": 23452,
            "gross_margin": 23.65,
            "gross_margin_4q_avg": 26.83,
            "net_income": 5134,
            "revenue": 99168,
            "common_shares": 283428,
            "book_valuer_per_share": 14.08,
            "book_valuer_per_share_4q_avg": 13.97,
            "equity": 398964,
            "current_ratio": 175.57,
            "debt_ratio": 37.69,
            "inventory_turnover_ratio": 0.53,
            "account_receivable_turnover_ratio": null,
            "reinvestment_rate": null,
            "research_to_sale_ratio": null,
            "price_fair": 81.42,
            "eps_avg_yearly": 2.33,
            "eps_latest_yearly": 0.72,
            "eps_growth_yearly": 62.02
        },
        "20063": {
            "year_quarter": 20063,
            "year": 2006,
            "quarter": 3,
            "eps": 0.23,
            "eps_growth_year": -37.84,
            "eps_4q": 0.99,
            "eps_4q_growth_year": -12.96,
            "roe": 1.57,
            "roe_4q": 6.890000000000001,
            "gross_profit": 21841,
            "gross_margin": 22.91,
            "gross_margin_4q_avg": 25.75,
            "net_income": 6328,
            "revenue": 95352,
            "common_shares": 283428,
            "book_valuer_per_share": 14.3,
            "book_valuer_per_share_4q_avg": 14.18,
            "equity": 405292,
            "current_ratio": 226.96,
            "debt_ratio": 36,
            "inventory_turnover_ratio": 0.51,
            "account_receivable_turnover_ratio": null,
            "reinvestment_rate": null,
            "research_to_sale_ratio": null,
            "price_fair": 77.9,
            "eps_avg_yearly": 2.23,
            "eps_latest_yearly": 0.92,
            "eps_growth_yearly": 65.53
        },
        "20064": {
            "year_quarter": 20064,
            "year": 2006,
            "quarter": 4,
            "eps": 0.15,
            "eps_growth_year": -16.67,
            "eps_4q": 0.97,
            "eps_4q_growth_year": 3.78,
            "roe": 1,
            "roe_4q": 6.57,
            "gross_profit": 18650,
            "gross_margin": 21.15,
            "gross_margin_4q_avg": 24.21,
            "net_income": 4092,
            "revenue": 88171,
            "common_shares": 283428,
            "book_valuer_per_share": 14.44,
            "book_valuer_per_share_4q_avg": 14.35,
            "equity": 409328,
            "current_ratio": 225.1,
            "debt_ratio": 35.58,
            "inventory_turnover_ratio": 0.44,
            "account_receivable_turnover_ratio": null,
            "reinvestment_rate": 51.9,
            "research_to_sale_ratio": null,
            "price_fair": 74.11,
            "eps_avg_yearly": 2.12,
            "eps_latest_yearly": 0.6,
            "eps_growth_yearly": 51.88
        },
        "20071": {
            "year_quarter": 20071,
            "year": 2007,
            "quarter": 1,
            "eps": 0.02,
            "eps_growth_year": -95,
            "eps_4q": 0.51,
            "eps_4q_growth_year": -54.6,
            "roe": 0.16,
            "roe_4q": 3.99,
            "gross_profit": 16257,
            "gross_margin": 19.33,
            "gross_margin_4q_avg": 21.76,
            "net_income": 640,
            "revenue": 84082,
            "common_shares": 283428,
            "book_valuer_per_share": 14.51,
            "book_valuer_per_share_4q_avg": 14.33,
            "equity": 411176,
            "current_ratio": 255.11,
            "debt_ratio": 32.81,
            "inventory_turnover_ratio": 0.4,
            "account_receivable_turnover_ratio": null,
            "reinvestment_rate": 45.17,
            "research_to_sale_ratio": null,
            "price_fair": 69.65,
            "eps_avg_yearly": 1.99,
            "eps_latest_yearly": 0.08,
            "eps_growth_yearly": 26.97
        },
        "20072": {
            "year_quarter": 20072,
            "year": 2007,
            "quarter": 2,
            "eps": -0.07,
            "eps_growth_year": -138.89,
            "eps_4q": 0.32,
            "eps_4q_growth_year": -69.82,
            "roe": -0.46,
            "roe_4q": 2.27,
            "gross_profit": 12460,
            "gross_margin": 17.67,
            "gross_margin_4q_avg": 20.27,
            "net_income": -1849,
            "revenue": 70520,
            "common_shares": 283428,
            "book_valuer_per_share": 13.99,
            "book_valuer_per_share_4q_avg": 14.31,
            "equity": 396588,
            "current_ratio": 184.92,
            "debt_ratio": 34.62,
            "inventory_turnover_ratio": 0.34,
            "account_receivable_turnover_ratio": null,
            "reinvestment_rate": 33.89,
            "research_to_sale_ratio": null,
            "price_fair": 27.23,
            "eps_avg_yearly": 1.89,
            "eps_latest_yearly": 0.08,
            "eps_growth_yearly": 4.42
        },
        "20073": {
            "year_quarter": 20073,
            "year": 2007,
            "quarter": 3,
            "eps": -0.13,
            "eps_growth_year": -156.52,
            "eps_4q": -0.03,
            "eps_4q_growth_year": -102.96,
            "roe": -0.94,
            "roe_4q": -0.24,
            "gross_profit": 15007,
            "gross_margin": 15.36,
            "gross_margin_4q_avg": 18.38,
            "net_income": -3709,
            "revenue": 97704,
            "common_shares": 283428,
            "book_valuer_per_share": 13.88,
            "book_valuer_per_share_4q_avg": 14.21,
            "equity": 393265,
            "current_ratio": 180.07,
            "debt_ratio": 36.65,
            "inventory_turnover_ratio": 0.47,
            "account_receivable_turnover_ratio": null,
            "reinvestment_rate": 32.72,
            "research_to_sale_ratio": null,
            "price_fair": 50.22,
            "eps_avg_yearly": 1.88,
            "eps_latest_yearly": 0.08,
            "eps_growth_yearly": 16.75
        },
        "20074": {
            "year_quarter": 20074,
            "year": 2007,
            "quarter": 4,
            "eps": -0.38,
            "eps_growth_year": -353.33,
            "eps_4q": -0.55,
            "eps_4q_growth_year": -156.97,
            "roe": -2.75,
            "roe_4q": -3.99,
            "gross_profit": 9927,
            "gross_margin": 10.6,
            "gross_margin_4q_avg": 15.74,
            "net_income": -10644,
            "revenue": 93639,
            "common_shares": 283428,
            "book_valuer_per_share": 13.46,
            "book_valuer_per_share_4q_avg": 13.96,
            "equity": 381528,
            "current_ratio": 177.19,
            "debt_ratio": 37.85,
            "inventory_turnover_ratio": 0.48,
            "account_receivable_turnover_ratio": null,
            "reinvestment_rate": 35.59,
            "research_to_sale_ratio": null,
            "price_fair": 4.65,
            "eps_avg_yearly": 1.55,
            "eps_latest_yearly": 0.08,
            "eps_growth_yearly": -43.5
        },
        "20081": {
            "year_quarter": 20081,
            "year": 2008,
            "quarter": 1,
            "eps": -0.28,
            "eps_growth_year": -1500,
            "eps_4q": -0.86,
            "eps_4q_growth_year": -270.07,
            "roe": -2.06,
            "roe_4q": -6.21,
            "gross_profit": 7078,
            "gross_margin": 9.53,
            "gross_margin_4q_avg": 13.29,
            "net_income": -7813,
            "revenue": 74255,
            "common_shares": 283428,
            "book_valuer_per_share": 13.26,
            "book_valuer_per_share_4q_avg": 13.65,
            "equity": 375923,
            "current_ratio": 187.96,
            "debt_ratio": 35.61,
            "inventory_turnover_ratio": 0.37,
            "account_receivable_turnover_ratio": null,
            "reinvestment_rate": 17.13,
            "research_to_sale_ratio": null,
            "price_fair": 3.94,
            "eps_avg_yearly": 1.31,
            "eps_latest_yearly": 0.08,
            "eps_growth_yearly": -37.75
        },
        "20082": {
            "year_quarter": 20082,
            "year": 2008,
            "quarter": 2,
            "eps": -0.13,
            "eps_growth_year": null,
            "eps_4q": -0.92,
            "eps_4q_growth_year": -381.81,
            "roe": -1.01,
            "roe_4q": -6.76,
            "gross_profit": 10233,
            "gross_margin": 12.73,
            "gross_margin_4q_avg": 12.06,
            "net_income": -3792,
            "revenue": 80392,
            "common_shares": 283428,
            "book_valuer_per_share": 13.14,
            "book_valuer_per_share_4q_avg": 13.44,
            "equity": 372552,
            "current_ratio": 193.5,
            "debt_ratio": 35.05,
            "inventory_turnover_ratio": 0.39,
            "account_receivable_turnover_ratio": null,
            "reinvestment_rate": -9.33,
            "research_to_sale_ratio": null,
            "price_fair": 3.26,
            "eps_avg_yearly": 1.09,
            "eps_latest_yearly": 0.08,
            "eps_growth_yearly": -36.23
        },
        "20083": {
            "year_quarter": 20083,
            "year": 2008,
            "quarter": 3,
            "eps": 0,
            "eps_growth_year": null,
            "eps_4q": -0.78,
            "eps_4q_growth_year": null,
            "roe": 0.03,
            "roe_4q": -5.79,
            "gross_profit": 8319,
            "gross_margin": 8.77,
            "gross_margin_4q_avg": 10.41,
            "net_income": 123,
            "revenue": 94871,
            "common_shares": 283428,
            "book_valuer_per_share": 13.19,
            "book_valuer_per_share_4q_avg": 13.26,
            "equity": 373786,
            "current_ratio": 198.1,
            "debt_ratio": 35,
            "inventory_turnover_ratio": 0.49,
            "account_receivable_turnover_ratio": null,
            "reinvestment_rate": -61.64,
            "research_to_sale_ratio": null,
            "price_fair": 2.84,
            "eps_avg_yearly": 0.95,
            "eps_latest_yearly": 0.08,
            "eps_growth_yearly": -25.96
        },
        "20084": {
            "year_quarter": 20084,
            "year": 2008,
            "quarter": 4,
            "eps": -0.57,
            "eps_growth_year": null,
            "eps_4q": -0.97,
            "eps_4q_growth_year": null,
            "roe": -4.43,
            "roe_4q": -7.469999999999999,
            "gross_profit": 336,
            "gross_margin": 0.66,
            "gross_margin_4q_avg": 7.92,
            "net_income": -16146,
            "revenue": 50811,
            "common_shares": 283428,
            "book_valuer_per_share": 12.52,
            "book_valuer_per_share_4q_avg": 13.03,
            "equity": 354932,
            "current_ratio": 191.68,
            "debt_ratio": 36.01,
            "inventory_turnover_ratio": 0.29,
            "account_receivable_turnover_ratio": 0.97,
            "reinvestment_rate": -583.22,
            "research_to_sale_ratio": null,
            "price_fair": 2.6,
            "eps_avg_yearly": 0.87,
            "eps_latest_yearly": 0.08,
            "eps_growth_yearly": -14.5
        },
        "20091": {
            "year_quarter": 20091,
            "year": 2009,
            "quarter": 1,
            "eps": -0.27,
            "eps_growth_year": null,
            "eps_4q": -0.97,
            "eps_4q_growth_year": null,
            "roe": -2.2,
            "roe_4q": -7.609999999999999,
            "gross_profit": 641,
            "gross_margin": 1.79,
            "gross_margin_4q_avg": 5.99,
            "net_income": -7765,
            "revenue": 35885,
            "common_shares": 283428,
            "book_valuer_per_share": 12.42,
            "book_valuer_per_share_4q_avg": 12.82,
            "equity": 352044,
            "current_ratio": 215.51,
            "debt_ratio": 34.11,
            "inventory_turnover_ratio": 0.2,
            "account_receivable_turnover_ratio": 0.43,
            "reinvestment_rate": null,
            "research_to_sale_ratio": null,
            "price_fair": 11.83,
            "eps_avg_yearly": 0.85,
            "eps_latest_yearly": 0.08,
            "eps_growth_yearly": 3.92
        },
        "20092": {
            "year_quarter": 20092,
            "year": 2009,
            "quarter": 2,
            "eps": -0.41,
            "eps_growth_year": null,
            "eps_4q": -1.25,
            "eps_4q_growth_year": null,
            "roe": -3.36,
            "roe_4q": -9.96,
            "gross_profit": 2641,
            "gross_margin": 5.05,
            "gross_margin_4q_avg": 4.07,
            "net_income": -11613,
            "revenue": 52258,
            "common_shares": 283428,
            "book_valuer_per_share": 11.99,
            "book_valuer_per_share_4q_avg": 12.53,
            "equity": 339919,
            "current_ratio": 208,
            "debt_ratio": 35.26,
            "inventory_turnover_ratio": 0.27,
            "account_receivable_turnover_ratio": 0.76,
            "reinvestment_rate": null,
            "research_to_sale_ratio": null,
            "price_fair": 28.65,
            "eps_avg_yearly": 0.87,
            "eps_latest_yearly": 0.08,
            "eps_growth_yearly": 22.77
        },
        "20093": {
            "year_quarter": 20093,
            "year": 2009,
            "quarter": 3,
            "eps": -0.12,
            "eps_growth_year": null,
            "eps_4q": -1.37,
            "eps_4q_growth_year": null,
            "roe": -0.99,
            "roe_4q": -10.98,
            "gross_profit": 8140,
            "gross_margin": 10.32,
            "gross_margin_4q_avg": 4.46,
            "net_income": -3348,
            "revenue": 78899,
            "common_shares": 283428,
            "book_valuer_per_share": 11.87,
            "book_valuer_per_share_4q_avg": 12.2,
            "equity": 336318,
            "current_ratio": 188.48,
            "debt_ratio": 37.7,
            "inventory_turnover_ratio": 0.41,
            "account_receivable_turnover_ratio": 0.9,
            "reinvestment_rate": null,
            "research_to_sale_ratio": null,
            "price_fair": 2.32,
            "eps_avg_yearly": 0.77,
            "eps_latest_yearly": 0.08,
            "eps_growth_yearly": -51.87
        },
        "20094": {
            "year_quarter": 20094,
            "year": 2009,
            "quarter": 4,
            "eps": -0.16,
            "eps_growth_year": null,
            "eps_4q": -0.96,
            "eps_4q_growth_year": null,
            "roe": -1.37,
            "roe_4q": -7.920000000000001,
            "gross_profit": 10839,
            "gross_margin": 13.01,
            "gross_margin_4q_avg": 7.54,
            "net_income": -4563,
            "revenue": 83297,
            "common_shares": 283428,
            "book_valuer_per_share": 11.55,
            "book_valuer_per_share_4q_avg": 11.96,
            "equity": 327449,
            "current_ratio": 184.31,
            "debt_ratio": 39.27,
            "inventory_turnover_ratio": 0.44,
            "account_receivable_turnover_ratio": 1.54,
            "reinvestment_rate": null,
            "research_to_sale_ratio": null,
            "price_fair": 2.35,
            "eps_avg_yearly": 0.78,
            "eps_latest_yearly": 0.08,
            "eps_growth_yearly": -21.16
        },
        "20101": {
            "year_quarter": 20101,
            "year": 2010,
            "quarter": 1,
            "eps": -0.02,
            "eps_growth_year": null,
            "eps_4q": -0.71,
            "eps_4q_growth_year": null,
            "roe": -0.21,
            "roe_4q": -5.93,
            "gross_profit": 12664,
            "gross_margin": 13.06,
            "gross_margin_4q_avg": 10.36,
            "net_income": -681,
            "revenue": 96948,
            "common_shares": 283428,
            "book_valuer_per_share": 11.66,
            "book_valuer_per_share_4q_avg": 11.77,
            "equity": 330544,
            "current_ratio": 190.71,
            "debt_ratio": 39.01,
            "inventory_turnover_ratio": 0.5,
            "account_receivable_turnover_ratio": 0.89,
            "reinvestment_rate": null,
            "research_to_sale_ratio": 2.74,
            "price_fair": 1.74,
            "eps_avg_yearly": 0.58,
            "eps_latest_yearly": 0.08,
            "eps_growth_yearly": -148.67
        },
        "20102": {
            "year_quarter": 20102,
            "year": 2010,
            "quarter": 2,
            "eps": 0.17,
            "eps_growth_year": null,
            "eps_4q": -0.14,
            "eps_4q_growth_year": null,
            "roe": 1.41,
            "roe_4q": -1.1600000000000001,
            "gross_profit": 19155,
            "gross_margin": 16.74,
            "gross_margin_4q_avg": 13.28,
            "net_income": 4702,
            "revenue": 114457,
            "common_shares": 283428,
            "book_valuer_per_share": 11.93,
            "book_valuer_per_share_4q_avg": 11.75,
            "equity": 338238,
            "current_ratio": 197.3,
            "debt_ratio": 38.29,
            "inventory_turnover_ratio": 0.54,
            "account_receivable_turnover_ratio": 0.96,
            "reinvestment_rate": null,
            "research_to_sale_ratio": 2.93,
            "price_fair": 1.6,
            "eps_avg_yearly": 0.53,
            "eps_latest_yearly": 0.08,
            "eps_growth_yearly": -124.9
        },
        "20103": {
            "year_quarter": 20103,
            "year": 2010,
            "quarter": 3,
            "eps": 0.2,
            "eps_growth_year": null,
            "eps_4q": 0.19,
            "eps_4q_growth_year": null,
            "roe": 1.71,
            "roe_4q": 1.54,
            "gross_profit": 17477,
            "gross_margin": 18.3,
            "gross_margin_4q_avg": 15.28,
            "net_income": 5789,
            "revenue": 95520,
            "common_shares": 283428,
            "book_valuer_per_share": 11.91,
            "book_valuer_per_share_4q_avg": 11.76,
            "equity": 337676,
            "current_ratio": 156.88,
            "debt_ratio": 42.88,
            "inventory_turnover_ratio": 0.45,
            "account_receivable_turnover_ratio": 0.81,
            "reinvestment_rate": null,
            "research_to_sale_ratio": 2.21,
            "price_fair": 1.48,
            "eps_avg_yearly": 0.49,
            "eps_latest_yearly": 0.8,
            "eps_growth_yearly": -138.4
        },
        "20104": {
            "year_quarter": 20104,
            "year": 2010,
            "quarter": 4,
            "eps": -0.09,
            "eps_growth_year": null,
            "eps_4q": 0.26,
            "eps_4q_growth_year": null,
            "roe": -0.76,
            "roe_4q": 2.15,
            "gross_profit": 17250,
            "gross_margin": 18.05,
            "gross_margin_4q_avg": 16.54,
            "net_income": -2553,
            "revenue": 95542,
            "common_shares": 283428,
            "book_valuer_per_share": 11.8,
            "book_valuer_per_share_4q_avg": 11.83,
            "equity": 334372,
            "current_ratio": 172.79,
            "debt_ratio": 42.84,
            "inventory_turnover_ratio": 0.45,
            "account_receivable_turnover_ratio": 0.88,
            "reinvestment_rate": null,
            "research_to_sale_ratio": 2.29,
            "price_fair": 1.32,
            "eps_avg_yearly": 0.44,
            "eps_latest_yearly": 0.8,
            "eps_growth_yearly": -138.04
        },
        "20111": {
            "year_quarter": 20111,
            "year": 2011,
            "quarter": 1,
            "eps": 0.02,
            "eps_growth_year": null,
            "eps_4q": 0.3,
            "eps_4q_growth_year": null,
            "roe": 0.14,
            "roe_4q": 2.5,
            "gross_profit": 14433,
            "gross_margin": 16.77,
            "gross_margin_4q_avg": 17.47,
            "net_income": 471,
            "revenue": 86082,
            "common_shares": 283428,
            "book_valuer_per_share": 11.82,
            "book_valuer_per_share_4q_avg": 11.87,
            "equity": 334927,
            "current_ratio": 184.23,
            "debt_ratio": 40.6,
            "inventory_turnover_ratio": 0.42,
            "account_receivable_turnover_ratio": 0.8,
            "reinvestment_rate": null,
            "research_to_sale_ratio": 2.64,
            "price_fair": 28,
            "eps_avg_yearly": 0.8,
            "eps_latest_yearly": 0.8,
            "eps_growth_yearly": 70.59
        },
        "20112": {
            "year_quarter": 20112,
            "year": 2011,
            "quarter": 2,
            "eps": 0.14,
            "eps_growth_year": -17.69,
            "eps_4q": 0.27,
            "eps_4q_growth_year": null,
            "roe": 1.15,
            "roe_4q": 2.24,
            "gross_profit": 20792,
            "gross_margin": 22.18,
            "gross_margin_4q_avg": 18.83,
            "net_income": 3870,
            "revenue": 93728,
            "common_shares": 283428,
            "book_valuer_per_share": 11.95,
            "book_valuer_per_share_4q_avg": 11.87,
            "equity": 338766,
            "current_ratio": 175.54,
            "debt_ratio": 42.75,
            "inventory_turnover_ratio": 0.42,
            "account_receivable_turnover_ratio": 0.85,
            "reinvestment_rate": null,
            "research_to_sale_ratio": 2.49,
            "price_fair": 23.8,
            "eps_avg_yearly": 0.68,
            "eps_latest_yearly": 0.56,
            "eps_growth_yearly": 1235.29
        },
        "20113": {
            "year_quarter": 20113,
            "year": 2011,
            "quarter": 3,
            "eps": -0.04,
            "eps_growth_year": -119.79,
            "eps_4q": 0.02,
            "eps_4q_growth_year": -89.81,
            "roe": -0.35,
            "roe_4q": 0.17999999999999994,
            "gross_profit": 14622,
            "gross_margin": 15.37,
            "gross_margin_4q_avg": 18.09,
            "net_income": -1219,
            "revenue": 95134,
            "common_shares": 301642,
            "book_valuer_per_share": 11.93,
            "book_valuer_per_share_4q_avg": 11.88,
            "equity": 359874,
            "current_ratio": 275.99,
            "debt_ratio": 44.05,
            "inventory_turnover_ratio": 0.42,
            "account_receivable_turnover_ratio": 0.87,
            "reinvestment_rate": null,
            "research_to_sale_ratio": 2.64,
            "price_fair": 23.8,
            "eps_avg_yearly": 0.68,
            "eps_latest_yearly": 0.56,
            "eps_growth_yearly": 1235.29
        },
        "20114": {
            "year_quarter": 20114,
            "year": 2011,
            "quarter": 4,
            "eps": -0.02,
            "eps_growth_year": null,
            "eps_4q": 0.08,
            "eps_4q_growth_year": -66.91,
            "roe": -0.16,
            "roe_4q": 0.7799999999999999,
            "gross_profit": 13894,
            "gross_margin": 22.02,
            "gross_margin_4q_avg": 19.09,
            "net_income": -566,
            "revenue": 63103,
            "common_shares": 301642,
            "book_valuer_per_share": 11.86,
            "book_valuer_per_share_4q_avg": 11.89,
            "equity": 357882,
            "current_ratio": 288.98,
            "debt_ratio": 43.55,
            "inventory_turnover_ratio": 0.23,
            "account_receivable_turnover_ratio": 0.63,
            "reinvestment_rate": null,
            "research_to_sale_ratio": 4.32,
            "price_fair": 23.8,
            "eps_avg_yearly": 0.68,
            "eps_latest_yearly": 0.56,
            "eps_growth_yearly": 1235.29
        },
        "20121": {
            "year_quarter": 20121,
            "year": 2012,
            "quarter": 1,
            "eps": 0.09,
            "eps_growth_year": 350,
            "eps_4q": 0.16,
            "eps_4q_growth_year": -47.75,
            "roe": 0.72,
            "roe_4q": 1.3599999999999999,
            "gross_profit": 17139,
            "gross_margin": 19.43,
            "gross_margin_4q_avg": 19.75,
            "net_income": 2591,
            "revenue": 88213,
            "common_shares": 301642,
            "book_valuer_per_share": 11.95,
            "book_valuer_per_share_4q_avg": 11.92,
            "equity": 360320,
            "current_ratio": 321.43,
            "debt_ratio": 42.04,
            "inventory_turnover_ratio": 0.33,
            "account_receivable_turnover_ratio": 0.87,
            "reinvestment_rate": null,
            "research_to_sale_ratio": 2.43,
            "price_fair": 23.8,
            "eps_avg_yearly": 0.68,
            "eps_latest_yearly": 0.56,
            "eps_growth_yearly": 1235.29
        },
        "20122": {
            "year_quarter": 20122,
            "year": 2012,
            "quarter": 2,
            "eps": 0.02,
            "eps_growth_year": -82.66,
            "eps_4q": 0.05,
            "eps_4q_growth_year": -81.15,
            "roe": 0.2,
            "roe_4q": 0.4099999999999999,
            "gross_profit": 18377,
            "gross_margin": 19.57,
            "gross_margin_4q_avg": 19.1,
            "net_income": 714,
            "revenue": 93918,
            "common_shares": 301642,
            "book_valuer_per_share": 11.97,
            "book_valuer_per_share_4q_avg": 11.93,
            "equity": 361078,
            "current_ratio": 294.21,
            "debt_ratio": 43.91,
            "inventory_turnover_ratio": 0.35,
            "account_receivable_turnover_ratio": 0.91,
            "reinvestment_rate": null,
            "research_to_sale_ratio": 2.43,
            "price_fair": 16.8,
            "eps_avg_yearly": 0.48,
            "eps_latest_yearly": 0.08,
            "eps_growth_yearly": 719.83
        },
        "20123": {
            "year_quarter": 20123,
            "year": 2012,
            "quarter": 3,
            "eps": 0.14,
            "eps_growth_year": null,
            "eps_4q": 0.23,
            "eps_4q_growth_year": 1118.13,
            "roe": 1.15,
            "roe_4q": 1.91,
            "gross_profit": 18223,
            "gross_margin": 19.53,
            "gross_margin_4q_avg": 20.14,
            "net_income": 4192,
            "revenue": 93285,
            "common_shares": 301642,
            "book_valuer_per_share": 12.11,
            "book_valuer_per_share_4q_avg": 11.97,
            "equity": 365199,
            "current_ratio": 260.6,
            "debt_ratio": 45.76,
            "inventory_turnover_ratio": 0.34,
            "account_receivable_turnover_ratio": 0.83,
            "reinvestment_rate": null,
            "research_to_sale_ratio": 2.55,
            "price_fair": 17.5,
            "eps_avg_yearly": 0.5,
            "eps_latest_yearly": 0.56,
            "eps_growth_yearly": 1139.87
        },
        "20124": {
            "year_quarter": 20124,
            "year": 2012,
            "quarter": 4,
            "eps": -0.07,
            "eps_growth_year": null,
            "eps_4q": 0.18,
            "eps_4q_growth_year": 111.39,
            "roe": -0.58,
            "roe_4q": 1.49,
            "gross_profit": 16021,
            "gross_margin": 16.75,
            "gross_margin_4q_avg": 18.82,
            "net_income": -2094,
            "revenue": 95626,
            "common_shares": 301642,
            "book_valuer_per_share": 12.04,
            "book_valuer_per_share_4q_avg": 12.02,
            "equity": 363103,
            "current_ratio": 159.12,
            "debt_ratio": 47.37,
            "inventory_turnover_ratio": 0.35,
            "account_receivable_turnover_ratio": 0.8,
            "reinvestment_rate": null,
            "research_to_sale_ratio": 3.78,
            "price_fair": 17.5,
            "eps_avg_yearly": 0.5,
            "eps_latest_yearly": 0.56,
            "eps_growth_yearly": 1139.87
        },
        "20131": {
            "year_quarter": 20131,
            "year": 2013,
            "quarter": 1,
            "eps": -0.19,
            "eps_growth_year": -311.11,
            "eps_4q": -0.09,
            "eps_4q_growth_year": -159.35,
            "roe": -1.59,
            "roe_4q": -0.8200000000000001,
            "gross_profit": 10629,
            "gross_margin": 14.31,
            "gross_margin_4q_avg": 17.54,
            "net_income": -5587,
            "revenue": 74264,
            "common_shares": 301642,
            "book_valuer_per_share": 11.22,
            "book_valuer_per_share_4q_avg": 11.84,
            "equity": 338352,
            "current_ratio": 166.33,
            "debt_ratio": 47.27,
            "inventory_turnover_ratio": 0.27,
            "account_receivable_turnover_ratio": 0.68,
            "reinvestment_rate": null,
            "research_to_sale_ratio": 3.14,
            "price_fair": 17.5,
            "eps_avg_yearly": 0.5,
            "eps_latest_yearly": 0.56,
            "eps_growth_yearly": 1139.87
        },
        "20132": {
            "year_quarter": 20132,
            "year": 2013,
            "quarter": 2,
            "eps": 0.19,
            "eps_growth_year": 702.7,
            "eps_4q": 0.07,
            "eps_4q_growth_year": 46.45,
            "roe": 1.67,
            "roe_4q": 0.6499999999999998,
            "gross_profit": 17970,
            "gross_margin": 18.02,
            "gross_margin_4q_avg": 17.15,
            "net_income": 5715,
            "revenue": 99714,
            "common_shares": 301642,
            "book_valuer_per_share": 11.41,
            "book_valuer_per_share_4q_avg": 11.7,
            "equity": 344157,
            "current_ratio": 160.93,
            "debt_ratio": 48.24,
            "inventory_turnover_ratio": 0.35,
            "account_receivable_turnover_ratio": 0.89,
            "reinvestment_rate": 313.66,
            "research_to_sale_ratio": 2.43,
            "price_fair": 17.5,
            "eps_avg_yearly": 0.5,
            "eps_latest_yearly": 0.56,
            "eps_growth_yearly": 1139.87
        },
        "20133": {
            "year_quarter": 20133,
            "year": 2013,
            "quarter": 3,
            "eps": -0.03,
            "eps_growth_year": -121.59,
            "eps_4q": -0.09,
            "eps_4q_growth_year": -140.25,
            "roe": -0.24,
            "roe_4q": -0.7400000000000001,
            "gross_profit": 15106,
            "gross_margin": 17.22,
            "gross_margin_4q_avg": 16.58,
            "net_income": -824,
            "revenue": 87716,
            "common_shares": 301642,
            "book_valuer_per_share": 11.38,
            "book_valuer_per_share_4q_avg": 11.51,
            "equity": 343276,
            "current_ratio": 160.06,
            "debt_ratio": 50.75,
            "inventory_turnover_ratio": 0.3,
            "account_receivable_turnover_ratio": 0.71,
            "reinvestment_rate": 243.45,
            "research_to_sale_ratio": 2.64,
            "price_fair": 17.5,
            "eps_avg_yearly": 0.5,
            "eps_latest_yearly": 0.56,
            "eps_growth_yearly": 1139.87
        },
        "20134": {
            "year_quarter": 20134,
            "year": 2013,
            "quarter": 4,
            "eps": 0.02,
            "eps_growth_year": null,
            "eps_4q": 0,
            "eps_4q_growth_year": -98.04,
            "roe": 0.22,
            "roe_4q": 0.05999999999999983,
            "gross_profit": 18034,
            "gross_margin": 19.26,
            "gross_margin_4q_avg": 17.2,
            "net_income": 823,
            "revenue": 93638,
            "common_shares": 301642,
            "book_valuer_per_share": 13.76,
            "book_valuer_per_share_4q_avg": 11.94,
            "equity": 415077,
            "current_ratio": 202.12,
            "debt_ratio": 42.21,
            "inventory_turnover_ratio": 0.31,
            "account_receivable_turnover_ratio": 0.78,
            "reinvestment_rate": 106.62,
            "research_to_sale_ratio": 3.67,
            "price_fair": 17.5,
            "eps_avg_yearly": 0.5,
            "eps_latest_yearly": 0.56,
            "eps_growth_yearly": 1139.87
        },
        "20141": {
            "year_quarter": 20141,
            "year": 2014,
            "quarter": 1,
            "eps": 0,
            "eps_growth_year": null,
            "eps_4q": 0.15,
            "eps_4q_growth_year": null,
            "roe": 0.02,
            "roe_4q": 1.67,
            "gross_profit": 16343,
            "gross_margin": 19.17,
            "gross_margin_4q_avg": 18.42,
            "net_income": 98,
            "revenue": 85232,
            "common_shares": 388506,
            "book_valuer_per_share": 11.48,
            "book_valuer_per_share_4q_avg": 12.01,
            "equity": 445913,
            "current_ratio": 273.02,
            "debt_ratio": 33.36,
            "inventory_turnover_ratio": 0.28,
            "account_receivable_turnover_ratio": 0.78,
            "reinvestment_rate": 111.49,
            "research_to_sale_ratio": 2.85,
            "price_fair": 17.5,
            "eps_avg_yearly": 0.5,
            "eps_latest_yearly": 0.56,
            "eps_growth_yearly": 1139.87
        },
        "20142": {
            "year_quarter": 20142,
            "year": 2014,
            "quarter": 2,
            "eps": 0.02,
            "eps_growth_year": -89.47,
            "eps_4q": 0.03,
            "eps_4q_growth_year": -62.92,
            "roe": 0.22,
            "roe_4q": 0.21999999999999997,
            "gross_profit": 18931,
            "gross_margin": 17.27,
            "gross_margin_4q_avg": 18.23,
            "net_income": 966,
            "revenue": 109625,
            "common_shares": 388506,
            "book_valuer_per_share": 11.5,
            "book_valuer_per_share_4q_avg": 12.03,
            "equity": 446790,
            "current_ratio": 247.08,
            "debt_ratio": 36.29,
            "inventory_turnover_ratio": 0.35,
            "account_receivable_turnover_ratio": 0.96,
            "reinvestment_rate": 92.02,
            "research_to_sale_ratio": 2.25,
            "price_fair": 17.5,
            "eps_avg_yearly": 0.5,
            "eps_latest_yearly": 0.56,
            "eps_growth_yearly": 1139.87
        },
        "20143": {
            "year_quarter": 20143,
            "year": 2014,
            "quarter": 3,
            "eps": 0.04,
            "eps_growth_year": null,
            "eps_4q": 0.09,
            "eps_4q_growth_year": null,
            "roe": 0.33,
            "roe_4q": 0.79,
            "gross_profit": 18272,
            "gross_margin": 16.89,
            "gross_margin_4q_avg": 18.15,
            "net_income": 1497,
            "revenue": 108166,
            "common_shares": 388506,
            "book_valuer_per_share": 11.54,
            "book_valuer_per_share_4q_avg": 12.07,
            "equity": 448433,
            "current_ratio": 215.25,
            "debt_ratio": 40.56,
            "inventory_turnover_ratio": 0.33,
            "account_receivable_turnover_ratio": 0.86,
            "reinvestment_rate": 17.67,
            "research_to_sale_ratio": 2.49,
            "price_fair": 11.9,
            "eps_avg_yearly": 0.34,
            "eps_latest_yearly": 0.16,
            "eps_growth_yearly": 1222.22
        },
        "20144": {
            "year_quarter": 20144,
            "year": 2014,
            "quarter": 4,
            "eps": 0.05,
            "eps_growth_year": 100.17,
            "eps_4q": 0.11,
            "eps_4q_growth_year": 3072.07,
            "roe": 0.39,
            "roe_4q": 0.96,
            "gross_profit": 20798,
            "gross_margin": 17.71,
            "gross_margin_4q_avg": 17.76,
            "net_income": 1772,
            "revenue": 117450,
            "common_shares": 388506,
            "book_valuer_per_share": 11.58,
            "book_valuer_per_share_4q_avg": 11.53,
            "equity": 449981,
            "current_ratio": 207.37,
            "debt_ratio": 41.28,
            "inventory_turnover_ratio": 0.34,
            "account_receivable_turnover_ratio": 0.87,
            "reinvestment_rate": 75.34,
            "research_to_sale_ratio": 2.12,
            "price_fair": 10.92,
            "eps_avg_yearly": 0.31,
            "eps_latest_yearly": 0.2,
            "eps_growth_yearly": 997.78
        },
        "20151": {
            "year_quarter": 20151,
            "year": 2015,
            "quarter": 1,
            "eps": 0.13,
            "eps_growth_year": null,
            "eps_4q": 0.24,
            "eps_4q_growth_year": 62.2,
            "roe": 1.15,
            "roe_4q": 2.0900000000000003,
            "gross_profit": 21822,
            "gross_margin": 19.21,
            "gross_margin_4q_avg": 17.77,
            "net_income": 5192,
            "revenue": 113589,
            "common_shares": 388506,
            "book_valuer_per_share": 11.71,
            "book_valuer_per_share_4q_avg": 11.58,
            "equity": 455108,
            "current_ratio": 198.71,
            "debt_ratio": 41.89,
            "inventory_turnover_ratio": 0.31,
            "account_receivable_turnover_ratio": 0.89,
            "reinvestment_rate": 183.61,
            "research_to_sale_ratio": 2.3,
            "price_fair": 12.13,
            "eps_avg_yearly": 0.35,
            "eps_latest_yearly": 0.52,
            "eps_growth_yearly": 938.15
        },
        "20152": {
            "year_quarter": 20152,
            "year": 2015,
            "quarter": 2,
            "eps": -0.25,
            "eps_growth_year": -1350,
            "eps_4q": -0.03,
            "eps_4q_growth_year": -207.24,
            "roe": -2.13,
            "roe_4q": -0.25999999999999995,
            "gross_profit": 14361,
            "gross_margin": 15.29,
            "gross_margin_4q_avg": 17.28,
            "net_income": -9601,
            "revenue": 93920,
            "common_shares": 388506,
            "book_valuer_per_share": 11.46,
            "book_valuer_per_share_4q_avg": 11.57,
            "equity": 445397,
            "current_ratio": 196.1,
            "debt_ratio": 43.51,
            "inventory_turnover_ratio": 0.26,
            "account_receivable_turnover_ratio": 0.8,
            "reinvestment_rate": 902.43,
            "research_to_sale_ratio": 2.73,
            "price_fair": 10.64,
            "eps_avg_yearly": 0.3,
            "eps_latest_yearly": 0.52,
            "eps_growth_yearly": 645.78
        },
        "20153": {
            "year_quarter": 20153,
            "year": 2015,
            "quarter": 3,
            "eps": -0.16,
            "eps_growth_year": -500,
            "eps_4q": -0.23,
            "eps_4q_growth_year": -360.7,
            "roe": -1.4,
            "roe_4q": -1.9899999999999998,
            "gross_profit": 11556,
            "gross_margin": 11.77,
            "gross_margin_4q_avg": 16,
            "net_income": -6185,
            "revenue": 98178,
            "common_shares": 388506,
            "book_valuer_per_share": 11.31,
            "book_valuer_per_share_4q_avg": 11.52,
            "equity": 439506,
            "current_ratio": 198.76,
            "debt_ratio": 43.86,
            "inventory_turnover_ratio": 0.27,
            "account_receivable_turnover_ratio": 0.85,
            "reinvestment_rate": null,
            "research_to_sale_ratio": 2.61,
            "price_fair": 10.64,
            "eps_avg_yearly": 0.3,
            "eps_latest_yearly": 0.52,
            "eps_growth_yearly": 645.78
        },
        "20154": {
            "year_quarter": 20154,
            "year": 2015,
            "quarter": 4,
            "eps": -0.46,
            "eps_growth_year": -1116.53,
            "eps_4q": -0.74,
            "eps_4q_growth_year": -760.21,
            "roe": -4.19,
            "roe_4q": -6.57,
            "gross_profit": 5530,
            "gross_margin": 6.12,
            "gross_margin_4q_avg": 13.1,
            "net_income": -18013,
            "revenue": 90298,
            "common_shares": 388506,
            "book_valuer_per_share": 10.81,
            "book_valuer_per_share_4q_avg": 11.32,
            "equity": 419792,
            "current_ratio": 194.32,
            "debt_ratio": 45.58,
            "inventory_turnover_ratio": 0.27,
            "account_receivable_turnover_ratio": 0.86,
            "reinvestment_rate": null,
            "research_to_sale_ratio": 2.81,
            "price_fair": 10.64,
            "eps_avg_yearly": 0.3,
            "eps_latest_yearly": 0.52,
            "eps_growth_yearly": 645.78
        },
        "20161": {
            "year_quarter": 20161,
            "year": 2016,
            "quarter": 1,
            "eps": -0.02,
            "eps_growth_year": -115.38,
            "eps_4q": -0.89,
            "eps_4q_growth_year": -465.37,
            "roe": -0.15,
            "roe_4q": -7.87,
            "gross_profit": 42266,
            "gross_margin": 31.63,
            "gross_margin_4q_avg": 16.2,
            "net_income": -644,
            "revenue": 133635,
            "common_shares": 388506,
            "book_valuer_per_share": 10.79,
            "book_valuer_per_share_4q_avg": 11.09,
            "equity": 419080,
            "current_ratio": 186.02,
            "debt_ratio": 45.72,
            "inventory_turnover_ratio": 0.31,
            "account_receivable_turnover_ratio": 1.37,
            "reinvestment_rate": null,
            "research_to_sale_ratio": 1.91,
            "price_fair": 10.64,
            "eps_avg_yearly": 0.3,
            "eps_latest_yearly": 0.52,
            "eps_growth_yearly": 645.78
        },
        "20162": {
            "year_quarter": 20162,
            "year": 2016,
            "quarter": 2,
            "eps": -0.22,
            "eps_growth_year": null,
            "eps_4q": -0.86,
            "eps_4q_growth_year": null,
            "roe": -2.09,
            "roe_4q": -7.83,
            "gross_profit": 7549,
            "gross_margin": 8.3,
            "gross_margin_4q_avg": 14.46,
            "net_income": -8654,
            "revenue": 90946,
            "common_shares": 388506,
            "book_valuer_per_share": 10.56,
            "book_valuer_per_share_4q_avg": 10.87,
            "equity": 410341,
            "current_ratio": 182.44,
            "debt_ratio": 47.48,
            "inventory_turnover_ratio": 0.27,
            "account_receivable_turnover_ratio": 0.99,
            "reinvestment_rate": null,
            "research_to_sale_ratio": 4.16,
            "price_fair": 12.6,
            "eps_avg_yearly": 0.36,
            "eps_latest_yearly": 0.52,
            "eps_growth_yearly": 885
        },
        "20163": {
            "year_quarter": 20163,
            "year": 2016,
            "quarter": 3,
            "eps": -0.15,
            "eps_growth_year": null,
            "eps_4q": -0.85,
            "eps_4q_growth_year": null,
            "roe": -1.45,
            "roe_4q": -7.880000000000001,
            "gross_profit": 10660,
            "gross_margin": 13.09,
            "gross_margin_4q_avg": 14.79,
            "net_income": -5871,
            "revenue": 81414,
            "common_shares": 388506,
            "book_valuer_per_share": 10.3,
            "book_valuer_per_share_4q_avg": 10.62,
            "equity": 400084,
            "current_ratio": 166.8,
            "debt_ratio": 52.46,
            "inventory_turnover_ratio": 0.22,
            "account_receivable_turnover_ratio": 0.86,
            "reinvestment_rate": null,
            "research_to_sale_ratio": 3.31,
            "price_fair": 10.27,
            "eps_avg_yearly": 0.29,
            "eps_latest_yearly": 0.52,
            "eps_growth_yearly": 380
        },
        "20164": {
            "year_quarter": 20164,
            "year": 2016,
            "quarter": 4,
            "eps": -0.18,
            "eps_growth_year": null,
            "eps_4q": -0.58,
            "eps_4q_growth_year": null,
            "roe": -1.78,
            "roe_4q": -5.470000000000001,
            "gross_profit": 14503,
            "gross_margin": 14.7,
            "gross_margin_4q_avg": 16.93,
            "net_income": -7040,
            "revenue": 98633,
            "common_shares": 388506,
            "book_valuer_per_share": 10.18,
            "book_valuer_per_share_4q_avg": 10.46,
            "equity": 390572,
            "current_ratio": 155.99,
            "debt_ratio": 54.05,
            "inventory_turnover_ratio": 0.26,
            "account_receivable_turnover_ratio": 0.92,
            "reinvestment_rate": null,
            "research_to_sale_ratio": 2.65,
            "price_fair": 10.27,
            "eps_avg_yearly": 0.29,
            "eps_latest_yearly": 0.52,
            "eps_growth_yearly": 380
        },
        "20171": {
            "year_quarter": 20171,
            "year": 2017,
            "quarter": 1,
            "eps": -0.12,
            "eps_growth_year": null,
            "eps_4q": -0.68,
            "eps_4q_growth_year": null,
            "roe": -1.17,
            "roe_4q": -6.49,
            "gross_profit": 9914,
            "gross_margin": 11.35,
            "gross_margin_4q_avg": 11.86,
            "net_income": -4525,
            "revenue": 87310,
            "common_shares": 388506,
            "book_valuer_per_share": 10.05,
            "book_valuer_per_share_4q_avg": 10.27,
            "equity": 385861,
            "current_ratio": 146.84,
            "debt_ratio": 53.84,
            "inventory_turnover_ratio": 0.24,
            "account_receivable_turnover_ratio": 0.85,
            "reinvestment_rate": null,
            "research_to_sale_ratio": 2.84,
            "price_fair": 10.27,
            "eps_avg_yearly": 0.29,
            "eps_latest_yearly": 0.52,
            "eps_growth_yearly": 380
        },
        "20172": {
            "year_quarter": 20172,
            "year": 2017,
            "quarter": 2,
            "eps": -0.23,
            "eps_growth_year": null,
            "eps_4q": -0.68,
            "eps_4q_growth_year": null,
            "roe": -2.29,
            "roe_4q": -6.69,
            "gross_profit": 14071,
            "gross_margin": 14.27,
            "gross_margin_4q_avg": 13.35,
            "net_income": -8730,
            "revenue": 98597,
            "common_shares": 388506,
            "book_valuer_per_share": 9.83,
            "book_valuer_per_share_4q_avg": 10.09,
            "equity": 377188,
            "current_ratio": 145.07,
            "debt_ratio": 53.87,
            "inventory_turnover_ratio": 0.27,
            "account_receivable_turnover_ratio": 1.03,
            "reinvestment_rate": null,
            "research_to_sale_ratio": 2.51,
            "price_fair": 10.27,
            "eps_avg_yearly": 0.29,
            "eps_latest_yearly": 0.52,
            "eps_growth_yearly": 380
        },
        "20173": {
            "year_quarter": 20173,
            "year": 2017,
            "quarter": 3,
            "eps": -0.25,
            "eps_growth_year": null,
            "eps_4q": -0.78,
            "eps_4q_growth_year": null,
            "roe": -2.57,
            "roe_4q": -7.81,
            "gross_profit": 10189,
            "gross_margin": 12.14,
            "gross_margin_4q_avg": 13.12,
            "net_income": -9584,
            "revenue": 83925,
            "common_shares": 388506,
            "book_valuer_per_share": 9.58,
            "book_valuer_per_share_4q_avg": 9.91,
            "equity": 367632,
            "current_ratio": 138.75,
            "debt_ratio": 55.05,
            "inventory_turnover_ratio": 0.23,
            "account_receivable_turnover_ratio": 0.86,
            "reinvestment_rate": null,
            "research_to_sale_ratio": 2.74,
            "price_fair": 10.27,
            "eps_avg_yearly": 0.29,
            "eps_latest_yearly": 0.52,
            "eps_growth_yearly": 380
        },
        "20174": {
            "year_quarter": 20174,
            "year": 2017,
            "quarter": 4,
            "eps": -0.01,
            "eps_growth_year": null,
            "eps_4q": -0.61,
            "eps_4q_growth_year": null,
            "roe": -0.15,
            "roe_4q": -6.18,
            "gross_profit": 10019,
            "gross_margin": 12.04,
            "gross_margin_4q_avg": 12.45,
            "net_income": -553,
            "revenue": 83245,
            "common_shares": 388506,
            "book_valuer_per_share": 9.5,
            "book_valuer_per_share_4q_avg": 9.74,
            "equity": 364747,
            "current_ratio": 130.91,
            "debt_ratio": 55.99,
            "inventory_turnover_ratio": 0.23,
            "account_receivable_turnover_ratio": 0.86,
            "reinvestment_rate": null,
            "research_to_sale_ratio": 2.58,
            "price_fair": 10.27,
            "eps_avg_yearly": 0.29,
            "eps_latest_yearly": 0.52,
            "eps_growth_yearly": 380
        },
        "20181": {
            "year_quarter": 20181,
            "year": 2018,
            "quarter": 1,
            "eps": 0.03,
            "eps_growth_year": null,
            "eps_4q": -0.46,
            "eps_4q_growth_year": null,
            "roe": 0.36,
            "roe_4q": -4.65,
            "gross_profit": 22263,
            "gross_margin": 20.27,
            "gross_margin_4q_avg": 14.68,
            "net_income": 1299,
            "revenue": 109810,
            "common_shares": 388506,
            "book_valuer_per_share": 9.54,
            "book_valuer_per_share_4q_avg": 9.61,
            "equity": 366032,
            "current_ratio": 129.68,
            "debt_ratio": 55.41,
            "inventory_turnover_ratio": 0.29,
            "account_receivable_turnover_ratio": 1.21,
            "reinvestment_rate": null,
            "research_to_sale_ratio": 1.84,
            "price_fair": 10.27,
            "eps_avg_yearly": 0.29,
            "eps_latest_yearly": 0.52,
            "eps_growth_yearly": 380
        },
        "20182": {
            "year_quarter": 20182,
            "year": 2018,
            "quarter": 2,
            "eps": 0.12,
            "eps_growth_year": null,
            "eps_4q": -0.11,
            "eps_4q_growth_year": null,
            "roe": 1.3,
            "roe_4q": -1.0599999999999996,
            "gross_profit": 19849,
            "gross_margin": 14.42,
            "gross_margin_4q_avg": 14.72,
            "net_income": 4786,
            "revenue": 137642,
            "common_shares": 388506,
            "book_valuer_per_share": 9.66,
            "book_valuer_per_share_4q_avg": 9.57,
            "equity": 370809,
            "current_ratio": 129.75,
            "debt_ratio": 55.88,
            "inventory_turnover_ratio": 0.4,
            "account_receivable_turnover_ratio": 1.23,
            "reinvestment_rate": null,
            "research_to_sale_ratio": 1.51,
            "price_fair": 11.9,
            "eps_avg_yearly": 0.34,
            "eps_latest_yearly": 0.48,
            "eps_growth_yearly": 585
        },
        "20183": {
            "year_quarter": 20183,
            "year": 2018,
            "quarter": 3,
            "eps": -0.17,
            "eps_growth_year": null,
            "eps_4q": -0.03,
            "eps_4q_growth_year": null,
            "roe": -1.77,
            "roe_4q": -0.26,
            "gross_profit": 13980,
            "gross_margin": 13.67,
            "gross_margin_4q_avg": 15.1,
            "net_income": -6561,
            "revenue": 102250,
            "common_shares": 388506,
            "book_valuer_per_share": 9.51,
            "book_valuer_per_share_4q_avg": 9.55,
            "equity": 369300,
            "current_ratio": 128.13,
            "debt_ratio": 56.89,
            "inventory_turnover_ratio": 0.29,
            "account_receivable_turnover_ratio": 0.75,
            "reinvestment_rate": null,
            "research_to_sale_ratio": 2.03,
            "price_fair": 14,
            "eps_avg_yearly": 0.4,
            "eps_latest_yearly": 0.48,
            "eps_growth_yearly": 646.67
        },
        "20184": {
            "year_quarter": 20184,
            "year": 2018,
            "quarter": 4,
            "eps": 0.05,
            "eps_growth_year": null,
            "eps_4q": 0.03,
            "eps_4q_growth_year": null,
            "roe": 0.48,
            "roe_4q": 0.37,
            "gross_profit": 14995,
            "gross_margin": 19.61,
            "gross_margin_4q_avg": 16.99,
            "net_income": 1774,
            "revenue": 76459,
            "common_shares": 388506,
            "book_valuer_per_share": 9.39,
            "book_valuer_per_share_4q_avg": 9.53,
            "equity": 364889,
            "current_ratio": 133.41,
            "debt_ratio": 57.41,
            "inventory_turnover_ratio": 0.19,
            "account_receivable_turnover_ratio": 0.66,
            "reinvestment_rate": null,
            "research_to_sale_ratio": 2.68,
            "price_fair": 17.5,
            "eps_avg_yearly": 0.5,
            "eps_latest_yearly": 0.48,
            "eps_growth_yearly": 920
        },
        "20191": {
            "year_quarter": 20191,
            "year": 2019,
            "quarter": 1,
            "eps": -0.08,
            "eps_growth_year": -366.67,
            "eps_4q": -0.08,
            "eps_4q_growth_year": null,
            "roe": -0.9,
            "roe_4q": -0.8899999999999999,
            "gross_profit": 18806,
            "gross_margin": 18.27,
            "gross_margin_4q_avg": 16.49,
            "net_income": -3261,
            "revenue": 102942,
            "common_shares": 388506,
            "book_valuer_per_share": 9.31,
            "book_valuer_per_share_4q_avg": 9.47,
            "equity": 361666,
            "current_ratio": 132.82,
            "debt_ratio": 57.34,
            "inventory_turnover_ratio": 0.26,
            "account_receivable_turnover_ratio": 1.07,
            "reinvestment_rate": null,
            "research_to_sale_ratio": 2.04,
            "price_fair": 16.8,
            "eps_avg_yearly": 0.48,
            "eps_latest_yearly": 0.48,
            "eps_growth_yearly": 1200
        },
        "20192": {
            "year_quarter": 20192,
            "year": 2019,
            "quarter": 2,
            "eps": -0.22,
            "eps_growth_year": -283.33,
            "eps_4q": -0.42,
            "eps_4q_growth_year": null,
            "roe": -2.35,
            "roe_4q": -4.54,
            "gross_profit": 8350,
            "gross_margin": 9.88,
            "gross_margin_4q_avg": 15.36,
            "net_income": -8388,
            "revenue": 84537,
            "common_shares": 388506,
            "book_valuer_per_share": 9.09,
            "book_valuer_per_share_4q_avg": 9.33,
            "equity": 353277,
            "current_ratio": 126.17,
            "debt_ratio": 59.22,
            "inventory_turnover_ratio": 0.24,
            "account_receivable_turnover_ratio": 0.87,
            "reinvestment_rate": null,
            "research_to_sale_ratio": 2.34,
            "price_fair": 16.8,
            "eps_avg_yearly": 0.48,
            "eps_latest_yearly": 0.48,
            "eps_growth_yearly": 1200
        },
        "20193": {
            "year_quarter": 20193,
            "year": 2019,
            "quarter": 3,
            "eps": -0.33,
            "eps_growth_year": null,
            "eps_4q": -0.58,
            "eps_4q_growth_year": null,
            "roe": -3.64,
            "roe_4q": -6.41,
            "gross_profit": 6444,
            "gross_margin": 9.82,
            "gross_margin_4q_avg": 14.4,
            "net_income": -12629,
            "revenue": 65649,
            "common_shares": 388506,
            "book_valuer_per_share": 8.77,
            "book_valuer_per_share_4q_avg": 9.14,
            "equity": 340670,
            "current_ratio": 124.8,
            "debt_ratio": 60.87,
            "inventory_turnover_ratio": 0.18,
            "account_receivable_turnover_ratio": 0.66,
            "reinvestment_rate": null,
            "research_to_sale_ratio": 2.75,
            "price_fair": 16.8,
            "eps_avg_yearly": 0.48,
            "eps_latest_yearly": 0.48,
            "eps_growth_yearly": 1200
        },
        "20194": {
            "year_quarter": 20194,
            "year": 2019,
            "quarter": 4,
            "eps": -0.27,
            "eps_growth_year": -696.73,
            "eps_4q": -0.9,
            "eps_4q_growth_year": -2785.98,
            "roe": -3.16,
            "roe_4q": -10.05,
            "gross_profit": 9192,
            "gross_margin": 12.57,
            "gross_margin_4q_avg": 12.64,
            "net_income": -10586,
            "revenue": 73120,
            "common_shares": 388506,
            "book_valuer_per_share": 8.48,
            "book_valuer_per_share_4q_avg": 8.91,
            "equity": 329458,
            "current_ratio": 120.72,
            "debt_ratio": 61.77,
            "inventory_turnover_ratio": 0.19,
            "account_receivable_turnover_ratio": 0.83,
            "reinvestment_rate": null,
            "research_to_sale_ratio": 2.53,
            "price_fair": 16.8,
            "eps_avg_yearly": 0.48,
            "eps_latest_yearly": 0.48,
            "eps_growth_yearly": 1200
        },
        "20201": {
            "year_quarter": 20201,
            "year": 2020,
            "quarter": 1,
            "eps": -0.27,
            "eps_growth_year": null,
            "eps_4q": -1.09,
            "eps_4q_growth_year": null,
            "roe": -3.28,
            "roe_4q": -12.43,
            "gross_profit": 7337,
            "gross_margin": 9.89,
            "gross_margin_4q_avg": 10.54,
            "net_income": -10617,
            "revenue": 74210,
            "common_shares": 388506,
            "book_valuer_per_share": 8.21,
            "book_valuer_per_share_4q_avg": 8.64,
            "equity": 318859,
            "current_ratio": 117.65,
            "debt_ratio": 62.3,
            "inventory_turnover_ratio": 0.2,
            "account_receivable_turnover_ratio": 0.98,
            "reinvestment_rate": null,
            "research_to_sale_ratio": 2.31,
            "price_fair": 16.8,
            "eps_avg_yearly": 0.48,
            "eps_latest_yearly": 0.48,
            "eps_growth_yearly": 1200
        },
        "20202": {
            "year_quarter": 20202,
            "year": 2020,
            "quarter": 2,
            "eps": -0.09,
            "eps_growth_year": null,
            "eps_4q": -0.96,
            "eps_4q_growth_year": null,
            "roe": -1.07,
            "roe_4q": -11.15,
            "gross_profit": 5815,
            "gross_margin": 8.15,
            "gross_margin_4q_avg": 10.11,
            "net_income": -3380,
            "revenue": 71319,
            "common_shares": 388506,
            "book_valuer_per_share": 8.12,
            "book_valuer_per_share_4q_avg": 8.4,
            "equity": 315520,
            "current_ratio": 117.26,
            "debt_ratio": 61.3,
            "inventory_turnover_ratio": 0.19,
            "account_receivable_turnover_ratio": 0.99,
            "reinvestment_rate": null,
            "research_to_sale_ratio": 2.12,
            "price_fair": 16.8,
            "eps_avg_yearly": 0.48,
            "eps_latest_yearly": 0.48,
            "eps_growth_yearly": 1200
        },
        "20203": {
            "year_quarter": 20203,
            "year": 2020,
            "quarter": 3,
            "eps": 0.03,
            "eps_growth_year": null,
            "eps_4q": -0.6,
            "eps_4q_growth_year": null,
            "roe": 0.38,
            "roe_4q": -7.13,
            "gross_profit": 10957,
            "gross_margin": 13.08,
            "gross_margin_4q_avg": 10.92,
            "net_income": 1222,
            "revenue": 83748,
            "common_shares": 388506,
            "book_valuer_per_share": 8.22,
            "book_valuer_per_share_4q_avg": 8.26,
            "equity": 319464,
            "current_ratio": 175.54,
            "debt_ratio": 61.11,
            "inventory_turnover_ratio": 0.22,
            "account_receivable_turnover_ratio": 1.22,
            "reinvestment_rate": null,
            "research_to_sale_ratio": 1.52,
            "price_fair": 16.8,
            "eps_avg_yearly": 0.48,
            "eps_latest_yearly": 0.48,
            "eps_growth_yearly": 1200
        },
        "20204": {
            "year_quarter": 20204,
            "year": 2020,
            "quarter": 4,
            "eps": -0.16,
            "eps_growth_year": null,
            "eps_4q": -0.49,
            "eps_4q_growth_year": null,
            "roe": -2.02,
            "roe_4q": -5.99,
            "gross_profit": 8969,
            "gross_margin": 9.8,
            "gross_margin_4q_avg": 10.23,
            "net_income": -6396,
            "revenue": 91478,
            "common_shares": 388506,
            "book_valuer_per_share": 8.07,
            "book_valuer_per_share_4q_avg": 8.16,
            "equity": 313620,
            "current_ratio": 183.34,
            "debt_ratio": 60.97,
            "inventory_turnover_ratio": 0.26,
            "account_receivable_turnover_ratio": 1.38,
            "reinvestment_rate": null,
            "research_to_sale_ratio": 1.26,
            "price_fair": 16.8,
            "eps_avg_yearly": 0.48,
            "eps_latest_yearly": 0.48,
            "eps_growth_yearly": 1200
        },
        "20211": {
            "year_quarter": 20211,
            "year": 2021,
            "quarter": 1,
            "eps": -0.3,
            "eps_growth_year": null,
            "eps_4q": -0.52,
            "eps_4q_growth_year": null,
            "roe": -3.75,
            "roe_4q": -6.46,
            "gross_profit": -732,
            "gross_margin": -1.19,
            "gross_margin_4q_avg": 7.46,
            "net_income": -11540,
            "revenue": 61264,
            "common_shares": 388506,
            "book_valuer_per_share": 7.77,
            "book_valuer_per_share_4q_avg": 8.05,
            "equity": 302057,
            "current_ratio": 179.12,
            "debt_ratio": 61.53,
            "inventory_turnover_ratio": 0.2,
            "account_receivable_turnover_ratio": 0.83,
            "reinvestment_rate": null,
            "research_to_sale_ratio": 1.96,
            "price_fair": 16.8,
            "eps_avg_yearly": 0.48,
            "eps_latest_yearly": 0.48,
            "eps_growth_yearly": 1200
        },
        "20212": {
            "year_quarter": 20212,
            "year": 2021,
            "quarter": 2,
            "eps": -0.14,
            "eps_growth_year": null,
            "eps_4q": -0.57,
            "eps_4q_growth_year": null,
            "roe": -1.84,
            "roe_4q": -7.2299999999999995,
            "gross_profit": 13334,
            "gross_margin": 14.28,
            "gross_margin_4q_avg": 8.99,
            "net_income": -5501,
            "revenue": 93359,
            "common_shares": 388506,
            "book_valuer_per_share": 7.63,
            "book_valuer_per_share_4q_avg": 7.92,
            "equity": 296598,
            "current_ratio": 176.62,
            "debt_ratio": 62.06,
            "inventory_turnover_ratio": 0.26,
            "account_receivable_turnover_ratio": 1.13,
            "reinvestment_rate": null,
            "research_to_sale_ratio": 1.1,
            "price_fair": 16.8,
            "eps_avg_yearly": 0.48,
            "eps_latest_yearly": 0.48,
            "eps_growth_yearly": 1200
        },
        "20213": {
            "year_quarter": 20213,
            "year": 2021,
            "quarter": 3,
            "eps": -0.14,
            "eps_growth_year": -566.67,
            "eps_4q": -0.74,
            "eps_4q_growth_year": null,
            "roe": -1.81,
            "roe_4q": -9.42,
            "gross_profit": 10669,
            "gross_margin": 11.78,
            "gross_margin_4q_avg": 8.67,
            "net_income": -5331,
            "revenue": 90581,
            "common_shares": 388506,
            "book_valuer_per_share": 7.5,
            "book_valuer_per_share_4q_avg": 7.74,
            "equity": 291284,
            "current_ratio": 115.62,
            "debt_ratio": 62.81,
            "inventory_turnover_ratio": 0.27,
            "account_receivable_turnover_ratio": 1.08,
            "reinvestment_rate": null,
            "research_to_sale_ratio": 1.14,
            "price_fair": 16.8,
            "eps_avg_yearly": 0.48,
            "eps_latest_yearly": 0.48,
            "eps_growth_yearly": 1200
        },
        "20214": {
            "year_quarter": 20214,
            "year": 2021,
            "quarter": 4,
            "eps": -0,
            "eps_growth_year": null,
            "eps_4q": -0.58,
            "eps_4q_growth_year": null,
            "roe": -0.04,
            "roe_4q": -7.44,
            "gross_profit": 12955,
            "gross_margin": 13.12,
            "gross_margin_4q_avg": 9.5,
            "net_income": -113,
            "revenue": 98756,
            "common_shares": 388506,
            "book_valuer_per_share": 7.58,
            "book_valuer_per_share_4q_avg": 7.62,
            "equity": 294325,
            "current_ratio": 117.35,
            "debt_ratio": 62.94,
            "inventory_turnover_ratio": 0.3,
            "account_receivable_turnover_ratio": 1.07,
            "reinvestment_rate": null,
            "research_to_sale_ratio": 0.84,
            "price_fair": 16.8,
            "eps_avg_yearly": 0.48,
            "eps_latest_yearly": 0.48,
            "eps_growth_yearly": 1200
        },
        "20221": {
            "year_quarter": 20221,
            "year": 2022,
            "quarter": 1,
            "eps": 0.02,
            "eps_growth_year": null,
            "eps_4q": -0.26,
            "eps_4q_growth_year": null,
            "roe": 0.32,
            "roe_4q": -3.37,
            "gross_profit": 16927,
            "gross_margin": 16.33,
            "gross_margin_4q_avg": 13.88,
            "net_income": 946,
            "revenue": 103643,
            "common_shares": 388506,
            "book_valuer_per_share": 7.59,
            "book_valuer_per_share_4q_avg": 7.58,
            "equity": 294996,
            "current_ratio": 118.08,
            "debt_ratio": 61.99,
            "inventory_turnover_ratio": 0.31,
            "account_receivable_turnover_ratio": 1.14,
            "reinvestment_rate": null,
            "research_to_sale_ratio": 0.81,
            "price_fair": 16.8,
            "eps_avg_yearly": 0.48,
            "eps_latest_yearly": 0.48,
            "eps_growth_yearly": 1200
        },
        "20222": {
            "year_quarter": 20222,
            "year": 2022,
            "quarter": 2,
            "eps": -0.04,
            "eps_growth_year": null,
            "eps_4q": -0.15,
            "eps_4q_growth_year": null,
            "roe": -0.5,
            "roe_4q": -2.0300000000000002,
            "gross_profit": 14869,
            "gross_margin": 15.64,
            "gross_margin_4q_avg": 14.22,
            "net_income": -1480,
            "revenue": 95056,
            "common_shares": 388506,
            "book_valuer_per_share": 7.56,
            "book_valuer_per_share_4q_avg": 7.56,
            "equity": 293571,
            "current_ratio": 184.6,
            "debt_ratio": 61.89,
            "inventory_turnover_ratio": 0.3,
            "account_receivable_turnover_ratio": 1.14,
            "reinvestment_rate": null,
            "research_to_sale_ratio": 0.94,
            "price_fair": 0,
            "eps_avg_yearly": 0,
            "eps_latest_yearly": 0,
            "eps_growth_yearly": 0
        },
        "20223": {
            "year_quarter": 20223,
            "year": 2022,
            "quarter": 3,
            "eps": 0.08,
            "eps_growth_year": null,
            "eps_4q": 0.06,
            "eps_4q_growth_year": null,
            "roe": 1.02,
            "roe_4q": 0.8,
            "gross_profit": 20848,
            "gross_margin": 19.24,
            "gross_margin_4q_avg": 16.08,
            "net_income": 3014,
            "revenue": 108356,
            "common_shares": 389506,
            "book_valuer_per_share": 7.64,
            "book_valuer_per_share_4q_avg": 7.59,
            "equity": 297531,
            "current_ratio": 116.78,
            "debt_ratio": 62.04,
            "inventory_turnover_ratio": 0.33,
            "account_receivable_turnover_ratio": 1.17,
            "reinvestment_rate": null,
            "research_to_sale_ratio": 0.8,
            "price_fair": 0,
            "eps_avg_yearly": 0,
            "eps_latest_yearly": 0,
            "eps_growth_yearly": 0
        },
        "20224": {
            "year_quarter": 20224,
            "year": 2022,
            "quarter": 4,
            "eps": 0.08,
            "eps_growth_year": null,
            "eps_4q": 0.14,
            "eps_4q_growth_year": null,
            "roe": 1,
            "roe_4q": 1.84,
            "gross_profit": 19334,
            "gross_margin": 17.2,
            "gross_margin_4q_avg": 17.1,
            "net_income": 3039,
            "revenue": 112399,
            "common_shares": 389506,
            "book_valuer_per_share": 8.04,
            "book_valuer_per_share_4q_avg": 7.71,
            "equity": 313166,
            "current_ratio": 119.46,
            "debt_ratio": 60.58,
            "inventory_turnover_ratio": 0.35,
            "account_receivable_turnover_ratio": 1.13,
            "reinvestment_rate": null,
            "research_to_sale_ratio": 0.68,
            "price_fair": 3.2,
            "eps_avg_yearly": 0.32,
            "eps_latest_yearly": 0.32,
            "eps_growth_yearly": 0
        },
        "20231": {
            "year_quarter": 20231,
            "year": 2023,
            "quarter": 1,
            "eps": 0.02,
            "eps_growth_year": 0,
            "eps_4q": 0.13,
            "eps_4q_growth_year": null,
            "roe": 0.26,
            "roe_4q": 1.7800000000000002,
            "gross_profit": 18607,
            "gross_margin": 18.61,
            "gross_margin_4q_avg": 17.67,
            "net_income": 823,
            "revenue": 99998,
            "common_shares": 401906,
            "book_valuer_per_share": 7.85,
            "book_valuer_per_share_4q_avg": 7.77,
            "equity": 321597,
            "current_ratio": 121.58,
            "debt_ratio": 59.25,
            "inventory_turnover_ratio": 0.31,
            "account_receivable_turnover_ratio": 0.97,
            "reinvestment_rate": null,
            "research_to_sale_ratio": 0.72,
            "price_fair": 0.6,
            "eps_avg_yearly": 0.2,
            "eps_latest_yearly": 0.08,
            "eps_growth_yearly": -150
        }
    },
    "months": {
        "2003-10": {
            "month": "2003-10",
            "price": "28.44",
            "revenue": 51204
        },
        "2003-11": {
            "month": "2003-11",
            "price": "31.10",
            "revenue": 42607
        },
        "2003-12": {
            "month": "2003-12",
            "price": "32.10",
            "revenue": 56134
        },
        "2004-01": {
            "month": "2004-01",
            "price": "38.12",
            "revenue": 45294
        },
        "2004-02": {
            "month": "2004-02",
            "price": "37.28",
            "revenue": 48248
        },
        "2004-03": {
            "month": "2004-03",
            "price": "39.22",
            "revenue": 54304
        },
        "2004-04": {
            "month": "2004-04",
            "price": "39.29",
            "revenue": 46806
        },
        "2004-05": {
            "month": "2004-05",
            "price": "36.16",
            "revenue": 48549
        },
        "2004-06": {
            "month": "2004-06",
            "price": "34.59",
            "revenue": 44328
        },
        "2004-07": {
            "month": "2004-07",
            "price": "30.13",
            "revenue": 35187
        },
        "2004-08": {
            "month": "2004-08",
            "price": "28.32",
            "revenue": 46873
        },
        "2004-09": {
            "month": "2004-09",
            "price": "26.56",
            "revenue": 35228
        },
        "2004-10": {
            "month": "2004-10",
            "price": "27.14",
            "revenue": 50864
        },
        "2004-11": {
            "month": "2004-11",
            "price": "28.06",
            "revenue": 41817
        },
        "2004-12": {
            "month": "2004-12",
            "price": "24.93",
            "revenue": 34903
        },
        "2005-01": {
            "month": "2005-01",
            "price": "25.04",
            "revenue": 30117
        },
        "2005-02": {
            "month": "2005-02",
            "price": "26.59",
            "revenue": 32993
        },
        "2005-03": {
            "month": "2005-03",
            "price": "26.60",
            "revenue": 32143
        },
        "2005-04": {
            "month": "2005-04",
            "price": "25.40",
            "revenue": 35534
        },
        "2005-05": {
            "month": "2005-05",
            "price": "23.52",
            "revenue": 32184
        },
        "2005-06": {
            "month": "2005-06",
            "price": "23.87",
            "revenue": 34052
        },
        "2005-07": {
            "month": "2005-07",
            "price": "25.10",
            "revenue": 38137
        },
        "2005-08": {
            "month": "2005-08",
            "price": "23.82",
            "revenue": 38559
        },
        "2005-09": {
            "month": "2005-09",
            "price": "23.47",
            "revenue": 34363
        },
        "2005-10": {
            "month": "2005-10",
            "price": "21.16",
            "revenue": 35054
        },
        "2005-11": {
            "month": "2005-11",
            "price": "19.70",
            "revenue": 42066
        },
        "2005-12": {
            "month": "2005-12",
            "price": "21.27",
            "revenue": 35083
        },
        "2006-01": {
            "month": "2006-01",
            "price": "20.22",
            "revenue": 31346
        },
        "2006-02": {
            "month": "2006-02",
            "price": "21.81",
            "revenue": 35109
        },
        "2006-03": {
            "month": "2006-03",
            "price": "19.83",
            "revenue": 30035
        },
        "2006-04": {
            "month": "2006-04",
            "price": "19.51",
            "revenue": 28733
        },
        "2006-05": {
            "month": "2006-05",
            "price": "19.23",
            "revenue": 36291
        },
        "2006-06": {
            "month": "2006-06",
            "price": "17.15",
            "revenue": 34143
        },
        "2006-07": {
            "month": "2006-07",
            "price": "16.40",
            "revenue": 33778
        },
        "2006-08": {
            "month": "2006-08",
            "price": "15.65",
            "revenue": 30802
        },
        "2006-09": {
            "month": "2006-09",
            "price": "14.38",
            "revenue": 30833
        },
        "2006-10": {
            "month": "2006-10",
            "price": "14.53",
            "revenue": 28913
        },
        "2006-11": {
            "month": "2006-11",
            "price": "15.20",
            "revenue": 30058
        },
        "2006-12": {
            "month": "2006-12",
            "price": "17.43",
            "revenue": 29199
        },
        "2007-01": {
            "month": "2007-01",
            "price": "18.93",
            "revenue": 28141
        },
        "2007-02": {
            "month": "2007-02",
            "price": "17.15",
            "revenue": 25495
        },
        "2007-03": {
            "month": "2007-03",
            "price": "16.69",
            "revenue": 28466
        },
        "2007-04": {
            "month": "2007-04",
            "price": "17.28",
            "revenue": 24269
        },
        "2007-05": {
            "month": "2007-05",
            "price": "18.10",
            "revenue": 23156
        },
        "2007-06": {
            "month": "2007-06",
            "price": "18.45",
            "revenue": 25542
        },
        "2007-07": {
            "month": "2007-07",
            "price": "18.70",
            "revenue": 30357
        },
        "2007-08": {
            "month": "2007-08",
            "price": "16.78",
            "revenue": 30155
        },
        "2007-09": {
            "month": "2007-09",
            "price": "15.93",
            "revenue": 37225
        },
        "2007-10": {
            "month": "2007-10",
            "price": "15.86",
            "revenue": 31449
        },
        "2007-11": {
            "month": "2007-11",
            "price": "13.85",
            "revenue": 30016
        },
        "2007-12": {
            "month": "2007-12",
            "price": "12.89",
            "revenue": 32174
        },
        "2008-01": {
            "month": "2008-01",
            "price": "11.64",
            "revenue": 23832
        },
        "2008-02": {
            "month": "2008-02",
            "price": "11.54",
            "revenue": 25329
        },
        "2008-03": {
            "month": "2008-03",
            "price": "12.59",
            "revenue": 23333
        },
        "2008-04": {
            "month": "2008-04",
            "price": "12.66",
            "revenue": 25073
        },
        "2008-05": {
            "month": "2008-05",
            "price": "11.76",
            "revenue": 29882
        },
        "2008-06": {
            "month": "2008-06",
            "price": "11.29",
            "revenue": 25385
        },
        "2008-07": {
            "month": "2008-07",
            "price": "10.16",
            "revenue": 26063
        },
        "2008-08": {
            "month": "2008-08",
            "price": "10.10",
            "revenue": 33445
        },
        "2008-09": {
            "month": "2008-09",
            "price": "9.16",
            "revenue": 23710
        },
        "2008-10": {
            "month": "2008-10",
            "price": "7.75",
            "revenue": 23766
        },
        "2008-11": {
            "month": "2008-11",
            "price": "6.95",
            "revenue": 19491
        },
        "2008-12": {
            "month": "2008-12",
            "price": "6.89",
            "revenue": 15845
        },
        "2009-01": {
            "month": "2009-01",
            "price": "6.07",
            "revenue": 10905
        },
        "2009-02": {
            "month": "2009-02",
            "price": "6.71",
            "revenue": 11335
        },
        "2009-03": {
            "month": "2009-03",
            "price": "8.09",
            "revenue": 12320
        },
        "2009-04": {
            "month": "2009-04",
            "price": "9.23",
            "revenue": 18635
        },
        "2009-05": {
            "month": "2009-05",
            "price": "9.71",
            "revenue": 16944
        },
        "2009-06": {
            "month": "2009-06",
            "price": "9.21",
            "revenue": 17998
        },
        "2009-07": {
            "month": "2009-07",
            "price": "9.57",
            "revenue": 19252
        },
        "2009-08": {
            "month": "2009-08",
            "price": "9.12",
            "revenue": 29673
        },
        "2009-09": {
            "month": "2009-09",
            "price": "8.82",
            "revenue": 26750
        },
        "2009-10": {
            "month": "2009-10",
            "price": "9.86",
            "revenue": 24566
        },
        "2009-11": {
            "month": "2009-11",
            "price": "9.69",
            "revenue": 26170
        },
        "2009-12": {
            "month": "2009-12",
            "price": "11.11",
            "revenue": 31425
        },
        "2010-01": {
            "month": "2010-01",
            "price": "15.09",
            "revenue": 31615
        },
        "2010-02": {
            "month": "2010-02",
            "price": "11.94",
            "revenue": 26102
        },
        "2010-03": {
            "month": "2010-03",
            "price": "13.69",
            "revenue": 36805
        },
        "2010-04": {
            "month": "2010-04",
            "price": "14.74",
            "revenue": 44249
        },
        "2010-05": {
            "month": "2010-05",
            "price": "13.06",
            "revenue": 38213
        },
        "2010-06": {
            "month": "2010-06",
            "price": "13.40",
            "revenue": 31524
        },
        "2010-07": {
            "month": "2010-07",
            "price": "13.74",
            "revenue": 35167
        },
        "2010-08": {
            "month": "2010-08",
            "price": "13.79",
            "revenue": 31864
        },
        "2010-09": {
            "month": "2010-09",
            "price": "13.25",
            "revenue": 23599
        },
        "2010-10": {
            "month": "2010-10",
            "price": "12.46",
            "revenue": 32520
        },
        "2010-11": {
            "month": "2010-11",
            "price": "12.35",
            "revenue": 30847
        },
        "2010-12": {
            "month": "2010-12",
            "price": "13.12",
            "revenue": 28243
        },
        "2011-01": {
            "month": "2011-01",
            "price": "12.94",
            "revenue": 29493
        },
        "2011-02": {
            "month": "2011-02",
            "price": "12.28",
            "revenue": 24482
        },
        "2011-03": {
            "month": "2011-03",
            "price": "12.27",
            "revenue": 27526
        },
        "2011-04": {
            "month": "2011-04",
            "price": "12.26",
            "revenue": 30313
        },
        "2011-05": {
            "month": "2011-05",
            "price": "12.34",
            "revenue": 41096
        },
        "2011-06": {
            "month": "2011-06",
            "price": "12.36",
            "revenue": 26800
        },
        "2011-07": {
            "month": "2011-07",
            "price": "12.35",
            "revenue": 27537
        },
        "2011-08": {
            "month": "2011-08",
            "price": "10.83",
            "revenue": 23049
        },
        "2011-09": {
            "month": "2011-09",
            "price": "11.90",
            "revenue": 23992
        },
        "2011-10": {
            "month": "2011-10",
            "price": "10.90",
            "revenue": 20059
        },
        "2011-11": {
            "month": "2011-11",
            "price": "9.76",
            "revenue": 24013
        },
        "2011-12": {
            "month": "2011-12",
            "price": "8.24",
            "revenue": 28058
        },
        "2012-01": {
            "month": "2012-01",
            "price": "7.97",
            "revenue": 15090
        },
        "2012-02": {
            "month": "2012-02",
            "price": "9.70",
            "revenue": 42411
        },
        "2012-03": {
            "month": "2012-03",
            "price": "10.99",
            "revenue": 30612
        },
        "2012-04": {
            "month": "2012-04",
            "price": "10.62",
            "revenue": 26881
        },
        "2012-05": {
            "month": "2012-05",
            "price": "10.22",
            "revenue": 33821
        },
        "2012-06": {
            "month": "2012-06",
            "price": "9.94",
            "revenue": 33316
        },
        "2012-07": {
            "month": "2012-07",
            "price": "9.86",
            "revenue": 32734
        },
        "2012-08": {
            "month": "2012-08",
            "price": "9.88",
            "revenue": 29423
        },
        "2012-09": {
            "month": "2012-09",
            "price": "9.86",
            "revenue": 35011
        },
        "2012-10": {
            "month": "2012-10",
            "price": "9.83",
            "revenue": 31844
        },
        "2012-11": {
            "month": "2012-11",
            "price": "9.25",
            "revenue": 30230
        },
        "2012-12": {
            "month": "2012-12",
            "price": "9.77",
            "revenue": 34942
        },
        "2013-01": {
            "month": "2013-01",
            "price": "9.87",
            "revenue": 22617
        },
        "2013-02": {
            "month": "2013-02",
            "price": "9.64",
            "revenue": 20796
        },
        "2013-03": {
            "month": "2013-03",
            "price": "9.47",
            "revenue": 31103
        },
        "2013-04": {
            "month": "2013-04",
            "price": "10.10",
            "revenue": 34022
        },
        "2013-05": {
            "month": "2013-05",
            "price": "10.35",
            "revenue": 37743
        },
        "2013-06": {
            "month": "2013-06",
            "price": "11.40",
            "revenue": 30132
        },
        "2013-07": {
            "month": "2013-07",
            "price": "10.42",
            "revenue": 29790
        },
        "2013-08": {
            "month": "2013-08",
            "price": "9.92",
            "revenue": 30298
        },
        "2013-09": {
            "month": "2013-09",
            "price": "9.82",
            "revenue": 26943
        },
        "2013-10": {
            "month": "2013-10",
            "price": "9.67",
            "revenue": 27055
        },
        "2013-11": {
            "month": "2013-11",
            "price": "10.62",
            "revenue": 31628
        },
        "2013-12": {
            "month": "2013-12",
            "price": "15.45",
            "revenue": 33272
        },
        "2014-01": {
            "month": "2014-01",
            "price": "23.31",
            "revenue": 45608
        },
        "2014-02": {
            "month": "2014-02",
            "price": "25.92",
            "revenue": 19225
        },
        "2014-03": {
            "month": "2014-03",
            "price": "24.70",
            "revenue": 21656
        },
        "2014-04": {
            "month": "2014-04",
            "price": "24.10",
            "revenue": 35437
        },
        "2014-05": {
            "month": "2014-05",
            "price": "19.15",
            "revenue": 36438
        },
        "2014-06": {
            "month": "2014-06",
            "price": "20.44",
            "revenue": 34427
        },
        "2014-07": {
            "month": "2014-07",
            "price": "18.80",
            "revenue": 36389
        },
        "2014-08": {
            "month": "2014-08",
            "price": "15.16",
            "revenue": 40506
        },
        "2014-09": {
            "month": "2014-09",
            "price": "15.16",
            "revenue": 35516
        },
        "2014-10": {
            "month": "2014-10",
            "price": "15.27",
            "revenue": 36005
        },
        "2014-11": {
            "month": "2014-11",
            "price": "13.40",
            "revenue": 47500
        },
        "2014-12": {
            "month": "2014-12",
            "price": "13.55",
            "revenue": 35143
        },
        "2015-01": {
            "month": "2015-01",
            "price": "13.66",
            "revenue": 40302
        },
        "2015-02": {
            "month": "2015-02",
            "price": "13.55",
            "revenue": 25636
        },
        "2015-03": {
            "month": "2015-03",
            "price": "14.76",
            "revenue": 47349
        },
        "2015-04": {
            "month": "2015-04",
            "price": "16.63",
            "revenue": 29800
        },
        "2015-05": {
            "month": "2015-05",
            "price": "14.94",
            "revenue": 39067
        },
        "2015-06": {
            "month": "2015-06",
            "price": "12.61",
            "revenue": 24387
        },
        "2015-07": {
            "month": "2015-07",
            "price": "11.49",
            "revenue": 49094
        },
        "2015-08": {
            "month": "2015-08",
            "price": "10.84",
            "revenue": 31685
        },
        "2015-09": {
            "month": "2015-09",
            "price": "9.85",
            "revenue": 20753
        },
        "2015-10": {
            "month": "2015-10",
            "price": "8.88",
            "revenue": 33807
        },
        "2015-11": {
            "month": "2015-11",
            "price": "7.95",
            "revenue": 32219
        },
        "2015-12": {
            "month": "2015-12",
            "price": "7.30",
            "revenue": 35388
        },
        "2016-01": {
            "month": "2016-01",
            "price": "7.36",
            "revenue": 34012
        },
        "2016-02": {
            "month": "2016-02",
            "price": "7.66",
            "revenue": 43751
        },
        "2016-03": {
            "month": "2016-03",
            "price": "8.16",
            "revenue": 41424
        },
        "2016-04": {
            "month": "2016-04",
            "price": "7.83",
            "revenue": 29885
        },
        "2016-05": {
            "month": "2016-05",
            "price": "7.43",
            "revenue": 21722
        },
        "2016-06": {
            "month": "2016-06",
            "price": "7.61",
            "revenue": 41477
        },
        "2016-07": {
            "month": "2016-07",
            "price": "9.02",
            "revenue": 24031
        },
        "2016-08": {
            "month": "2016-08",
            "price": "9.01",
            "revenue": 24891
        },
        "2016-09": {
            "month": "2016-09",
            "price": "8.91",
            "revenue": 33184
        },
        "2016-10": {
            "month": "2016-10",
            "price": "7.96",
            "revenue": 40811
        },
        "2016-11": {
            "month": "2016-11",
            "price": "8.03",
            "revenue": 23775
        },
        "2016-12": {
            "month": "2016-12",
            "price": "7.87",
            "revenue": 37870
        },
        "2017-01": {
            "month": "2017-01",
            "price": "7.37",
            "revenue": 26537
        },
        "2017-02": {
            "month": "2017-02",
            "price": "7.61",
            "revenue": 21136
        },
        "2017-03": {
            "month": "2017-03",
            "price": "8.63",
            "revenue": 41280
        },
        "2017-04": {
            "month": "2017-04",
            "price": "8.73",
            "revenue": 31826
        },
        "2017-05": {
            "month": "2017-05",
            "price": "8.46",
            "revenue": 30597
        },
        "2017-06": {
            "month": "2017-06",
            "price": "8.59",
            "revenue": 35786
        },
        "2017-07": {
            "month": "2017-07",
            "price": "8.37",
            "revenue": 28779
        },
        "2017-08": {
            "month": "2017-08",
            "price": "8.09",
            "revenue": 31822
        },
        "2017-09": {
            "month": "2017-09",
            "price": "8.04",
            "revenue": 21943
        },
        "2017-10": {
            "month": "2017-10",
            "price": "8.73",
            "revenue": 28516
        },
        "2017-11": {
            "month": "2017-11",
            "price": "8.34",
            "revenue": 23452
        },
        "2017-12": {
            "month": "2017-12",
            "price": "7.85",
            "revenue": 30367
        },
        "2018-01": {
            "month": "2018-01",
            "price": "8.04",
            "revenue": 24830
        },
        "2018-02": {
            "month": "2018-02",
            "price": "7.77",
            "revenue": 21174
        },
        "2018-03": {
            "month": "2018-03",
            "price": "8.33",
            "revenue": 64320
        },
        "2018-04": {
            "month": "2018-04",
            "price": "10.30",
            "revenue": 45436
        },
        "2018-05": {
            "month": "2018-05",
            "price": "10.06",
            "revenue": 51950
        },
        "2018-06": {
            "month": "2018-06",
            "price": "11.98",
            "revenue": 40020
        },
        "2018-07": {
            "month": "2018-07",
            "price": "11.77",
            "revenue": 36598
        },
        "2018-08": {
            "month": "2018-08",
            "price": "11.08",
            "revenue": 33713
        },
        "2018-09": {
            "month": "2018-09",
            "price": "10.06",
            "revenue": 31552
        },
        "2018-10": {
            "month": "2018-10",
            "price": "9.39",
            "revenue": 29696
        },
        "2018-11": {
            "month": "2018-11",
            "price": "9.05",
            "revenue": 32079
        },
        "2018-12": {
            "month": "2018-12",
            "price": "9.46",
            "revenue": 14592
        },
        "2019-01": {
            "month": "2019-01",
            "price": "9.41",
            "revenue": 33340
        },
        "2019-02": {
            "month": "2019-02",
            "price": "9.14",
            "revenue": 39684
        },
        "2019-03": {
            "month": "2019-03",
            "price": "9.57",
            "revenue": 29898
        },
        "2019-04": {
            "month": "2019-04",
            "price": "9.91",
            "revenue": 25321
        },
        "2019-05": {
            "month": "2019-05",
            "price": "9.25",
            "revenue": 32699
        },
        "2019-06": {
            "month": "2019-06",
            "price": "8.46",
            "revenue": 26518
        },
        "2019-07": {
            "month": "2019-07",
            "price": "8.15",
            "revenue": 22459
        },
        "2019-08": {
            "month": "2019-08",
            "price": "8.09",
            "revenue": 16207
        },
        "2019-09": {
            "month": "2019-09",
            "price": "8.10",
            "revenue": 26775
        },
        "2019-10": {
            "month": "2019-10",
            "price": "7.95",
            "revenue": 35671
        },
        "2019-11": {
            "month": "2019-11",
            "price": "7.74",
            "revenue": 31821
        },
        "2019-12": {
            "month": "2019-12",
            "price": "8.14",
            "revenue": 5661
        },
        "2020-01": {
            "month": "2020-01",
            "price": "8.13",
            "revenue": 14576
        },
        "2020-02": {
            "month": "2020-02",
            "price": "7.33",
            "revenue": 33391
        },
        "2020-03": {
            "month": "2020-03",
            "price": "6.46",
            "revenue": 26293
        },
        "2020-04": {
            "month": "2020-04",
            "price": "7.59",
            "revenue": 29925
        },
        "2020-05": {
            "month": "2020-05",
            "price": "7.66",
            "revenue": 13762
        },
        "2020-06": {
            "month": "2020-06",
            "price": "8.09",
            "revenue": 27650
        },
        "2020-07": {
            "month": "2020-07",
            "price": "10.22",
            "revenue": 15824
        },
        "2020-08": {
            "month": "2020-08",
            "price": "10.60",
            "revenue": 43624
        },
        "2020-09": {
            "month": "2020-09",
            "price": "9.86",
            "revenue": 24144
        },
        "2020-10": {
            "month": "2020-10",
            "price": "8.99",
            "revenue": 36037
        },
        "2020-11": {
            "month": "2020-11",
            "price": "8.15",
            "revenue": 20311
        },
        "2020-12": {
            "month": "2020-12",
            "price": "8.36",
            "revenue": 35243
        },
        "2021-01": {
            "month": "2021-01",
            "price": "8.70",
            "revenue": 14731
        },
        "2021-02": {
            "month": "2021-02",
            "price": "8.95",
            "revenue": 23074
        },
        "2021-03": {
            "month": "2021-03",
            "price": "9.32",
            "revenue": 23370
        },
        "2021-04": {
            "month": "2021-04",
            "price": "9.96",
            "revenue": 28085
        },
        "2021-05": {
            "month": "2021-05",
            "price": "9.28",
            "revenue": 29524
        },
        "2021-06": {
            "month": "2021-06",
            "price": "9.00",
            "revenue": 44132
        },
        "2021-07": {
            "month": "2021-07",
            "price": "9.15",
            "revenue": 30147
        },
        "2021-08": {
            "month": "2021-08",
            "price": "8.70",
            "revenue": 19206
        },
        "2021-09": {
            "month": "2021-09",
            "price": "8.17",
            "revenue": 32442
        },
        "2021-10": {
            "month": "2021-10",
            "price": "8.21",
            "revenue": 25093
        },
        "2021-11": {
            "month": "2021-11",
            "price": "8.91",
            "revenue": 47579
        },
        "2021-12": {
            "month": "2021-12",
            "price": "10.60",
            "revenue": 26002
        },
        "2022-01": {
            "month": "2022-01",
            "price": "12.04",
            "revenue": 35591
        },
        "2022-02": {
            "month": "2022-02",
            "price": "11.72",
            "revenue": 42050
        },
        "2022-03": {
            "month": "2022-03",
            "price": "10.95",
            "revenue": 25660
        },
        "2022-04": {
            "month": "2022-04",
            "price": "10.68",
            "revenue": 28532
        },
        "2022-05": {
            "month": "2022-05",
            "price": "10.07",
            "revenue": 27350
        },
        "2022-06": {
            "month": "2022-06",
            "price": "10.37",
            "revenue": 39024
        },
        "2022-07": {
            "month": "2022-07",
            "price": "10.16",
            "revenue": 31301
        },
        "2022-08": {
            "month": "2022-08",
            "price": "11.64",
            "revenue": 32115
        },
        "2022-09": {
            "month": "2022-09",
            "price": "12.17",
            "revenue": 45607
        },
        "2022-10": {
            "month": "2022-10",
            "price": "12.12",
            "revenue": 34449
        },
        "2022-11": {
            "month": "2022-11",
            "price": "12.25",
            "revenue": 36640
        },
        "2022-12": {
            "month": "2022-12",
            "price": "12.76",
            "revenue": 42110
        },
        "2023-01": {
            "month": "2023-01",
            "price": "12.06",
            "revenue": 25238
        },
        "2023-02": {
            "month": "2023-02",
            "price": "11.88",
            "revenue": 30286
        },
        "2023-03": {
            "month": "2023-03",
            "price": "11.72",
            "revenue": 43566
        },
        "2023-04": {
            "month": "2023-04",
            "price": "11.82",
            "revenue": 28108
        },
        "2023-05": {
            "month": "2023-05",
            "price": "11.47",
            "revenue": 32898
        }
    }
}
