{
    "summary": {
        "stock_name": "保銳",
        "stock_id": "8093",
        "category": "電子零組件",
        "main_business": "1﹑CC01110 電腦及其週邊設備製造業  2﹑F118010 資訊軟體批發業<br>3﹑F218010 資訊軟體零售業  4﹑I301010 資訊軟體服務業<br>5﹑F401021 電信管制射頻器材輸入業  6﹑ZZ99999",
        "website_url": "http://www.enermax.com.tw",
        "ceo": "蘇彥文",
        "pe_ratio": -10,
        "report_year_from": 2002,
        "report_year_to": 2023,
        "age": 22,
        "eps_negative_percentage": 52,
        "eps_growth_avg": {
            "last_all": -41.08,
            "last_2y": -100,
            "last_4y": -100,
            "last_8y": -100,
            "last_12y": -100,
            "last_16y": -57.47,
            "last_20y": null,
            "at_2006_last_3y": null,
            "at_2007_last_3y": -7.05,
            "at_2008_last_3y": -12.33,
            "at_2009_last_3y": 24.43,
            "at_2010_last_3y": -25.57,
            "at_2011_last_3y": -27.54,
            "at_2012_last_3y": 0,
            "at_2013_last_3y": -100,
            "at_2014_last_3y": null,
            "at_2015_last_3y": null,
            "at_2016_last_3y": null,
            "at_2017_last_3y": -100,
            "at_2018_last_3y": -100,
            "at_2019_last_3y": -100,
            "at_2020_last_3y": -100,
            "at_2021_last_3y": -100,
            "at_2022_last_3y": -100,
            "at_2023_last_3y": -100,
            "at_2024_last_3y": -100,
            "at_2006_last_all": -2.84,
            "at_2007_last_all": -7.05,
            "at_2008_last_all": -22.16,
            "at_2009_last_all": -1.8,
            "at_2010_last_all": -15.83,
            "at_2011_last_all": -15.83,
            "at_2012_last_all": -15.83,
            "at_2013_last_all": -15.83,
            "at_2014_last_all": -15.83,
            "at_2015_last_all": -15.83,
            "at_2016_last_all": -15.83,
            "at_2017_last_all": -26.35,
            "at_2018_last_all": -26.35,
            "at_2019_last_all": -26.35,
            "at_2020_last_all": -26.35,
            "at_2021_last_all": -34.53,
            "at_2022_last_all": -34.53,
            "at_2023_last_all": -41.08,
            "at_2024_last_all": -41.08
        },
        "latest_eps": -1.67,
        "latest_price": 15.9,
        "latest_roe": -23.81,
        "latest_gross_margin": 37.28,
        "latest_equity": 277304,
        "latest_revenue": 74650,
        "latest_gross_profit": 27828,
        "latest_net_income": -20871,
        "latest_debt_ratio": 51.26,
        "latest_current_ratio": 104.71,
        "latest_account_receivable_turnover_ratio": 2.01,
        "latest_inventory_turnover_ratio": 0.32,
        "latest_reinvestment_rate": null,
        "latest_research_to_sale_ratio": 1.3
    },
    "eps_dividends": {
        "2001": {
            "cash": 0,
            "stock": 0,
            "eps": 0
        },
        "2002": {
            "cash": 0.5,
            "stock": 4,
            "eps": 0
        },
        "2003": {
            "cash": 1,
            "stock": 4,
            "eps": 6.52
        },
        "2004": {
            "cash": 1,
            "stock": 2.5,
            "eps": 2.51
        },
        "2005": {
            "cash": 1,
            "stock": 1,
            "eps": 1.33
        },
        "2006": {
            "cash": 0.8,
            "stock": 1,
            "eps": 3.15
        },
        "2007": {
            "cash": 1,
            "stock": 2,
            "eps": 2.53
        },
        "2008": {
            "cash": 1.5,
            "stock": 0.5,
            "eps": 0.44
        },
        "2009": {
            "cash": 0.4,
            "stock": 0,
            "eps": 0.89
        },
        "2010": {
            "cash": 0.7,
            "stock": 0,
            "eps": -0.4
        },
        "2011": {
            "cash": 0,
            "stock": 0,
            "eps": -0.96
        },
        "2012": {
            "cash": 0,
            "stock": 0,
            "eps": -1.22
        },
        "2013": {
            "cash": 0,
            "stock": 0,
            "eps": -0.59
        },
        "2014": {
            "cash": 0,
            "stock": 0,
            "eps": -0.98
        },
        "2015": {
            "cash": 0,
            "stock": 0,
            "eps": -0.55
        },
        "2016": {
            "cash": 0,
            "stock": 0,
            "eps": 0.15
        },
        "2017": {
            "cash": 0,
            "stock": 0,
            "eps": -0.07
        },
        "2018": {
            "cash": 0,
            "stock": 0,
            "eps": -0.15
        },
        "2019": {
            "cash": 0,
            "stock": 0,
            "eps": -1.35
        },
        "2020": {
            "cash": 0,
            "stock": 0,
            "eps": 0.31
        },
        "2021": {
            "cash": 0,
            "stock": 0,
            "eps": -0.83
        },
        "2022": {
            "cash": 0,
            "stock": 0,
            "eps": 0.05
        },
        "2023": {
            "cash": 0,
            "stock": 0,
            "eps": -1.66
        }
    },
    "dividends": {
        "2002-03-15": {
            "cash": 0.5,
            "stock": 4
        },
        "2003-06-23": {
            "cash": 1,
            "stock": 4
        },
        "2004-03-02": {
            "cash": 1,
            "stock": 2.5
        },
        "2005-02-25": {
            "cash": 1,
            "stock": 1
        },
        "2006-03-10": {
            "cash": 0.8,
            "stock": 1
        },
        "2007-04-02": {
            "cash": 1,
            "stock": 2
        },
        "2008-02-27": {
            "cash": 1.5,
            "stock": 0.5
        },
        "2009-03-27": {
            "cash": 0.4,
            "stock": 0
        },
        "2010-03-26": {
            "cash": 0.7,
            "stock": 0
        }
    },
    "prices": {
        "200101": "無",
        "200102": "無",
        "200103": "無",
        "200104": "無",
        "200105": "無",
        "200106": "無",
        "200107": "無",
        "200108": "無",
        "200109": "無",
        "200110": "無",
        "200111": "無",
        "200112": "無",
        "200201": "無",
        "200202": "無",
        "200203": "無",
        "200204": "無",
        "200205": "無",
        "200206": "無",
        "200207": "無",
        "200208": "無",
        "200209": "無",
        "200210": "無",
        "200211": "無",
        "200212": "無",
        "200301": "無",
        "200302": "無",
        "200303": "無",
        "200304": "無",
        "200305": "無",
        "200306": "無",
        "200307": "無",
        "200308": "無",
        "200309": "62.00",
        "200310": "58.31",
        "200311": "56.76",
        "200312": "55.80",
        "200401": "57.62",
        "200402": "53.89",
        "200403": "54.55",
        "200404": "53.44",
        "200405": "51.38",
        "200406": "49.54",
        "200407": "39.38",
        "200408": "30.63",
        "200409": "26.50",
        "200410": "22.99",
        "200411": "23.12",
        "200412": "21.00",
        "200501": "20.91",
        "200502": "22.64",
        "200503": "24.82",
        "200504": "23.76",
        "200505": "19.84",
        "200506": "19.59",
        "200507": "19.28",
        "200508": "16.23",
        "200509": "15.49",
        "200510": "15.56",
        "200511": "16.33",
        "200512": "17.62",
        "200601": "18.46",
        "200602": "18.01",
        "200603": "17.14",
        "200604": "18.64",
        "200605": "27.63",
        "200606": "27.39",
        "200607": "30.58",
        "200608": "28.12",
        "200609": "26.14",
        "200610": "29.81",
        "200611": "31.46",
        "200612": "32.57",
        "200701": "36.40",
        "200702": "39.28",
        "200703": "42.59",
        "200704": "46.03",
        "200705": "45.85",
        "200706": "43.36",
        "200707": "44.70",
        "200708": "36.02",
        "200709": "31.16",
        "200710": "30.34",
        "200711": "26.24",
        "200712": "22.64",
        "200801": "21.93",
        "200802": "19.71",
        "200803": "22.43",
        "200804": "23.11",
        "200805": "23.95",
        "200806": "20.25",
        "200807": "15.08",
        "200808": "14.18",
        "200809": "10.20",
        "200810": "8.80",
        "200811": "6.57",
        "200812": "6.44",
        "200901": "6.75",
        "200902": "7.97",
        "200903": "8.83",
        "200904": "10.31",
        "200905": "10.72",
        "200906": "10.63",
        "200907": "11.48",
        "200908": "14.07",
        "200909": "14.85",
        "200910": "16.36",
        "200911": "15.57",
        "200912": "16.33",
        "201001": "18.52",
        "201002": "15.16",
        "201003": "16.69",
        "201004": "16.87",
        "201005": "14.39",
        "201006": "13.79",
        "201007": "14.11",
        "201008": "13.25",
        "201009": "12.38",
        "201010": "11.98",
        "201011": "10.98",
        "201012": "11.83",
        "201101": "11.39",
        "201102": "11.39",
        "201103": "11.27",
        "201104": "11.11",
        "201105": "10.23",
        "201106": "9.98",
        "201107": "8.86",
        "201108": "7.51",
        "201109": "7.51",
        "201110": "8.23",
        "201111": "7.94",
        "201112": "7.16",
        "201201": "7.00",
        "201202": "8.04",
        "201203": "7.98",
        "201204": "6.95",
        "201205": "6.27",
        "201206": "6.14",
        "201207": "5.88",
        "201208": "5.43",
        "201209": "5.42",
        "201210": "5.25",
        "201211": "4.84",
        "201212": "5.00",
        "201301": "5.51",
        "201302": "5.52",
        "201303": "5.54",
        "201304": "5.79",
        "201305": "6.09",
        "201306": "6.10",
        "201307": "5.73",
        "201308": "5.51",
        "201309": "5.90",
        "201310": "5.95",
        "201311": "5.88",
        "201312": "6.36",
        "201401": "7.52",
        "201402": "8.87",
        "201403": "8.75",
        "201404": "8.36",
        "201405": "8.80",
        "201406": "11.39",
        "201407": "10.64",
        "201408": "8.27",
        "201409": "7.62",
        "201410": "6.97",
        "201411": "6.85",
        "201412": "6.80",
        "201501": "6.93",
        "201502": "6.58",
        "201503": "6.87",
        "201504": "6.62",
        "201505": "6.69",
        "201506": "6.60",
        "201507": "6.10",
        "201508": "5.09",
        "201509": "5.28",
        "201510": "5.63",
        "201511": "5.61",
        "201512": "5.68",
        "201601": "5.53",
        "201602": "5.97",
        "201603": "5.94",
        "201604": "5.46",
        "201605": "5.01",
        "201606": "5.17",
        "201607": "5.92",
        "201608": "7.36",
        "201609": "7.24",
        "201610": "6.97",
        "201611": "6.45",
        "201612": "5.79",
        "201701": "5.87",
        "201702": "6.47",
        "201703": "6.44",
        "201704": "5.78",
        "201705": "5.98",
        "201706": "6.06",
        "201707": "6.02",
        "201708": "6.53",
        "201709": "6.88",
        "201710": "7.57",
        "201711": "6.86",
        "201712": "6.63",
        "201801": "6.91",
        "201802": "7.97",
        "201803": "16.95",
        "201804": "17.72",
        "201805": "13.61",
        "201806": "13.38",
        "201807": "11.57",
        "201808": "9.54",
        "201809": "8.58",
        "201810": "7.02",
        "201811": "6.36",
        "201812": "6.93",
        "201901": "6.61",
        "201902": "6.71",
        "201903": "6.46",
        "201904": "6.43",
        "201905": "5.97",
        "201906": "5.88",
        "201907": "6.14",
        "201908": "5.77",
        "201909": "5.76",
        "201910": "5.46",
        "201911": "5.35",
        "201912": "5.63",
        "202001": "5.65",
        "202002": "5.60",
        "202003": "4.36",
        "202004": "4.02",
        "202005": "4.46",
        "202006": "5.70",
        "202007": "8.84",
        "202008": "9.21",
        "202009": "9.94",
        "202010": "9.23",
        "202011": "8.79",
        "202012": "11.62",
        "202101": "11.26",
        "202102": "10.97",
        "202103": "11.90",
        "202104": "14.63",
        "202105": "11.00",
        "202106": "9.88",
        "202107": "9.36",
        "202108": "8.87",
        "202109": "7.74",
        "202110": "7.63",
        "202111": "8.12",
        "202112": "8.22",
        "202201": "8.86",
        "202202": "8.27",
        "202203": "8.06",
        "202204": "8.14",
        "202205": "7.82",
        "202206": "7.60",
        "202207": "6.77",
        "202208": "7.20",
        "202209": "11.75",
        "202210": "11.14",
        "202211": "11.76",
        "202212": "11.42",
        "202301": "10.69",
        "202302": "12.05",
        "202303": "12.61",
        "202304": "14.15",
        "202305": "16.27",
        "202306": "14.83",
        "202307": "24.06",
        "202308": "17.76",
        "202309": "15.45",
        "202310": "17.74",
        "202311": "17.48",
        "202312": "16.85",
        "202401": "16.09",
        "202402": "16.21",
        "202403": "16.10",
        "202404": "無"
    },
    "quarters": {
        "20011": {
            "year_quarter": 20011,
            "year": 2001,
            "quarter": 1,
            "eps": null,
            "eps_growth_year": null,
            "eps_4q": null,
            "eps_4q_growth_year": null,
            "roe": null,
            "roe_4q": 0,
            "gross_profit": null,
            "gross_margin": null,
            "gross_margin_4q_avg": 0,
            "net_income": null,
            "net_income_4q": null,
            "revenue": null,
            "revenue_4q": null,
            "common_shares": null,
            "book_valuer_per_share": null,
            "book_valuer_per_share_4q_avg": 0,
            "equity": null,
            "current_ratio": null,
            "debt_ratio": null,
            "inventory_turnover_ratio": null,
            "account_receivable_turnover_ratio": null,
            "reinvestment_rate": null,
            "research_to_sale_ratio": null,
            "price_fair": 0,
            "eps_avg_yearly": 0,
            "eps_latest_yearly": 0,
            "eps_growth_yearly": 0
        },
        "20012": {
            "year_quarter": 20012,
            "year": 2001,
            "quarter": 2,
            "eps": null,
            "eps_growth_year": null,
            "eps_4q": null,
            "eps_4q_growth_year": null,
            "roe": null,
            "roe_4q": 0,
            "gross_profit": null,
            "gross_margin": null,
            "gross_margin_4q_avg": 0,
            "net_income": null,
            "net_income_4q": null,
            "revenue": null,
            "revenue_4q": null,
            "common_shares": null,
            "book_valuer_per_share": null,
            "book_valuer_per_share_4q_avg": 0,
            "equity": null,
            "current_ratio": null,
            "debt_ratio": null,
            "inventory_turnover_ratio": null,
            "account_receivable_turnover_ratio": null,
            "reinvestment_rate": null,
            "research_to_sale_ratio": null,
            "price_fair": 0,
            "eps_avg_yearly": 0,
            "eps_latest_yearly": 0,
            "eps_growth_yearly": 0
        },
        "20013": {
            "year_quarter": 20013,
            "year": 2001,
            "quarter": 3,
            "eps": null,
            "eps_growth_year": null,
            "eps_4q": null,
            "eps_4q_growth_year": null,
            "roe": null,
            "roe_4q": 0,
            "gross_profit": null,
            "gross_margin": null,
            "gross_margin_4q_avg": 0,
            "net_income": null,
            "net_income_4q": null,
            "revenue": null,
            "revenue_4q": null,
            "common_shares": null,
            "book_valuer_per_share": null,
            "book_valuer_per_share_4q_avg": 0,
            "equity": null,
            "current_ratio": null,
            "debt_ratio": null,
            "inventory_turnover_ratio": null,
            "account_receivable_turnover_ratio": null,
            "reinvestment_rate": null,
            "research_to_sale_ratio": null,
            "price_fair": 0,
            "eps_avg_yearly": 0,
            "eps_latest_yearly": 0,
            "eps_growth_yearly": 0
        },
        "20014": {
            "year_quarter": 20014,
            "year": 2001,
            "quarter": 4,
            "eps": null,
            "eps_growth_year": null,
            "eps_4q": null,
            "eps_4q_growth_year": null,
            "roe": null,
            "roe_4q": 0,
            "gross_profit": null,
            "gross_margin": null,
            "gross_margin_4q_avg": 0,
            "net_income": null,
            "net_income_4q": null,
            "revenue": null,
            "revenue_4q": null,
            "common_shares": 160000,
            "book_valuer_per_share": 18.24,
            "book_valuer_per_share_4q_avg": 4.56,
            "equity": 291881,
            "current_ratio": 171.79,
            "debt_ratio": 46.03,
            "inventory_turnover_ratio": null,
            "account_receivable_turnover_ratio": null,
            "reinvestment_rate": null,
            "research_to_sale_ratio": null,
            "price_fair": 0,
            "eps_avg_yearly": 0,
            "eps_latest_yearly": 0,
            "eps_growth_yearly": 0
        },
        "20021": {
            "year_quarter": 20021,
            "year": 2002,
            "quarter": 1,
            "eps": null,
            "eps_growth_year": null,
            "eps_4q": null,
            "eps_4q_growth_year": null,
            "roe": null,
            "roe_4q": 0,
            "gross_profit": null,
            "gross_margin": null,
            "gross_margin_4q_avg": 0,
            "net_income": null,
            "net_income_4q": null,
            "revenue": null,
            "revenue_4q": null,
            "common_shares": null,
            "book_valuer_per_share": null,
            "book_valuer_per_share_4q_avg": 4.56,
            "equity": null,
            "current_ratio": null,
            "debt_ratio": null,
            "inventory_turnover_ratio": null,
            "account_receivable_turnover_ratio": null,
            "reinvestment_rate": null,
            "research_to_sale_ratio": null,
            "price_fair": 0,
            "eps_avg_yearly": 0,
            "eps_latest_yearly": 0,
            "eps_growth_yearly": 0
        },
        "20022": {
            "year_quarter": 20022,
            "year": 2002,
            "quarter": 2,
            "eps": null,
            "eps_growth_year": null,
            "eps_4q": null,
            "eps_4q_growth_year": null,
            "roe": null,
            "roe_4q": 0,
            "gross_profit": null,
            "gross_margin": null,
            "gross_margin_4q_avg": 0,
            "net_income": null,
            "net_income_4q": null,
            "revenue": null,
            "revenue_4q": null,
            "common_shares": null,
            "book_valuer_per_share": null,
            "book_valuer_per_share_4q_avg": 4.56,
            "equity": null,
            "current_ratio": null,
            "debt_ratio": null,
            "inventory_turnover_ratio": null,
            "account_receivable_turnover_ratio": null,
            "reinvestment_rate": null,
            "research_to_sale_ratio": null,
            "price_fair": 0,
            "eps_avg_yearly": 0,
            "eps_latest_yearly": 0,
            "eps_growth_yearly": 0
        },
        "20023": {
            "year_quarter": 20023,
            "year": 2002,
            "quarter": 3,
            "eps": null,
            "eps_growth_year": null,
            "eps_4q": null,
            "eps_4q_growth_year": null,
            "roe": null,
            "roe_4q": 0,
            "gross_profit": null,
            "gross_margin": null,
            "gross_margin_4q_avg": 0,
            "net_income": null,
            "net_income_4q": null,
            "revenue": null,
            "revenue_4q": null,
            "common_shares": null,
            "book_valuer_per_share": null,
            "book_valuer_per_share_4q_avg": 4.56,
            "equity": null,
            "current_ratio": null,
            "debt_ratio": null,
            "inventory_turnover_ratio": null,
            "account_receivable_turnover_ratio": null,
            "reinvestment_rate": null,
            "research_to_sale_ratio": null,
            "price_fair": 0,
            "eps_avg_yearly": 0,
            "eps_latest_yearly": 0,
            "eps_growth_yearly": 0
        },
        "20024": {
            "year_quarter": 20024,
            "year": 2002,
            "quarter": 4,
            "eps": null,
            "eps_growth_year": null,
            "eps_4q": null,
            "eps_4q_growth_year": null,
            "roe": null,
            "roe_4q": 0,
            "gross_profit": null,
            "gross_margin": null,
            "gross_margin_4q_avg": 0,
            "net_income": null,
            "net_income_4q": null,
            "revenue": null,
            "revenue_4q": null,
            "common_shares": 227670,
            "book_valuer_per_share": 19.18,
            "book_valuer_per_share_4q_avg": 4.8,
            "equity": 443498,
            "current_ratio": 183.25,
            "debt_ratio": 46.6,
            "inventory_turnover_ratio": null,
            "account_receivable_turnover_ratio": null,
            "reinvestment_rate": null,
            "research_to_sale_ratio": null,
            "price_fair": 0,
            "eps_avg_yearly": 0,
            "eps_latest_yearly": 0,
            "eps_growth_yearly": 0
        },
        "20031": {
            "year_quarter": 20031,
            "year": 2003,
            "quarter": 1,
            "eps": 2.68,
            "eps_growth_year": null,
            "eps_4q": null,
            "eps_4q_growth_year": null,
            "roe": 12.95,
            "roe_4q": 12.95,
            "gross_profit": 90028,
            "gross_margin": 31.73,
            "gross_margin_4q_avg": 7.93,
            "net_income": 60988,
            "net_income_4q": null,
            "revenue": 283738,
            "revenue_4q": null,
            "common_shares": 227670,
            "book_valuer_per_share": 21.88,
            "book_valuer_per_share_4q_avg": 10.27,
            "equity": 498135,
            "current_ratio": 197.64,
            "debt_ratio": 40.42,
            "inventory_turnover_ratio": 1.55,
            "account_receivable_turnover_ratio": null,
            "reinvestment_rate": null,
            "research_to_sale_ratio": null,
            "price_fair": 0,
            "eps_avg_yearly": 0,
            "eps_latest_yearly": 0,
            "eps_growth_yearly": 0
        },
        "20032": {
            "year_quarter": 20032,
            "year": 2003,
            "quarter": 2,
            "eps": 2.07,
            "eps_growth_year": null,
            "eps_4q": null,
            "eps_4q_growth_year": null,
            "roe": 9.26,
            "roe_4q": 22.21,
            "gross_profit": 100714,
            "gross_margin": 37.12,
            "gross_margin_4q_avg": 17.21,
            "net_income": 47170,
            "net_income_4q": null,
            "revenue": 271336,
            "revenue_4q": null,
            "common_shares": 227670,
            "book_valuer_per_share": 22.88,
            "book_valuer_per_share_4q_avg": 15.99,
            "equity": 520838,
            "current_ratio": 225.76,
            "debt_ratio": 35.05,
            "inventory_turnover_ratio": 2.46,
            "account_receivable_turnover_ratio": null,
            "reinvestment_rate": null,
            "research_to_sale_ratio": null,
            "price_fair": 24.84,
            "eps_avg_yearly": 8.28,
            "eps_latest_yearly": 8.28,
            "eps_growth_yearly": -91.04
        },
        "20033": {
            "year_quarter": 20033,
            "year": 2003,
            "quarter": 3,
            "eps": 0.82,
            "eps_growth_year": null,
            "eps_4q": null,
            "eps_4q_growth_year": null,
            "roe": 4.97,
            "roe_4q": 27.18,
            "gross_profit": 109127,
            "gross_margin": 34.19,
            "gross_margin_4q_avg": 25.76,
            "net_income": 26500,
            "net_income_4q": null,
            "revenue": 319137,
            "revenue_4q": null,
            "common_shares": 324000,
            "book_valuer_per_share": 16.83,
            "book_valuer_per_share_4q_avg": 20.19,
            "equity": 545272,
            "current_ratio": 208.46,
            "debt_ratio": 39.28,
            "inventory_turnover_ratio": 3.65,
            "account_receivable_turnover_ratio": null,
            "reinvestment_rate": null,
            "research_to_sale_ratio": null,
            "price_fair": 17.34,
            "eps_avg_yearly": 5.78,
            "eps_latest_yearly": 3.28,
            "eps_growth_yearly": -166.3
        },
        "20034": {
            "year_quarter": 20034,
            "year": 2003,
            "quarter": 4,
            "eps": 0.95,
            "eps_growth_year": null,
            "eps_4q": 5.12,
            "eps_4q_growth_year": null,
            "roe": 5.45,
            "roe_4q": 32.629999999999995,
            "gross_profit": 88545,
            "gross_margin": 31.72,
            "gross_margin_4q_avg": 33.69,
            "net_income": 30702,
            "net_income_4q": null,
            "revenue": 279105,
            "revenue_4q": null,
            "common_shares": 324000,
            "book_valuer_per_share": 17.92,
            "book_valuer_per_share_4q_avg": 19.88,
            "equity": 580792,
            "current_ratio": 226.56,
            "debt_ratio": 34.87,
            "inventory_turnover_ratio": 1.47,
            "account_receivable_turnover_ratio": null,
            "reinvestment_rate": null,
            "research_to_sale_ratio": null,
            "price_fair": 15.36,
            "eps_avg_yearly": 5.12,
            "eps_latest_yearly": 3.8,
            "eps_growth_yearly": -89.73
        },
        "20041": {
            "year_quarter": 20041,
            "year": 2004,
            "quarter": 1,
            "eps": 1.1,
            "eps_growth_year": -58.96,
            "eps_4q": 4.34,
            "eps_4q_growth_year": null,
            "roe": 5.94,
            "roe_4q": 25.619999999999997,
            "gross_profit": 86162,
            "gross_margin": 35.75,
            "gross_margin_4q_avg": 34.7,
            "net_income": 35485,
            "net_income_4q": null,
            "revenue": 240981,
            "revenue_4q": null,
            "common_shares": 324000,
            "book_valuer_per_share": 18.97,
            "book_valuer_per_share_4q_avg": 19.15,
            "equity": 614678,
            "current_ratio": 209.56,
            "debt_ratio": 35.71,
            "inventory_turnover_ratio": 1.06,
            "account_receivable_turnover_ratio": null,
            "reinvestment_rate": null,
            "research_to_sale_ratio": null,
            "price_fair": 14.82,
            "eps_avg_yearly": 4.94,
            "eps_latest_yearly": 4.4,
            "eps_growth_yearly": -51.5
        },
        "20042": {
            "year_quarter": 20042,
            "year": 2004,
            "quarter": 2,
            "eps": 0.61,
            "eps_growth_year": -70.53,
            "eps_4q": 2.87,
            "eps_4q_growth_year": null,
            "roe": 4.1,
            "roe_4q": 20.459999999999997,
            "gross_profit": 88576,
            "gross_margin": 34.5,
            "gross_margin_4q_avg": 34.04,
            "net_income": 24993,
            "net_income_4q": null,
            "revenue": 256736,
            "revenue_4q": null,
            "common_shares": 324000,
            "book_valuer_per_share": 18.64,
            "book_valuer_per_share_4q_avg": 18.09,
            "equity": 604048,
            "current_ratio": 210.26,
            "debt_ratio": 35.95,
            "inventory_turnover_ratio": 2.12,
            "account_receivable_turnover_ratio": null,
            "reinvestment_rate": null,
            "research_to_sale_ratio": null,
            "price_fair": 13.32,
            "eps_avg_yearly": 4.44,
            "eps_latest_yearly": 2.44,
            "eps_growth_yearly": -76.84
        },
        "20043": {
            "year_quarter": 20043,
            "year": 2004,
            "quarter": 3,
            "eps": 0.77,
            "eps_growth_year": -6.1,
            "eps_4q": 2.98,
            "eps_4q_growth_year": null,
            "roe": 5.12,
            "roe_4q": 20.61,
            "gross_profit": 77953,
            "gross_margin": 35.93,
            "gross_margin_4q_avg": 34.48,
            "net_income": 31724,
            "net_income_4q": null,
            "revenue": 216934,
            "revenue_4q": null,
            "common_shares": 410655,
            "book_valuer_per_share": 15.49,
            "book_valuer_per_share_4q_avg": 17.76,
            "equity": 636180,
            "current_ratio": 229.88,
            "debt_ratio": 32.52,
            "inventory_turnover_ratio": 1.86,
            "account_receivable_turnover_ratio": null,
            "reinvestment_rate": null,
            "research_to_sale_ratio": null,
            "price_fair": 12.64,
            "eps_avg_yearly": 4.21,
            "eps_latest_yearly": 3.08,
            "eps_growth_yearly": -46.55
        },
        "20044": {
            "year_quarter": 20044,
            "year": 2004,
            "quarter": 4,
            "eps": 0.03,
            "eps_growth_year": -96.84,
            "eps_4q": 2.01,
            "eps_4q_growth_year": -60.69,
            "roe": 0.22,
            "roe_4q": 15.379999999999999,
            "gross_profit": 79864,
            "gross_margin": 32.29,
            "gross_margin_4q_avg": 34.62,
            "net_income": 1396,
            "net_income_4q": null,
            "revenue": 247324,
            "revenue_4q": null,
            "common_shares": 410655,
            "book_valuer_per_share": 15.48,
            "book_valuer_per_share_4q_avg": 17.15,
            "equity": 635670,
            "current_ratio": 282.98,
            "debt_ratio": 26.21,
            "inventory_turnover_ratio": 1.23,
            "account_receivable_turnover_ratio": null,
            "reinvestment_rate": null,
            "research_to_sale_ratio": null,
            "price_fair": 10.89,
            "eps_avg_yearly": 3.63,
            "eps_latest_yearly": 0.12,
            "eps_growth_yearly": -94.81
        },
        "20051": {
            "year_quarter": 20051,
            "year": 2005,
            "quarter": 1,
            "eps": 0.05,
            "eps_growth_year": -95.45,
            "eps_4q": 1.51,
            "eps_4q_growth_year": -65.24,
            "roe": 0.31,
            "roe_4q": 9.75,
            "gross_profit": 75940,
            "gross_margin": 36.02,
            "gross_margin_4q_avg": 34.69,
            "net_income": 1994,
            "net_income_4q": null,
            "revenue": 210846,
            "revenue_4q": null,
            "common_shares": 410655,
            "book_valuer_per_share": 15.53,
            "book_valuer_per_share_4q_avg": 16.29,
            "equity": 637713,
            "current_ratio": 276.53,
            "debt_ratio": 30.8,
            "inventory_turnover_ratio": 1.07,
            "account_receivable_turnover_ratio": null,
            "reinvestment_rate": null,
            "research_to_sale_ratio": null,
            "price_fair": 9.6,
            "eps_avg_yearly": 3.2,
            "eps_latest_yearly": 0.2,
            "eps_growth_yearly": -49.63
        },
        "20052": {
            "year_quarter": 20052,
            "year": 2005,
            "quarter": 2,
            "eps": 0.1,
            "eps_growth_year": -83.61,
            "eps_4q": 0.85,
            "eps_4q_growth_year": -70.32,
            "roe": 0.75,
            "roe_4q": 6.4,
            "gross_profit": 67634,
            "gross_margin": 32.95,
            "gross_margin_4q_avg": 34.3,
            "net_income": 4666,
            "net_income_4q": null,
            "revenue": 205269,
            "revenue_4q": null,
            "common_shares": 410655,
            "book_valuer_per_share": 14.6,
            "book_valuer_per_share_4q_avg": 15.28,
            "equity": 599381,
            "current_ratio": 223.49,
            "debt_ratio": 31.37,
            "inventory_turnover_ratio": 2.12,
            "account_receivable_turnover_ratio": null,
            "reinvestment_rate": null,
            "research_to_sale_ratio": null,
            "price_fair": 28.89,
            "eps_avg_yearly": 2.89,
            "eps_latest_yearly": 0.4,
            "eps_growth_yearly": 0.33
        },
        "20053": {
            "year_quarter": 20053,
            "year": 2005,
            "quarter": 3,
            "eps": 0.8,
            "eps_growth_year": 3.9,
            "eps_4q": 0.98,
            "eps_4q_growth_year": -67.24,
            "roe": 5.88,
            "roe_4q": 7.159999999999999,
            "gross_profit": 66635,
            "gross_margin": 31.55,
            "gross_margin_4q_avg": 33.2,
            "net_income": 36364,
            "net_income_4q": null,
            "revenue": 211196,
            "revenue_4q": null,
            "common_shares": 455091,
            "book_valuer_per_share": 14.01,
            "book_valuer_per_share_4q_avg": 14.91,
            "equity": 637782,
            "current_ratio": 274.19,
            "debt_ratio": 26.72,
            "inventory_turnover_ratio": 2.16,
            "account_receivable_turnover_ratio": null,
            "reinvestment_rate": null,
            "research_to_sale_ratio": null,
            "price_fair": 102.2,
            "eps_avg_yearly": 2.92,
            "eps_latest_yearly": 3.2,
            "eps_growth_yearly": 280.3
        },
        "20054": {
            "year_quarter": 20054,
            "year": 2005,
            "quarter": 4,
            "eps": 0.38,
            "eps_growth_year": 1166.67,
            "eps_4q": 1.32,
            "eps_4q_growth_year": -34.3,
            "roe": 2.69,
            "roe_4q": 9.63,
            "gross_profit": 100242,
            "gross_margin": 35.45,
            "gross_margin_4q_avg": 33.99,
            "net_income": 17365,
            "net_income_4q": null,
            "revenue": 282800,
            "revenue_4q": null,
            "common_shares": 455091,
            "book_valuer_per_share": 14.38,
            "book_valuer_per_share_4q_avg": 14.63,
            "equity": 654372,
            "current_ratio": 231.19,
            "debt_ratio": 32.52,
            "inventory_turnover_ratio": 1.49,
            "account_receivable_turnover_ratio": null,
            "reinvestment_rate": null,
            "research_to_sale_ratio": null,
            "price_fair": 97.75,
            "eps_avg_yearly": 2.79,
            "eps_latest_yearly": 1.52,
            "eps_growth_yearly": 235.72
        },
        "20061": {
            "year_quarter": 20061,
            "year": 2006,
            "quarter": 1,
            "eps": 0.87,
            "eps_growth_year": 1640,
            "eps_4q": 2.15,
            "eps_4q_growth_year": 42.64,
            "roe": 5.89,
            "roe_4q": 15.21,
            "gross_profit": 67620,
            "gross_margin": 31.78,
            "gross_margin_4q_avg": 32.93,
            "net_income": 39696,
            "net_income_4q": null,
            "revenue": 212745,
            "revenue_4q": null,
            "common_shares": 455091,
            "book_valuer_per_share": 15.25,
            "book_valuer_per_share_4q_avg": 14.56,
            "equity": 693946,
            "current_ratio": 269.32,
            "debt_ratio": 27.38,
            "inventory_turnover_ratio": 1.13,
            "account_receivable_turnover_ratio": null,
            "reinvestment_rate": null,
            "research_to_sale_ratio": null,
            "price_fair": 99.75,
            "eps_avg_yearly": 2.85,
            "eps_latest_yearly": 3.48,
            "eps_growth_yearly": 259.06
        },
        "20062": {
            "year_quarter": 20062,
            "year": 2006,
            "quarter": 2,
            "eps": 0.88,
            "eps_growth_year": 780,
            "eps_4q": 2.74,
            "eps_4q_growth_year": 220.9,
            "roe": 6.35,
            "roe_4q": 20.81,
            "gross_profit": 91864,
            "gross_margin": 31.9,
            "gross_margin_4q_avg": 32.67,
            "net_income": 44301,
            "net_income_4q": null,
            "revenue": 288020,
            "revenue_4q": null,
            "common_shares": 455091,
            "book_valuer_per_share": 15.4,
            "book_valuer_per_share_4q_avg": 14.76,
            "equity": 700693,
            "current_ratio": 217.01,
            "debt_ratio": 35.13,
            "inventory_turnover_ratio": 2.35,
            "account_receivable_turnover_ratio": null,
            "reinvestment_rate": null,
            "research_to_sale_ratio": null,
            "price_fair": 101.55,
            "eps_avg_yearly": 2.9,
            "eps_latest_yearly": 3.52,
            "eps_growth_yearly": 239.49
        },
        "20063": {
            "year_quarter": 20063,
            "year": 2006,
            "quarter": 3,
            "eps": 0.75,
            "eps_growth_year": -6.25,
            "eps_4q": 2.76,
            "eps_4q_growth_year": 182.22,
            "roe": 5.26,
            "roe_4q": 20.19,
            "gross_profit": 83762,
            "gross_margin": 31.36,
            "gross_margin_4q_avg": 32.62,
            "net_income": 37860,
            "net_income_4q": null,
            "revenue": 267059,
            "revenue_4q": null,
            "common_shares": 503800,
            "book_valuer_per_share": 14.67,
            "book_valuer_per_share_4q_avg": 14.93,
            "equity": 738944,
            "current_ratio": 238.34,
            "debt_ratio": 32.31,
            "inventory_turnover_ratio": 2.12,
            "account_receivable_turnover_ratio": null,
            "reinvestment_rate": null,
            "research_to_sale_ratio": null,
            "price_fair": 101.8,
            "eps_avg_yearly": 2.91,
            "eps_latest_yearly": 3,
            "eps_growth_yearly": 218.16
        },
        "20064": {
            "year_quarter": 20064,
            "year": 2006,
            "quarter": 4,
            "eps": 0.65,
            "eps_growth_year": 71.05,
            "eps_4q": 3.08,
            "eps_4q_growth_year": 133.03,
            "roe": 4.32,
            "roe_4q": 21.82,
            "gross_profit": 88531,
            "gross_margin": 30.13,
            "gross_margin_4q_avg": 31.29,
            "net_income": 32602,
            "net_income_4q": null,
            "revenue": 293876,
            "revenue_4q": null,
            "common_shares": 503800,
            "book_valuer_per_share": 15.32,
            "book_valuer_per_share_4q_avg": 15.16,
            "equity": 771710,
            "current_ratio": 279.73,
            "debt_ratio": 27.51,
            "inventory_turnover_ratio": 1.24,
            "account_receivable_turnover_ratio": null,
            "reinvestment_rate": 1.02,
            "research_to_sale_ratio": null,
            "price_fair": 101.08,
            "eps_avg_yearly": 2.89,
            "eps_latest_yearly": 2.6,
            "eps_growth_yearly": 200.06
        },
        "20071": {
            "year_quarter": 20071,
            "year": 2007,
            "quarter": 1,
            "eps": 0.95,
            "eps_growth_year": 9.2,
            "eps_4q": 3.24,
            "eps_4q_growth_year": 50.6,
            "roe": 5.98,
            "roe_4q": 21.91,
            "gross_profit": 106240,
            "gross_margin": 36.39,
            "gross_margin_4q_avg": 32.45,
            "net_income": 47659,
            "net_income_4q": null,
            "revenue": 291915,
            "revenue_4q": null,
            "common_shares": 503800,
            "book_valuer_per_share": 16.3,
            "book_valuer_per_share_4q_avg": 15.42,
            "equity": 821080,
            "current_ratio": 229.62,
            "debt_ratio": 30.43,
            "inventory_turnover_ratio": 1.15,
            "account_receivable_turnover_ratio": null,
            "reinvestment_rate": -0.18,
            "research_to_sale_ratio": null,
            "price_fair": 103.08,
            "eps_avg_yearly": 2.95,
            "eps_latest_yearly": 3.8,
            "eps_growth_yearly": 199.1
        },
        "20072": {
            "year_quarter": 20072,
            "year": 2007,
            "quarter": 2,
            "eps": 0.62,
            "eps_growth_year": -29.55,
            "eps_4q": 2.97,
            "eps_4q_growth_year": 8.52,
            "roe": 3.85,
            "roe_4q": 19.41,
            "gross_profit": 87615,
            "gross_margin": 35.8,
            "gross_margin_4q_avg": 33.42,
            "net_income": 31179,
            "net_income_4q": null,
            "revenue": 244742,
            "revenue_4q": null,
            "common_shares": 503800,
            "book_valuer_per_share": 15.86,
            "book_valuer_per_share_4q_avg": 15.54,
            "equity": 799207,
            "current_ratio": 209.94,
            "debt_ratio": 31.29,
            "inventory_turnover_ratio": 2.31,
            "account_receivable_turnover_ratio": null,
            "reinvestment_rate": -1.59,
            "research_to_sale_ratio": null,
            "price_fair": 90.39,
            "eps_avg_yearly": 2.58,
            "eps_latest_yearly": 2.48,
            "eps_growth_yearly": 196.1
        },
        "20073": {
            "year_quarter": 20073,
            "year": 2007,
            "quarter": 3,
            "eps": 0.77,
            "eps_growth_year": 2.67,
            "eps_4q": 2.6,
            "eps_4q_growth_year": -5.87,
            "roe": 5.71,
            "roe_4q": 19.86,
            "gross_profit": 64530,
            "gross_margin": 30.69,
            "gross_margin_4q_avg": 33.25,
            "net_income": 46994,
            "net_income_4q": null,
            "revenue": 210253,
            "revenue_4q": null,
            "common_shares": 611509,
            "book_valuer_per_share": 13.83,
            "book_valuer_per_share_4q_avg": 15.33,
            "equity": 846011,
            "current_ratio": 263.11,
            "debt_ratio": 24.45,
            "inventory_turnover_ratio": 2.33,
            "account_receivable_turnover_ratio": null,
            "reinvestment_rate": -1.86,
            "research_to_sale_ratio": null,
            "price_fair": 89.95,
            "eps_avg_yearly": 2.57,
            "eps_latest_yearly": 3.08,
            "eps_growth_yearly": 217.25
        },
        "20074": {
            "year_quarter": 20074,
            "year": 2007,
            "quarter": 4,
            "eps": 0.19,
            "eps_growth_year": -70.77,
            "eps_4q": 2.2,
            "eps_4q_growth_year": -28.68,
            "roe": 1.4,
            "roe_4q": 16.939999999999998,
            "gross_profit": 81702,
            "gross_margin": 29.52,
            "gross_margin_4q_avg": 33.1,
            "net_income": 11916,
            "net_income_4q": null,
            "revenue": 276798,
            "revenue_4q": null,
            "common_shares": 611509,
            "book_valuer_per_share": 14.07,
            "book_valuer_per_share_4q_avg": 15.02,
            "equity": 860451,
            "current_ratio": 287.86,
            "debt_ratio": 24.88,
            "inventory_turnover_ratio": 1.43,
            "account_receivable_turnover_ratio": null,
            "reinvestment_rate": 7.6,
            "research_to_sale_ratio": null,
            "price_fair": 83.3,
            "eps_avg_yearly": 2.38,
            "eps_latest_yearly": 0.76,
            "eps_growth_yearly": 194.45
        },
        "20081": {
            "year_quarter": 20081,
            "year": 2008,
            "quarter": 1,
            "eps": 0.1,
            "eps_growth_year": -89.47,
            "eps_4q": 1.63,
            "eps_4q_growth_year": -49.51,
            "roe": 0.68,
            "roe_4q": 11.64,
            "gross_profit": 126963,
            "gross_margin": 42.29,
            "gross_margin_4q_avg": 34.58,
            "net_income": 5871,
            "net_income_4q": null,
            "revenue": 300216,
            "revenue_4q": null,
            "common_shares": 611509,
            "book_valuer_per_share": 14.1,
            "book_valuer_per_share_4q_avg": 14.47,
            "equity": 862006,
            "current_ratio": 286.04,
            "debt_ratio": 25.53,
            "inventory_turnover_ratio": 0.79,
            "account_receivable_turnover_ratio": null,
            "reinvestment_rate": 12.18,
            "research_to_sale_ratio": null,
            "price_fair": 74.55,
            "eps_avg_yearly": 2.13,
            "eps_latest_yearly": 0.4,
            "eps_growth_yearly": 178.66
        },
        "20082": {
            "year_quarter": 20082,
            "year": 2008,
            "quarter": 2,
            "eps": -0.17,
            "eps_growth_year": -127.42,
            "eps_4q": 0.89,
            "eps_4q_growth_year": -69.96,
            "roe": -1.27,
            "roe_4q": 6.52,
            "gross_profit": 87882,
            "gross_margin": 33.26,
            "gross_margin_4q_avg": 33.94,
            "net_income": -10243,
            "net_income_4q": null,
            "revenue": 264216,
            "revenue_4q": null,
            "common_shares": 611509,
            "book_valuer_per_share": 12.29,
            "book_valuer_per_share_4q_avg": 13.57,
            "equity": 751357,
            "current_ratio": 205.76,
            "debt_ratio": 33.98,
            "inventory_turnover_ratio": 0.7,
            "account_receivable_turnover_ratio": null,
            "reinvestment_rate": 15.68,
            "research_to_sale_ratio": null,
            "price_fair": 73.83,
            "eps_avg_yearly": 2.11,
            "eps_latest_yearly": 0.4,
            "eps_growth_yearly": 202.45
        },
        "20083": {
            "year_quarter": 20083,
            "year": 2008,
            "quarter": 3,
            "eps": 0.2,
            "eps_growth_year": -74.03,
            "eps_4q": 0.32,
            "eps_4q_growth_year": -87.84,
            "roe": 1.72,
            "roe_4q": 2.53,
            "gross_profit": 113677,
            "gross_margin": 30.79,
            "gross_margin_4q_avg": 33.97,
            "net_income": 13034,
            "net_income_4q": null,
            "revenue": 369182,
            "revenue_4q": null,
            "common_shares": 642084,
            "book_valuer_per_share": 11.89,
            "book_valuer_per_share_4q_avg": 13.09,
            "equity": 763326,
            "current_ratio": 248.76,
            "debt_ratio": 27.19,
            "inventory_turnover_ratio": 1,
            "account_receivable_turnover_ratio": null,
            "reinvestment_rate": 14.2,
            "research_to_sale_ratio": null,
            "price_fair": 71.4,
            "eps_avg_yearly": 2.04,
            "eps_latest_yearly": 0.4,
            "eps_growth_yearly": 209.42
        },
        "20084": {
            "year_quarter": 20084,
            "year": 2008,
            "quarter": 4,
            "eps": 0.31,
            "eps_growth_year": 63.16,
            "eps_4q": 0.45,
            "eps_4q_growth_year": -79.65,
            "roe": 2.55,
            "roe_4q": 3.6799999999999997,
            "gross_profit": 121155,
            "gross_margin": 51.41,
            "gross_margin_4q_avg": 39.44,
            "net_income": 19604,
            "net_income_4q": null,
            "revenue": 235668,
            "revenue_4q": null,
            "common_shares": 642085,
            "book_valuer_per_share": 12.09,
            "book_valuer_per_share_4q_avg": 12.59,
            "equity": 776303,
            "current_ratio": 277.6,
            "debt_ratio": 23.85,
            "inventory_turnover_ratio": 0.46,
            "account_receivable_turnover_ratio": 2.24,
            "reinvestment_rate": 13.64,
            "research_to_sale_ratio": null,
            "price_fair": 74.2,
            "eps_avg_yearly": 2.12,
            "eps_latest_yearly": 1.24,
            "eps_growth_yearly": 252.59
        },
        "20091": {
            "year_quarter": 20091,
            "year": 2009,
            "quarter": 1,
            "eps": 0.12,
            "eps_growth_year": 20,
            "eps_4q": 0.47,
            "eps_4q_growth_year": -71.46,
            "roe": 0.99,
            "roe_4q": 3.9899999999999998,
            "gross_profit": 110150,
            "gross_margin": 40.04,
            "gross_margin_4q_avg": 38.88,
            "net_income": 7754,
            "net_income_4q": null,
            "revenue": 275085,
            "revenue_4q": null,
            "common_shares": 642085,
            "book_valuer_per_share": 12.23,
            "book_valuer_per_share_4q_avg": 12.13,
            "equity": 785588,
            "current_ratio": 297.98,
            "debt_ratio": 22.44,
            "inventory_turnover_ratio": 0.64,
            "account_receivable_turnover_ratio": 1.38,
            "reinvestment_rate": 18.71,
            "research_to_sale_ratio": null,
            "price_fair": 74.9,
            "eps_avg_yearly": 2.14,
            "eps_latest_yearly": 0.48,
            "eps_growth_yearly": 216.03
        },
        "20092": {
            "year_quarter": 20092,
            "year": 2009,
            "quarter": 2,
            "eps": 0.17,
            "eps_growth_year": null,
            "eps_4q": 0.8,
            "eps_4q_growth_year": -10.74,
            "roe": 1.41,
            "roe_4q": 6.669999999999999,
            "gross_profit": 99153,
            "gross_margin": 39.36,
            "gross_margin_4q_avg": 40.4,
            "net_income": 10969,
            "net_income_4q": null,
            "revenue": 251904,
            "revenue_4q": null,
            "common_shares": 642084,
            "book_valuer_per_share": 12.03,
            "book_valuer_per_share_4q_avg": 12.06,
            "equity": 772405,
            "current_ratio": 265.8,
            "debt_ratio": 25.07,
            "inventory_turnover_ratio": 0.6,
            "account_receivable_turnover_ratio": 1.41,
            "reinvestment_rate": 8.76,
            "research_to_sale_ratio": null,
            "price_fair": 75.6,
            "eps_avg_yearly": 2.16,
            "eps_latest_yearly": 0.68,
            "eps_growth_yearly": 199.37
        },
        "20093": {
            "year_quarter": 20093,
            "year": 2009,
            "quarter": 3,
            "eps": 0.5,
            "eps_growth_year": 150,
            "eps_4q": 1.11,
            "eps_4q_growth_year": 252.83,
            "roe": 3.97,
            "roe_4q": 8.92,
            "gross_profit": 123386,
            "gross_margin": 44.32,
            "gross_margin_4q_avg": 43.78,
            "net_income": 31211,
            "net_income_4q": null,
            "revenue": 278428,
            "revenue_4q": null,
            "common_shares": 642084,
            "book_valuer_per_share": 12.47,
            "book_valuer_per_share_4q_avg": 12.21,
            "equity": 800488,
            "current_ratio": 394.32,
            "debt_ratio": 17.06,
            "inventory_turnover_ratio": 0.69,
            "account_receivable_turnover_ratio": 1.62,
            "reinvestment_rate": 17.21,
            "research_to_sale_ratio": null,
            "price_fair": 72.6,
            "eps_avg_yearly": 2.07,
            "eps_latest_yearly": 2,
            "eps_growth_yearly": 54.83
        },
        "20094": {
            "year_quarter": 20094,
            "year": 2009,
            "quarter": 4,
            "eps": 0.1,
            "eps_growth_year": -67.74,
            "eps_4q": 0.87,
            "eps_4q_growth_year": 95.11,
            "roe": 0.74,
            "roe_4q": 7.11,
            "gross_profit": 115195,
            "gross_margin": 42.87,
            "gross_margin_4q_avg": 41.65,
            "net_income": 6070,
            "net_income_4q": null,
            "revenue": 268681,
            "revenue_4q": null,
            "common_shares": 642085,
            "book_valuer_per_share": 12.94,
            "book_valuer_per_share_4q_avg": 12.42,
            "equity": 831122,
            "current_ratio": 312.65,
            "debt_ratio": 22.17,
            "inventory_turnover_ratio": 0.75,
            "account_receivable_turnover_ratio": 4.43,
            "reinvestment_rate": 69.92,
            "research_to_sale_ratio": null,
            "price_fair": 69.8,
            "eps_avg_yearly": 1.99,
            "eps_latest_yearly": 0.4,
            "eps_growth_yearly": 46.97
        },
        "20101": {
            "year_quarter": 20101,
            "year": 2010,
            "quarter": 1,
            "eps": -0.22,
            "eps_growth_year": -283.33,
            "eps_4q": 0.53,
            "eps_4q_growth_year": 14.02,
            "roe": -1.72,
            "roe_4q": 4.4,
            "gross_profit": 96396,
            "gross_margin": 41.51,
            "gross_margin_4q_avg": 42.02,
            "net_income": -14098,
            "net_income_4q": null,
            "revenue": 232230,
            "revenue_4q": null,
            "common_shares": 642085,
            "book_valuer_per_share": 12.59,
            "book_valuer_per_share_4q_avg": 12.51,
            "equity": 808378,
            "current_ratio": 314.16,
            "debt_ratio": 20.96,
            "inventory_turnover_ratio": 0.66,
            "account_receivable_turnover_ratio": 1.73,
            "reinvestment_rate": 82.74,
            "research_to_sale_ratio": 2.6,
            "price_fair": 39.31,
            "eps_avg_yearly": 1.88,
            "eps_latest_yearly": 0.4,
            "eps_growth_yearly": 10.91
        },
        "20102": {
            "year_quarter": 20102,
            "year": 2010,
            "quarter": 2,
            "eps": -0.4,
            "eps_growth_year": -336.81,
            "eps_4q": -0.04,
            "eps_4q_growth_year": -105.2,
            "roe": -3.34,
            "roe_4q": -0.3499999999999992,
            "gross_profit": 82400,
            "gross_margin": 39.35,
            "gross_margin_4q_avg": 42.01,
            "net_income": -25858,
            "net_income_4q": null,
            "revenue": 209406,
            "revenue_4q": null,
            "common_shares": 642085,
            "book_valuer_per_share": 11.49,
            "book_valuer_per_share_4q_avg": 12.37,
            "equity": 738045,
            "current_ratio": 278.08,
            "debt_ratio": 23.84,
            "inventory_turnover_ratio": 0.61,
            "account_receivable_turnover_ratio": 1.51,
            "reinvestment_rate": 110.23,
            "research_to_sale_ratio": 3.34,
            "price_fair": 37.37,
            "eps_avg_yearly": 1.74,
            "eps_latest_yearly": 0.4,
            "eps_growth_yearly": 11.44
        },
        "20103": {
            "year_quarter": 20103,
            "year": 2010,
            "quarter": 3,
            "eps": 0.36,
            "eps_growth_year": -27.24,
            "eps_4q": -0.16,
            "eps_4q_growth_year": -114.69,
            "roe": 3.11,
            "roe_4q": -1.21,
            "gross_profit": 97397,
            "gross_margin": 53.22,
            "gross_margin_4q_avg": 44.24,
            "net_income": 23359,
            "net_income_4q": null,
            "revenue": 183025,
            "revenue_4q": null,
            "common_shares": 642085,
            "book_valuer_per_share": 11.88,
            "book_valuer_per_share_4q_avg": 12.23,
            "equity": 762996,
            "current_ratio": 327.87,
            "debt_ratio": 21.12,
            "inventory_turnover_ratio": 0.37,
            "account_receivable_turnover_ratio": 1.27,
            "reinvestment_rate": 120.67,
            "research_to_sale_ratio": 2.9,
            "price_fair": 45.36,
            "eps_avg_yearly": 1.63,
            "eps_latest_yearly": 0.4,
            "eps_growth_yearly": 17.85
        },
        "20104": {
            "year_quarter": 20104,
            "year": 2010,
            "quarter": 4,
            "eps": -0.14,
            "eps_growth_year": -236.73,
            "eps_4q": -0.39,
            "eps_4q_growth_year": -145.28,
            "roe": -1.17,
            "roe_4q": -3.12,
            "gross_profit": 94108,
            "gross_margin": 32.14,
            "gross_margin_4q_avg": 41.56,
            "net_income": -8779,
            "net_income_4q": null,
            "revenue": 292830,
            "revenue_4q": null,
            "common_shares": 642085,
            "book_valuer_per_share": 11.53,
            "book_valuer_per_share_4q_avg": 11.87,
            "equity": 740262,
            "current_ratio": 337.48,
            "debt_ratio": 18.42,
            "inventory_turnover_ratio": 0.89,
            "account_receivable_turnover_ratio": 1.91,
            "reinvestment_rate": 164.74,
            "research_to_sale_ratio": 1.84,
            "price_fair": 53.57,
            "eps_avg_yearly": 1.53,
            "eps_latest_yearly": 0.4,
            "eps_growth_yearly": 24.96
        },
        "20111": {
            "year_quarter": 20111,
            "year": 2011,
            "quarter": 1,
            "eps": -0.02,
            "eps_growth_year": null,
            "eps_4q": -0.2,
            "eps_4q_growth_year": -137.07,
            "roe": -0.19,
            "roe_4q": -1.5899999999999999,
            "gross_profit": 61509,
            "gross_margin": 27,
            "gross_margin_4q_avg": 37.93,
            "net_income": -1400,
            "net_income_4q": null,
            "revenue": 227818,
            "revenue_4q": null,
            "common_shares": 642085,
            "book_valuer_per_share": 11.58,
            "book_valuer_per_share_4q_avg": 11.62,
            "equity": 743488,
            "current_ratio": 288.22,
            "debt_ratio": 24.04,
            "inventory_turnover_ratio": 0.81,
            "account_receivable_turnover_ratio": 1.3,
            "reinvestment_rate": 185.79,
            "research_to_sale_ratio": 2.25,
            "price_fair": 22.05,
            "eps_avg_yearly": 1.28,
            "eps_latest_yearly": 0.4,
            "eps_growth_yearly": 7.23
        },
        "20112": {
            "year_quarter": 20112,
            "year": 2011,
            "quarter": 2,
            "eps": -0.29,
            "eps_growth_year": null,
            "eps_4q": -0.08,
            "eps_4q_growth_year": null,
            "roe": -2.53,
            "roe_4q": -0.7799999999999998,
            "gross_profit": 58108,
            "gross_margin": 25.11,
            "gross_margin_4q_avg": 34.37,
            "net_income": -18557,
            "net_income_4q": null,
            "revenue": 231385,
            "revenue_4q": null,
            "common_shares": 642085,
            "book_valuer_per_share": 11.27,
            "book_valuer_per_share_4q_avg": 11.57,
            "equity": 723913,
            "current_ratio": 265.5,
            "debt_ratio": 24.29,
            "inventory_turnover_ratio": 0.83,
            "account_receivable_turnover_ratio": 1.29,
            "reinvestment_rate": 301.56,
            "research_to_sale_ratio": 2.42,
            "price_fair": 39.55,
            "eps_avg_yearly": 1.13,
            "eps_latest_yearly": 0.4,
            "eps_growth_yearly": 25.5
        },
        "20113": {
            "year_quarter": 20113,
            "year": 2011,
            "quarter": 3,
            "eps": -0.28,
            "eps_growth_year": -178.28,
            "eps_4q": -0.73,
            "eps_4q_growth_year": null,
            "roe": -2.54,
            "roe_4q": -6.430000000000001,
            "gross_profit": 49444,
            "gross_margin": 59.09,
            "gross_margin_4q_avg": 35.84,
            "net_income": -18290,
            "net_income_4q": null,
            "revenue": 83673,
            "revenue_4q": null,
            "common_shares": 642085,
            "book_valuer_per_share": 11.16,
            "book_valuer_per_share_4q_avg": 11.39,
            "equity": 716776,
            "current_ratio": 314.43,
            "debt_ratio": 19.27,
            "inventory_turnover_ratio": 0.16,
            "account_receivable_turnover_ratio": 0.55,
            "reinvestment_rate": 912.55,
            "research_to_sale_ratio": 6.58,
            "price_fair": 21.55,
            "eps_avg_yearly": 0.85,
            "eps_latest_yearly": 0.4,
            "eps_growth_yearly": 15.31
        },
        "20114": {
            "year_quarter": 20114,
            "year": 2011,
            "quarter": 4,
            "eps": -0.37,
            "eps_growth_year": null,
            "eps_4q": -0.98,
            "eps_4q_growth_year": null,
            "roe": -3.38,
            "roe_4q": -8.639999999999999,
            "gross_profit": 65665,
            "gross_margin": 20.07,
            "gross_margin_4q_avg": 32.82,
            "net_income": -23677,
            "net_income_4q": null,
            "revenue": 327183,
            "revenue_4q": null,
            "common_shares": 642085,
            "book_valuer_per_share": 10.83,
            "book_valuer_per_share_4q_avg": 11.21,
            "equity": 684743,
            "current_ratio": 237.35,
            "debt_ratio": 26.5,
            "inventory_turnover_ratio": 1.14,
            "account_receivable_turnover_ratio": 2.03,
            "reinvestment_rate": null,
            "research_to_sale_ratio": 1.72,
            "price_fair": 30.33,
            "eps_avg_yearly": 0.87,
            "eps_latest_yearly": 0.4,
            "eps_growth_yearly": 68.08
        },
        "20121": {
            "year_quarter": 20121,
            "year": 2012,
            "quarter": 1,
            "eps": -0.33,
            "eps_growth_year": null,
            "eps_4q": -1.29,
            "eps_4q_growth_year": null,
            "roe": -3.09,
            "roe_4q": -11.54,
            "gross_profit": 47367,
            "gross_margin": 32.04,
            "gross_margin_4q_avg": 34.08,
            "net_income": -20760,
            "net_income_4q": null,
            "revenue": 147842,
            "revenue_4q": null,
            "common_shares": 642085,
            "book_valuer_per_share": 10.43,
            "book_valuer_per_share_4q_avg": 10.92,
            "equity": 659278,
            "current_ratio": 260.66,
            "debt_ratio": 24.15,
            "inventory_turnover_ratio": 0.4,
            "account_receivable_turnover_ratio": 0.97,
            "reinvestment_rate": null,
            "research_to_sale_ratio": 3.74,
            "price_fair": 33.6,
            "eps_avg_yearly": 0.96,
            "eps_latest_yearly": 0.4,
            "eps_growth_yearly": 119.6
        },
        "20122": {
            "year_quarter": 20122,
            "year": 2012,
            "quarter": 2,
            "eps": -0.3,
            "eps_growth_year": null,
            "eps_4q": -1.29,
            "eps_4q_growth_year": null,
            "roe": -2.93,
            "roe_4q": -11.939999999999998,
            "gross_profit": 59696,
            "gross_margin": 24.95,
            "gross_margin_4q_avg": 34.04,
            "net_income": -19073,
            "net_income_4q": null,
            "revenue": 239223,
            "revenue_4q": null,
            "common_shares": 642085,
            "book_valuer_per_share": 10.16,
            "book_valuer_per_share_4q_avg": 10.65,
            "equity": 642381,
            "current_ratio": 225.09,
            "debt_ratio": 27.74,
            "inventory_turnover_ratio": 0.71,
            "account_receivable_turnover_ratio": 1.61,
            "reinvestment_rate": null,
            "research_to_sale_ratio": 2.12,
            "price_fair": 33.6,
            "eps_avg_yearly": 0.96,
            "eps_latest_yearly": 0.4,
            "eps_growth_yearly": 119.6
        },
        "20123": {
            "year_quarter": 20123,
            "year": 2012,
            "quarter": 3,
            "eps": -0.38,
            "eps_growth_year": null,
            "eps_4q": -1.38,
            "eps_4q_growth_year": null,
            "roe": -3.78,
            "roe_4q": -13.18,
            "gross_profit": 41277,
            "gross_margin": 23.05,
            "gross_margin_4q_avg": 25.03,
            "net_income": -23782,
            "net_income_4q": null,
            "revenue": 179097,
            "revenue_4q": null,
            "common_shares": 642085,
            "book_valuer_per_share": 9.77,
            "book_valuer_per_share_4q_avg": 10.3,
            "equity": 617275,
            "current_ratio": 237.76,
            "debt_ratio": 25.11,
            "inventory_turnover_ratio": 0.6,
            "account_receivable_turnover_ratio": 1.14,
            "reinvestment_rate": null,
            "research_to_sale_ratio": 3.09,
            "price_fair": 33.6,
            "eps_avg_yearly": 0.96,
            "eps_latest_yearly": 0.4,
            "eps_growth_yearly": 119.6
        },
        "20124": {
            "year_quarter": 20124,
            "year": 2012,
            "quarter": 4,
            "eps": -0.21,
            "eps_growth_year": null,
            "eps_4q": -1.22,
            "eps_4q_growth_year": null,
            "roe": -2.19,
            "roe_4q": -11.99,
            "gross_profit": 35828,
            "gross_margin": 20.98,
            "gross_margin_4q_avg": 25.26,
            "net_income": -13385,
            "net_income_4q": null,
            "revenue": 170790,
            "revenue_4q": null,
            "common_shares": 642085,
            "book_valuer_per_share": 9.53,
            "book_valuer_per_share_4q_avg": 9.97,
            "equity": 602604,
            "current_ratio": 319.27,
            "debt_ratio": 20.16,
            "inventory_turnover_ratio": 0.71,
            "account_receivable_turnover_ratio": 1.21,
            "reinvestment_rate": null,
            "research_to_sale_ratio": 2.39,
            "price_fair": 31.15,
            "eps_avg_yearly": 0.89,
            "eps_latest_yearly": 0.4,
            "eps_growth_yearly": 94.49
        },
        "20131": {
            "year_quarter": 20131,
            "year": 2013,
            "quarter": 1,
            "eps": -0.28,
            "eps_growth_year": null,
            "eps_4q": -1.17,
            "eps_4q_growth_year": null,
            "roe": -2.94,
            "roe_4q": -11.84,
            "gross_profit": 38737,
            "gross_margin": 25.72,
            "gross_margin_4q_avg": 23.68,
            "net_income": -17600,
            "net_income_4q": null,
            "revenue": 150625,
            "revenue_4q": null,
            "common_shares": 642085,
            "book_valuer_per_share": 9.39,
            "book_valuer_per_share_4q_avg": 9.71,
            "equity": 593593,
            "current_ratio": 297.77,
            "debt_ratio": 22.42,
            "inventory_turnover_ratio": 0.79,
            "account_receivable_turnover_ratio": 1.16,
            "reinvestment_rate": null,
            "research_to_sale_ratio": null,
            "price_fair": 35.93,
            "eps_avg_yearly": 1.03,
            "eps_latest_yearly": 0.4,
            "eps_growth_yearly": 207.71
        },
        "20132": {
            "year_quarter": 20132,
            "year": 2013,
            "quarter": 2,
            "eps": -0.29,
            "eps_growth_year": null,
            "eps_4q": -1.15,
            "eps_4q_growth_year": null,
            "roe": -3.09,
            "roe_4q": -11.999999999999998,
            "gross_profit": 42756,
            "gross_margin": 25.19,
            "gross_margin_4q_avg": 23.74,
            "net_income": -18092,
            "net_income_4q": null,
            "revenue": 169749,
            "revenue_4q": null,
            "common_shares": 642085,
            "book_valuer_per_share": 9.13,
            "book_valuer_per_share_4q_avg": 9.46,
            "equity": 577333,
            "current_ratio": 246.47,
            "debt_ratio": 25.82,
            "inventory_turnover_ratio": 1.06,
            "account_receivable_turnover_ratio": 1.24,
            "reinvestment_rate": null,
            "research_to_sale_ratio": null,
            "price_fair": 42,
            "eps_avg_yearly": 1.2,
            "eps_latest_yearly": 0.4,
            "eps_growth_yearly": 228.24
        },
        "20133": {
            "year_quarter": 20133,
            "year": 2013,
            "quarter": 3,
            "eps": 0.05,
            "eps_growth_year": null,
            "eps_4q": -0.73,
            "eps_4q_growth_year": null,
            "roe": 0.56,
            "roe_4q": -7.66,
            "gross_profit": 56582,
            "gross_margin": 27.95,
            "gross_margin_4q_avg": 24.96,
            "net_income": 3236,
            "net_income_4q": null,
            "revenue": 202457,
            "revenue_4q": null,
            "common_shares": 642085,
            "book_valuer_per_share": 9.16,
            "book_valuer_per_share_4q_avg": 9.3,
            "equity": 578995,
            "current_ratio": 205.21,
            "debt_ratio": 30.98,
            "inventory_turnover_ratio": 1.05,
            "account_receivable_turnover_ratio": 1.29,
            "reinvestment_rate": null,
            "research_to_sale_ratio": null,
            "price_fair": 1.2,
            "eps_avg_yearly": 0.4,
            "eps_latest_yearly": 0.4,
            "eps_growth_yearly": -320
        },
        "20134": {
            "year_quarter": 20134,
            "year": 2013,
            "quarter": 4,
            "eps": -0.07,
            "eps_growth_year": null,
            "eps_4q": -0.58,
            "eps_4q_growth_year": null,
            "roe": -0.71,
            "roe_4q": -6.18,
            "gross_profit": 63242,
            "gross_margin": 29.05,
            "gross_margin_4q_avg": 26.98,
            "net_income": -4127,
            "net_income_4q": null,
            "revenue": 217679,
            "revenue_4q": null,
            "common_shares": 642085,
            "book_valuer_per_share": 9.11,
            "book_valuer_per_share_4q_avg": 9.2,
            "equity": 575564,
            "current_ratio": 187.71,
            "debt_ratio": 34.15,
            "inventory_turnover_ratio": 0.91,
            "account_receivable_turnover_ratio": 1.23,
            "reinvestment_rate": null,
            "research_to_sale_ratio": null,
            "price_fair": 0,
            "eps_avg_yearly": 0,
            "eps_latest_yearly": 0,
            "eps_growth_yearly": 0
        },
        "20141": {
            "year_quarter": 20141,
            "year": 2014,
            "quarter": 1,
            "eps": 0.25,
            "eps_growth_year": null,
            "eps_4q": -0.05,
            "eps_4q_growth_year": null,
            "roe": 2.7,
            "roe_4q": -0.5399999999999996,
            "gross_profit": 69260,
            "gross_margin": 30.36,
            "gross_margin_4q_avg": 28.14,
            "net_income": 15746,
            "net_income_4q": null,
            "revenue": 228111,
            "revenue_4q": null,
            "common_shares": 642085,
            "book_valuer_per_share": 9.36,
            "book_valuer_per_share_4q_avg": 9.19,
            "equity": 591474,
            "current_ratio": 183.05,
            "debt_ratio": 36.08,
            "inventory_turnover_ratio": 0.89,
            "account_receivable_turnover_ratio": 1.19,
            "reinvestment_rate": null,
            "research_to_sale_ratio": 2.07,
            "price_fair": 0,
            "eps_avg_yearly": 0,
            "eps_latest_yearly": 0,
            "eps_growth_yearly": 0
        },
        "20142": {
            "year_quarter": 20142,
            "year": 2014,
            "quarter": 2,
            "eps": -0.32,
            "eps_growth_year": null,
            "eps_4q": -0.08,
            "eps_4q_growth_year": null,
            "roe": -3.41,
            "roe_4q": -0.8599999999999999,
            "gross_profit": 57803,
            "gross_margin": 25.99,
            "gross_margin_4q_avg": 28.34,
            "net_income": -19983,
            "net_income_4q": null,
            "revenue": 222403,
            "revenue_4q": null,
            "common_shares": 642085,
            "book_valuer_per_share": 9.05,
            "book_valuer_per_share_4q_avg": 9.17,
            "equity": 581311,
            "current_ratio": 178.75,
            "debt_ratio": 36.3,
            "inventory_turnover_ratio": 0.84,
            "account_receivable_turnover_ratio": 1.21,
            "reinvestment_rate": null,
            "research_to_sale_ratio": 2.08,
            "price_fair": 0,
            "eps_avg_yearly": 0,
            "eps_latest_yearly": 0,
            "eps_growth_yearly": 0
        },
        "20143": {
            "year_quarter": 20143,
            "year": 2014,
            "quarter": 3,
            "eps": -0.43,
            "eps_growth_year": -960,
            "eps_4q": -0.56,
            "eps_4q_growth_year": null,
            "roe": -4.88,
            "roe_4q": -6.299999999999999,
            "gross_profit": 42176,
            "gross_margin": 30.06,
            "gross_margin_4q_avg": 28.87,
            "net_income": -27765,
            "net_income_4q": null,
            "revenue": 140287,
            "revenue_4q": null,
            "common_shares": 642085,
            "book_valuer_per_share": 8.69,
            "book_valuer_per_share_4q_avg": 9.05,
            "equity": 557722,
            "current_ratio": 174.33,
            "debt_ratio": 36.05,
            "inventory_turnover_ratio": 0.45,
            "account_receivable_turnover_ratio": 0.82,
            "reinvestment_rate": null,
            "research_to_sale_ratio": 2.97,
            "price_fair": 0,
            "eps_avg_yearly": 0,
            "eps_latest_yearly": 0,
            "eps_growth_yearly": 0
        },
        "20144": {
            "year_quarter": 20144,
            "year": 2014,
            "quarter": 4,
            "eps": -0.48,
            "eps_growth_year": null,
            "eps_4q": -0.98,
            "eps_4q_growth_year": null,
            "roe": -5.67,
            "roe_4q": -11.260000000000002,
            "gross_profit": 27484,
            "gross_margin": 17.69,
            "gross_margin_4q_avg": 26.03,
            "net_income": -30801,
            "net_income_4q": null,
            "revenue": 155345,
            "revenue_4q": null,
            "common_shares": 642085,
            "book_valuer_per_share": 8.24,
            "book_valuer_per_share_4q_avg": 8.84,
            "equity": 529281,
            "current_ratio": 162.7,
            "debt_ratio": 36.79,
            "inventory_turnover_ratio": 0.62,
            "account_receivable_turnover_ratio": 0.9,
            "reinvestment_rate": null,
            "research_to_sale_ratio": 2.37,
            "price_fair": 0,
            "eps_avg_yearly": 0,
            "eps_latest_yearly": 0,
            "eps_growth_yearly": 0
        },
        "20151": {
            "year_quarter": 20151,
            "year": 2015,
            "quarter": 1,
            "eps": -0.38,
            "eps_growth_year": -252,
            "eps_4q": -1.6,
            "eps_4q_growth_year": null,
            "roe": -4.68,
            "roe_4q": -18.64,
            "gross_profit": 43287,
            "gross_margin": 32.01,
            "gross_margin_4q_avg": 26.44,
            "net_income": -24300,
            "net_income_4q": null,
            "revenue": 135214,
            "revenue_4q": null,
            "common_shares": 642085,
            "book_valuer_per_share": 7.92,
            "book_valuer_per_share_4q_avg": 8.48,
            "equity": 508741,
            "current_ratio": 189.98,
            "debt_ratio": 34.91,
            "inventory_turnover_ratio": 0.52,
            "account_receivable_turnover_ratio": 0.86,
            "reinvestment_rate": null,
            "research_to_sale_ratio": 2.31,
            "price_fair": 0,
            "eps_avg_yearly": 0,
            "eps_latest_yearly": 0,
            "eps_growth_yearly": 0
        },
        "20152": {
            "year_quarter": 20152,
            "year": 2015,
            "quarter": 2,
            "eps": -0.48,
            "eps_growth_year": null,
            "eps_4q": -1.77,
            "eps_4q_growth_year": null,
            "roe": -6.2,
            "roe_4q": -21.429999999999996,
            "gross_profit": 26034,
            "gross_margin": 32.82,
            "gross_margin_4q_avg": 28.15,
            "net_income": -30547,
            "net_income_4q": null,
            "revenue": 79330,
            "revenue_4q": null,
            "common_shares": 642085,
            "book_valuer_per_share": 7.42,
            "book_valuer_per_share_4q_avg": 8.07,
            "equity": 476237,
            "current_ratio": 194.77,
            "debt_ratio": 33.13,
            "inventory_turnover_ratio": 0.34,
            "account_receivable_turnover_ratio": 0.68,
            "reinvestment_rate": null,
            "research_to_sale_ratio": 3.74,
            "price_fair": 0,
            "eps_avg_yearly": 0,
            "eps_latest_yearly": 0,
            "eps_growth_yearly": 0
        },
        "20153": {
            "year_quarter": 20153,
            "year": 2015,
            "quarter": 3,
            "eps": 0.39,
            "eps_growth_year": null,
            "eps_4q": -0.94,
            "eps_4q_growth_year": null,
            "roe": 5.18,
            "roe_4q": -11.370000000000001,
            "gross_profit": 47588,
            "gross_margin": 26.69,
            "gross_margin_4q_avg": 27.3,
            "net_income": 25240,
            "net_income_4q": null,
            "revenue": 178291,
            "revenue_4q": null,
            "common_shares": 642085,
            "book_valuer_per_share": 7.77,
            "book_valuer_per_share_4q_avg": 7.84,
            "equity": 499199,
            "current_ratio": 205.8,
            "debt_ratio": 32.23,
            "inventory_turnover_ratio": 0.9,
            "account_receivable_turnover_ratio": 1.68,
            "reinvestment_rate": null,
            "research_to_sale_ratio": 1.42,
            "price_fair": 0,
            "eps_avg_yearly": 0,
            "eps_latest_yearly": 0,
            "eps_growth_yearly": 0
        },
        "20154": {
            "year_quarter": 20154,
            "year": 2015,
            "quarter": 4,
            "eps": -0.08,
            "eps_growth_year": null,
            "eps_4q": -0.55,
            "eps_4q_growth_year": null,
            "roe": -1.09,
            "roe_4q": -6.79,
            "gross_profit": 41326,
            "gross_margin": 28.18,
            "gross_margin_4q_avg": 29.93,
            "net_income": -5398,
            "net_income_4q": null,
            "revenue": 146632,
            "revenue_4q": null,
            "common_shares": 642085,
            "book_valuer_per_share": 7.68,
            "book_valuer_per_share_4q_avg": 7.7,
            "equity": 492984,
            "current_ratio": 199.09,
            "debt_ratio": 32.64,
            "inventory_turnover_ratio": 0.8,
            "account_receivable_turnover_ratio": 1.19,
            "reinvestment_rate": null,
            "research_to_sale_ratio": 1.87,
            "price_fair": 0,
            "eps_avg_yearly": 0,
            "eps_latest_yearly": 0,
            "eps_growth_yearly": 0
        },
        "20161": {
            "year_quarter": 20161,
            "year": 2016,
            "quarter": 1,
            "eps": 0.14,
            "eps_growth_year": null,
            "eps_4q": -0.02,
            "eps_4q_growth_year": null,
            "roe": 1.84,
            "roe_4q": -0.27000000000000046,
            "gross_profit": 40340,
            "gross_margin": 27.66,
            "gross_margin_4q_avg": 28.84,
            "net_income": 9186,
            "net_income_4q": null,
            "revenue": 145851,
            "revenue_4q": null,
            "common_shares": 642085,
            "book_valuer_per_share": 7.84,
            "book_valuer_per_share_4q_avg": 7.68,
            "equity": 503379,
            "current_ratio": 210.11,
            "debt_ratio": 31.2,
            "inventory_turnover_ratio": 0.85,
            "account_receivable_turnover_ratio": 1.16,
            "reinvestment_rate": null,
            "research_to_sale_ratio": 1.71,
            "price_fair": 0,
            "eps_avg_yearly": 0,
            "eps_latest_yearly": 0,
            "eps_growth_yearly": 0
        },
        "20162": {
            "year_quarter": 20162,
            "year": 2016,
            "quarter": 2,
            "eps": 0.06,
            "eps_growth_year": null,
            "eps_4q": 0.51,
            "eps_4q_growth_year": null,
            "roe": 0.78,
            "roe_4q": 6.71,
            "gross_profit": 41121,
            "gross_margin": 26.96,
            "gross_margin_4q_avg": 27.37,
            "net_income": 3925,
            "net_income_4q": null,
            "revenue": 152539,
            "revenue_4q": null,
            "common_shares": 642085,
            "book_valuer_per_share": 7.85,
            "book_valuer_per_share_4q_avg": 7.79,
            "equity": 504150,
            "current_ratio": 216.94,
            "debt_ratio": 30.34,
            "inventory_turnover_ratio": 0.9,
            "account_receivable_turnover_ratio": 1.15,
            "reinvestment_rate": null,
            "research_to_sale_ratio": 1.56,
            "price_fair": 0.72,
            "eps_avg_yearly": 0.24,
            "eps_latest_yearly": 0.24,
            "eps_growth_yearly": -228.57
        },
        "20163": {
            "year_quarter": 20163,
            "year": 2016,
            "quarter": 3,
            "eps": 0.08,
            "eps_growth_year": -79.49,
            "eps_4q": 0.2,
            "eps_4q_growth_year": null,
            "roe": 1.06,
            "roe_4q": 2.59,
            "gross_profit": 57414,
            "gross_margin": 36.05,
            "gross_margin_4q_avg": 29.71,
            "net_income": 5347,
            "net_income_4q": null,
            "revenue": 159283,
            "revenue_4q": null,
            "common_shares": 642085,
            "book_valuer_per_share": 7.87,
            "book_valuer_per_share_4q_avg": 7.81,
            "equity": 505042,
            "current_ratio": 214.35,
            "debt_ratio": 30.84,
            "inventory_turnover_ratio": 0.81,
            "account_receivable_turnover_ratio": 1.13,
            "reinvestment_rate": null,
            "research_to_sale_ratio": 1.63,
            "price_fair": 0.84,
            "eps_avg_yearly": 0.28,
            "eps_latest_yearly": 0.32,
            "eps_growth_yearly": -47.62
        },
        "20164": {
            "year_quarter": 20164,
            "year": 2016,
            "quarter": 4,
            "eps": -0.13,
            "eps_growth_year": null,
            "eps_4q": 0.16,
            "eps_4q_growth_year": null,
            "roe": -1.64,
            "roe_4q": 2.04,
            "gross_profit": 46224,
            "gross_margin": 40.72,
            "gross_margin_4q_avg": 32.85,
            "net_income": -8185,
            "net_income_4q": null,
            "revenue": 113508,
            "revenue_4q": null,
            "common_shares": 642085,
            "book_valuer_per_share": 7.72,
            "book_valuer_per_share_4q_avg": 7.82,
            "equity": 495611,
            "current_ratio": 197.6,
            "debt_ratio": 32.06,
            "inventory_turnover_ratio": 0.46,
            "account_receivable_turnover_ratio": 0.97,
            "reinvestment_rate": null,
            "research_to_sale_ratio": 2.29,
            "price_fair": 0.84,
            "eps_avg_yearly": 0.28,
            "eps_latest_yearly": 0.32,
            "eps_growth_yearly": -47.62
        },
        "20171": {
            "year_quarter": 20171,
            "year": 2017,
            "quarter": 1,
            "eps": -0.27,
            "eps_growth_year": -292.86,
            "eps_4q": -0.25,
            "eps_4q_growth_year": null,
            "roe": -3.52,
            "roe_4q": -3.3199999999999994,
            "gross_profit": 41365,
            "gross_margin": 40.45,
            "gross_margin_4q_avg": 36.05,
            "net_income": -17026,
            "net_income_4q": null,
            "revenue": 102261,
            "revenue_4q": null,
            "common_shares": 642085,
            "book_valuer_per_share": 7.34,
            "book_valuer_per_share_4q_avg": 7.7,
            "equity": 471120,
            "current_ratio": 197.55,
            "debt_ratio": 30.48,
            "inventory_turnover_ratio": 0.37,
            "account_receivable_turnover_ratio": 1.3,
            "reinvestment_rate": null,
            "research_to_sale_ratio": 3.04,
            "price_fair": 0.84,
            "eps_avg_yearly": 0.28,
            "eps_latest_yearly": 0.32,
            "eps_growth_yearly": -47.62
        },
        "20172": {
            "year_quarter": 20172,
            "year": 2017,
            "quarter": 2,
            "eps": -0.03,
            "eps_growth_year": -150,
            "eps_4q": -0.34,
            "eps_4q_growth_year": -165.5,
            "roe": -0.36,
            "roe_4q": -4.459999999999999,
            "gross_profit": 43114,
            "gross_margin": 34.61,
            "gross_margin_4q_avg": 37.96,
            "net_income": -1720,
            "net_income_4q": null,
            "revenue": 124585,
            "revenue_4q": null,
            "common_shares": 642085,
            "book_valuer_per_share": 7.37,
            "book_valuer_per_share_4q_avg": 7.58,
            "equity": 472941,
            "current_ratio": 169.43,
            "debt_ratio": 33.84,
            "inventory_turnover_ratio": 0.48,
            "account_receivable_turnover_ratio": 1.68,
            "reinvestment_rate": null,
            "research_to_sale_ratio": 1.57,
            "price_fair": 0.84,
            "eps_avg_yearly": 0.28,
            "eps_latest_yearly": 0.32,
            "eps_growth_yearly": -47.62
        },
        "20173": {
            "year_quarter": 20173,
            "year": 2017,
            "quarter": 3,
            "eps": 0.25,
            "eps_growth_year": 212.5,
            "eps_4q": -0.17,
            "eps_4q_growth_year": -184.18,
            "roe": 3.31,
            "roe_4q": -2.21,
            "gross_profit": 61735,
            "gross_margin": 39,
            "gross_margin_4q_avg": 38.7,
            "net_income": 15936,
            "net_income_4q": null,
            "revenue": 158305,
            "revenue_4q": null,
            "common_shares": 642085,
            "book_valuer_per_share": 7.65,
            "book_valuer_per_share_4q_avg": 7.52,
            "equity": 491303,
            "current_ratio": 172.73,
            "debt_ratio": 34.04,
            "inventory_turnover_ratio": 0.53,
            "account_receivable_turnover_ratio": 1.73,
            "reinvestment_rate": null,
            "research_to_sale_ratio": 1.39,
            "price_fair": 0.84,
            "eps_avg_yearly": 0.28,
            "eps_latest_yearly": 0.32,
            "eps_growth_yearly": -47.62
        },
        "20174": {
            "year_quarter": 20174,
            "year": 2017,
            "quarter": 4,
            "eps": -0.02,
            "eps_growth_year": null,
            "eps_4q": -0.06,
            "eps_4q_growth_year": -139.36,
            "roe": -0.25,
            "roe_4q": -0.8199999999999998,
            "gross_profit": 56398,
            "gross_margin": 36.56,
            "gross_margin_4q_avg": 37.66,
            "net_income": -1234,
            "net_income_4q": null,
            "revenue": 154257,
            "revenue_4q": null,
            "common_shares": 642085,
            "book_valuer_per_share": 7.63,
            "book_valuer_per_share_4q_avg": 7.5,
            "equity": 489644,
            "current_ratio": 173.96,
            "debt_ratio": 33.3,
            "inventory_turnover_ratio": 0.51,
            "account_receivable_turnover_ratio": 1.59,
            "reinvestment_rate": null,
            "research_to_sale_ratio": 1.31,
            "price_fair": 0.84,
            "eps_avg_yearly": 0.28,
            "eps_latest_yearly": 0.32,
            "eps_growth_yearly": -47.62
        },
        "20181": {
            "year_quarter": 20181,
            "year": 2018,
            "quarter": 1,
            "eps": 0.39,
            "eps_growth_year": null,
            "eps_4q": 0.59,
            "eps_4q_growth_year": null,
            "roe": 4.97,
            "roe_4q": 7.669999999999999,
            "gross_profit": 70364,
            "gross_margin": 38.44,
            "gross_margin_4q_avg": 37.15,
            "net_income": 24898,
            "net_income_4q": null,
            "revenue": 183053,
            "revenue_4q": null,
            "common_shares": 642085,
            "book_valuer_per_share": 7.97,
            "book_valuer_per_share_4q_avg": 7.66,
            "equity": 511683,
            "current_ratio": 199.48,
            "debt_ratio": 28.13,
            "inventory_turnover_ratio": 0.62,
            "account_receivable_turnover_ratio": 1.95,
            "reinvestment_rate": null,
            "research_to_sale_ratio": 1.41,
            "price_fair": 0.84,
            "eps_avg_yearly": 0.28,
            "eps_latest_yearly": 0.32,
            "eps_growth_yearly": -47.62
        },
        "20182": {
            "year_quarter": 20182,
            "year": 2018,
            "quarter": 2,
            "eps": -0.14,
            "eps_growth_year": null,
            "eps_4q": 0.48,
            "eps_4q_growth_year": null,
            "roe": -1.72,
            "roe_4q": 6.3100000000000005,
            "gross_profit": 35528,
            "gross_margin": 32.09,
            "gross_margin_4q_avg": 36.52,
            "net_income": -8711,
            "net_income_4q": null,
            "revenue": 110709,
            "revenue_4q": null,
            "common_shares": 642085,
            "book_valuer_per_share": 7.83,
            "book_valuer_per_share_4q_avg": 7.77,
            "equity": 502932,
            "current_ratio": 191.87,
            "debt_ratio": 27.93,
            "inventory_turnover_ratio": 0.42,
            "account_receivable_turnover_ratio": 1.28,
            "reinvestment_rate": null,
            "research_to_sale_ratio": 2.35,
            "price_fair": 0.84,
            "eps_avg_yearly": 0.28,
            "eps_latest_yearly": 0.32,
            "eps_growth_yearly": -47.62
        },
        "20183": {
            "year_quarter": 20183,
            "year": 2018,
            "quarter": 3,
            "eps": -0.29,
            "eps_growth_year": -216,
            "eps_4q": -0.05,
            "eps_4q_growth_year": null,
            "roe": -3.72,
            "roe_4q": -0.7200000000000006,
            "gross_profit": 33702,
            "gross_margin": 32.78,
            "gross_margin_4q_avg": 34.97,
            "net_income": -18311,
            "net_income_4q": null,
            "revenue": 102826,
            "revenue_4q": null,
            "common_shares": 642085,
            "book_valuer_per_share": 7.64,
            "book_valuer_per_share_4q_avg": 7.77,
            "equity": 482734,
            "current_ratio": 165.39,
            "debt_ratio": 30.96,
            "inventory_turnover_ratio": 0.36,
            "account_receivable_turnover_ratio": 1.26,
            "reinvestment_rate": null,
            "research_to_sale_ratio": 2.35,
            "price_fair": 0.84,
            "eps_avg_yearly": 0.28,
            "eps_latest_yearly": 0.32,
            "eps_growth_yearly": -47.62
        },
        "20184": {
            "year_quarter": 20184,
            "year": 2018,
            "quarter": 4,
            "eps": -0.11,
            "eps_growth_year": null,
            "eps_4q": -0.15,
            "eps_4q_growth_year": null,
            "roe": -1.53,
            "roe_4q": -2,
            "gross_profit": 37779,
            "gross_margin": 35.4,
            "gross_margin_4q_avg": 34.68,
            "net_income": -7340,
            "net_income_4q": null,
            "revenue": 106729,
            "revenue_4q": null,
            "common_shares": 642085,
            "book_valuer_per_share": 7.38,
            "book_valuer_per_share_4q_avg": 7.71,
            "equity": 473964,
            "current_ratio": 160.93,
            "debt_ratio": 31,
            "inventory_turnover_ratio": 0.36,
            "account_receivable_turnover_ratio": 1.39,
            "reinvestment_rate": null,
            "research_to_sale_ratio": 2.08,
            "price_fair": 0.84,
            "eps_avg_yearly": 0.28,
            "eps_latest_yearly": 0.32,
            "eps_growth_yearly": -47.62
        },
        "20191": {
            "year_quarter": 20191,
            "year": 2019,
            "quarter": 1,
            "eps": -0.31,
            "eps_growth_year": -179.49,
            "eps_4q": -0.85,
            "eps_4q_growth_year": -243.72,
            "roe": -4.32,
            "roe_4q": -11.290000000000001,
            "gross_profit": 25591,
            "gross_margin": 27.86,
            "gross_margin_4q_avg": 32.03,
            "net_income": -20083,
            "net_income_4q": null,
            "revenue": 91856,
            "revenue_4q": null,
            "common_shares": 642085,
            "book_valuer_per_share": 7.09,
            "book_valuer_per_share_4q_avg": 7.49,
            "equity": 455297,
            "current_ratio": 140.42,
            "debt_ratio": 34.34,
            "inventory_turnover_ratio": 0.35,
            "account_receivable_turnover_ratio": 1.35,
            "reinvestment_rate": null,
            "research_to_sale_ratio": 2.79,
            "price_fair": 0.84,
            "eps_avg_yearly": 0.28,
            "eps_latest_yearly": 0.32,
            "eps_growth_yearly": -47.62
        },
        "20192": {
            "year_quarter": 20192,
            "year": 2019,
            "quarter": 2,
            "eps": -0.37,
            "eps_growth_year": null,
            "eps_4q": -1.08,
            "eps_4q_growth_year": -324.24,
            "roe": -5.31,
            "roe_4q": -14.879999999999999,
            "gross_profit": 17108,
            "gross_margin": 17.26,
            "gross_margin_4q_avg": 28.33,
            "net_income": -23542,
            "net_income_4q": null,
            "revenue": 99118,
            "revenue_4q": null,
            "common_shares": 642085,
            "book_valuer_per_share": 6.72,
            "book_valuer_per_share_4q_avg": 7.21,
            "equity": 431202,
            "current_ratio": 126.22,
            "debt_ratio": 37.1,
            "inventory_turnover_ratio": 0.46,
            "account_receivable_turnover_ratio": 1.47,
            "reinvestment_rate": null,
            "research_to_sale_ratio": 1.9,
            "price_fair": 0.84,
            "eps_avg_yearly": 0.28,
            "eps_latest_yearly": 0.32,
            "eps_growth_yearly": -47.62
        },
        "20193": {
            "year_quarter": 20193,
            "year": 2019,
            "quarter": 3,
            "eps": -0.49,
            "eps_growth_year": null,
            "eps_4q": -1.29,
            "eps_4q_growth_year": null,
            "roe": -7.66,
            "roe_4q": -18.82,
            "gross_profit": 35706,
            "gross_margin": 33.16,
            "gross_margin_4q_avg": 28.42,
            "net_income": -31782,
            "net_income_4q": null,
            "revenue": 107693,
            "revenue_4q": null,
            "common_shares": 642085,
            "book_valuer_per_share": 6.2,
            "book_valuer_per_share_4q_avg": 6.85,
            "equity": 398140,
            "current_ratio": 112.53,
            "debt_ratio": 39.17,
            "inventory_turnover_ratio": 0.46,
            "account_receivable_turnover_ratio": 1.6,
            "reinvestment_rate": null,
            "research_to_sale_ratio": 2.09,
            "price_fair": 0.84,
            "eps_avg_yearly": 0.28,
            "eps_latest_yearly": 0.32,
            "eps_growth_yearly": -47.62
        },
        "20194": {
            "year_quarter": 20194,
            "year": 2019,
            "quarter": 4,
            "eps": -0.18,
            "eps_growth_year": null,
            "eps_4q": -1.36,
            "eps_4q_growth_year": null,
            "roe": -3.01,
            "roe_4q": -20.3,
            "gross_profit": 53868,
            "gross_margin": 44.87,
            "gross_margin_4q_avg": 30.79,
            "net_income": -11791,
            "net_income_4q": null,
            "revenue": 120050,
            "revenue_4q": null,
            "common_shares": 642085,
            "book_valuer_per_share": 6.02,
            "book_valuer_per_share_4q_avg": 6.51,
            "equity": 386248,
            "current_ratio": 112.14,
            "debt_ratio": 36.31,
            "inventory_turnover_ratio": 0.54,
            "account_receivable_turnover_ratio": 1.92,
            "reinvestment_rate": null,
            "research_to_sale_ratio": 1.79,
            "price_fair": 0.84,
            "eps_avg_yearly": 0.28,
            "eps_latest_yearly": 0.32,
            "eps_growth_yearly": -47.62
        },
        "20201": {
            "year_quarter": 20201,
            "year": 2020,
            "quarter": 1,
            "eps": -0.19,
            "eps_growth_year": null,
            "eps_4q": -1.23,
            "eps_4q_growth_year": null,
            "roe": -3.16,
            "roe_4q": -19.14,
            "gross_profit": 40191,
            "gross_margin": 42.05,
            "gross_margin_4q_avg": 34.34,
            "net_income": -12007,
            "net_income_4q": null,
            "revenue": 95573,
            "revenue_4q": null,
            "common_shares": 642085,
            "book_valuer_per_share": 5.82,
            "book_valuer_per_share_4q_avg": 6.19,
            "equity": 373667,
            "current_ratio": 103.28,
            "debt_ratio": 37.01,
            "inventory_turnover_ratio": 0.61,
            "account_receivable_turnover_ratio": 1.77,
            "reinvestment_rate": null,
            "research_to_sale_ratio": 2.16,
            "price_fair": 0.84,
            "eps_avg_yearly": 0.28,
            "eps_latest_yearly": 0.32,
            "eps_growth_yearly": -47.62
        },
        "20202": {
            "year_quarter": 20202,
            "year": 2020,
            "quarter": 2,
            "eps": 0.24,
            "eps_growth_year": null,
            "eps_4q": -0.63,
            "eps_4q_growth_year": null,
            "roe": 4.03,
            "roe_4q": -9.8,
            "gross_profit": 63523,
            "gross_margin": 45.02,
            "gross_margin_4q_avg": 41.28,
            "net_income": 15336,
            "net_income_4q": null,
            "revenue": 141107,
            "revenue_4q": null,
            "common_shares": 642085,
            "book_valuer_per_share": 6.03,
            "book_valuer_per_share_4q_avg": 6.02,
            "equity": 387049,
            "current_ratio": 105.42,
            "debt_ratio": 39,
            "inventory_turnover_ratio": 0.94,
            "account_receivable_turnover_ratio": 2.27,
            "reinvestment_rate": null,
            "research_to_sale_ratio": 1.27,
            "price_fair": 11.2,
            "eps_avg_yearly": 0.32,
            "eps_latest_yearly": 0.32,
            "eps_growth_yearly": 133.33
        },
        "20203": {
            "year_quarter": 20203,
            "year": 2020,
            "quarter": 3,
            "eps": 0.05,
            "eps_growth_year": null,
            "eps_4q": -0.08,
            "eps_4q_growth_year": null,
            "roe": 0.78,
            "roe_4q": -1.3599999999999994,
            "gross_profit": 55329,
            "gross_margin": 40.31,
            "gross_margin_4q_avg": 43.06,
            "net_income": 3015,
            "net_income_4q": null,
            "revenue": 137249,
            "revenue_4q": null,
            "common_shares": 642085,
            "book_valuer_per_share": 6.09,
            "book_valuer_per_share_4q_avg": 5.99,
            "equity": 391040,
            "current_ratio": 104.83,
            "debt_ratio": 42.83,
            "inventory_turnover_ratio": 0.84,
            "account_receivable_turnover_ratio": 1.86,
            "reinvestment_rate": null,
            "research_to_sale_ratio": 1.5,
            "price_fair": 0.6,
            "eps_avg_yearly": 0.2,
            "eps_latest_yearly": 0.2,
            "eps_growth_yearly": -316.67
        },
        "20204": {
            "year_quarter": 20204,
            "year": 2020,
            "quarter": 4,
            "eps": 0.21,
            "eps_growth_year": null,
            "eps_4q": 0.3,
            "eps_4q_growth_year": null,
            "roe": 3.32,
            "roe_4q": 4.969999999999999,
            "gross_profit": 68902,
            "gross_margin": 42.65,
            "gross_margin_4q_avg": 42.51,
            "net_income": 13211,
            "net_income_4q": null,
            "revenue": 161548,
            "revenue_4q": null,
            "common_shares": 642085,
            "book_valuer_per_share": 6.31,
            "book_valuer_per_share_4q_avg": 6.06,
            "equity": 405444,
            "current_ratio": 110.49,
            "debt_ratio": 44.77,
            "inventory_turnover_ratio": 0.72,
            "account_receivable_turnover_ratio": 1.97,
            "reinvestment_rate": null,
            "research_to_sale_ratio": 1.46,
            "price_fair": 18.2,
            "eps_avg_yearly": 0.52,
            "eps_latest_yearly": 0.84,
            "eps_growth_yearly": 481.67
        },
        "20211": {
            "year_quarter": 20211,
            "year": 2021,
            "quarter": 1,
            "eps": -0.1,
            "eps_growth_year": null,
            "eps_4q": 0.4,
            "eps_4q_growth_year": null,
            "roe": -1.53,
            "roe_4q": 6.6,
            "gross_profit": 53866,
            "gross_margin": 34.48,
            "gross_margin_4q_avg": 40.62,
            "net_income": -6126,
            "net_income_4q": null,
            "revenue": 156209,
            "revenue_4q": null,
            "common_shares": 642085,
            "book_valuer_per_share": 6.17,
            "book_valuer_per_share_4q_avg": 6.15,
            "equity": 396383,
            "current_ratio": 106.9,
            "debt_ratio": 46.19,
            "inventory_turnover_ratio": 0.66,
            "account_receivable_turnover_ratio": 1.75,
            "reinvestment_rate": null,
            "research_to_sale_ratio": 2.19,
            "price_fair": 18.2,
            "eps_avg_yearly": 0.52,
            "eps_latest_yearly": 0.84,
            "eps_growth_yearly": 481.67
        },
        "20212": {
            "year_quarter": 20212,
            "year": 2021,
            "quarter": 2,
            "eps": -0.21,
            "eps_growth_year": -187.5,
            "eps_4q": -0.06,
            "eps_4q_growth_year": null,
            "roe": -3.53,
            "roe_4q": -0.9599999999999997,
            "gross_profit": 36708,
            "gross_margin": 33.12,
            "gross_margin_4q_avg": 37.64,
            "net_income": -13715,
            "net_income_4q": null,
            "revenue": 110849,
            "revenue_4q": null,
            "common_shares": 642085,
            "book_valuer_per_share": 5.94,
            "book_valuer_per_share_4q_avg": 6.13,
            "equity": 381459,
            "current_ratio": 99.09,
            "debt_ratio": 49.74,
            "inventory_turnover_ratio": 0.41,
            "account_receivable_turnover_ratio": 1.62,
            "reinvestment_rate": null,
            "research_to_sale_ratio": 2.21,
            "price_fair": 18.2,
            "eps_avg_yearly": 0.52,
            "eps_latest_yearly": 0.84,
            "eps_growth_yearly": 481.67
        },
        "20213": {
            "year_quarter": 20213,
            "year": 2021,
            "quarter": 3,
            "eps": -0.47,
            "eps_growth_year": -1040,
            "eps_4q": -0.57,
            "eps_4q_growth_year": null,
            "roe": -8.21,
            "roe_4q": -9.95,
            "gross_profit": 22265,
            "gross_margin": 22.95,
            "gross_margin_4q_avg": 33.3,
            "net_income": -30040,
            "net_income_4q": null,
            "revenue": 97021,
            "revenue_4q": null,
            "common_shares": 642085,
            "book_valuer_per_share": 5.46,
            "book_valuer_per_share_4q_avg": 5.97,
            "equity": 350534,
            "current_ratio": 90.38,
            "debt_ratio": 51.47,
            "inventory_turnover_ratio": 0.38,
            "account_receivable_turnover_ratio": 2.06,
            "reinvestment_rate": null,
            "research_to_sale_ratio": 2.03,
            "price_fair": 18.2,
            "eps_avg_yearly": 0.52,
            "eps_latest_yearly": 0.84,
            "eps_growth_yearly": 481.67
        },
        "20214": {
            "year_quarter": 20214,
            "year": 2021,
            "quarter": 4,
            "eps": -0.05,
            "eps_growth_year": -124.57,
            "eps_4q": -0.83,
            "eps_4q_growth_year": -371.69,
            "roe": -0.93,
            "roe_4q": -14.2,
            "gross_profit": 41868,
            "gross_margin": 44.27,
            "gross_margin_4q_avg": 33.71,
            "net_income": -3248,
            "net_income_4q": null,
            "revenue": 94567,
            "revenue_4q": null,
            "common_shares": 642085,
            "book_valuer_per_share": 5.43,
            "book_valuer_per_share_4q_avg": 5.75,
            "equity": 348774,
            "current_ratio": 92.39,
            "debt_ratio": 51.24,
            "inventory_turnover_ratio": 0.27,
            "account_receivable_turnover_ratio": 2,
            "reinvestment_rate": null,
            "research_to_sale_ratio": 1.92,
            "price_fair": 18.2,
            "eps_avg_yearly": 0.52,
            "eps_latest_yearly": 0.84,
            "eps_growth_yearly": 481.67
        },
        "20221": {
            "year_quarter": 20221,
            "year": 2022,
            "quarter": 1,
            "eps": -0.1,
            "eps_growth_year": null,
            "eps_4q": -0.83,
            "eps_4q_growth_year": -310.05,
            "roe": -1.86,
            "roe_4q": -14.53,
            "gross_profit": 19132,
            "gross_margin": 28.57,
            "gross_margin_4q_avg": 32.23,
            "net_income": -6426,
            "net_income_4q": null,
            "revenue": 66966,
            "revenue_4q": null,
            "common_shares": 642085,
            "book_valuer_per_share": 5.35,
            "book_valuer_per_share_4q_avg": 5.55,
            "equity": 343753,
            "current_ratio": 107.82,
            "debt_ratio": 45.85,
            "inventory_turnover_ratio": 0.27,
            "account_receivable_turnover_ratio": 1.5,
            "reinvestment_rate": null,
            "research_to_sale_ratio": 2.42,
            "price_fair": 18.2,
            "eps_avg_yearly": 0.52,
            "eps_latest_yearly": 0.84,
            "eps_growth_yearly": 481.67
        },
        "20222": {
            "year_quarter": 20222,
            "year": 2022,
            "quarter": 2,
            "eps": 0.06,
            "eps_growth_year": null,
            "eps_4q": -0.58,
            "eps_4q_growth_year": null,
            "roe": 0.75,
            "roe_4q": -10.25,
            "gross_profit": 16031,
            "gross_margin": 30.14,
            "gross_margin_4q_avg": 31.48,
            "net_income": 2583,
            "net_income_4q": null,
            "revenue": 53194,
            "revenue_4q": null,
            "common_shares": 642085,
            "book_valuer_per_share": 5.37,
            "book_valuer_per_share_4q_avg": 5.4,
            "equity": 344604,
            "current_ratio": 130.81,
            "debt_ratio": 39.58,
            "inventory_turnover_ratio": 0.25,
            "account_receivable_turnover_ratio": 1.84,
            "reinvestment_rate": null,
            "research_to_sale_ratio": 4.25,
            "price_fair": 18.2,
            "eps_avg_yearly": 0.52,
            "eps_latest_yearly": 0.84,
            "eps_growth_yearly": 481.67
        },
        "20223": {
            "year_quarter": 20223,
            "year": 2022,
            "quarter": 3,
            "eps": 0.32,
            "eps_growth_year": null,
            "eps_4q": 0.16,
            "eps_4q_growth_year": null,
            "roe": 4.08,
            "roe_4q": 2.0399999999999996,
            "gross_profit": 32321,
            "gross_margin": 44.33,
            "gross_margin_4q_avg": 36.83,
            "net_income": 14334,
            "net_income_4q": null,
            "revenue": 72907,
            "revenue_4q": null,
            "common_shares": 449460,
            "book_valuer_per_share": 7.97,
            "book_valuer_per_share_4q_avg": 6.03,
            "equity": 358050,
            "current_ratio": 136.88,
            "debt_ratio": 38.79,
            "inventory_turnover_ratio": 0.35,
            "account_receivable_turnover_ratio": 2.92,
            "reinvestment_rate": null,
            "research_to_sale_ratio": 1.29,
            "price_fair": 27.07,
            "eps_avg_yearly": 0.77,
            "eps_latest_yearly": 1.28,
            "eps_growth_yearly": 898.89
        },
        "20224": {
            "year_quarter": 20224,
            "year": 2022,
            "quarter": 4,
            "eps": -0.23,
            "eps_growth_year": null,
            "eps_4q": 0.01,
            "eps_4q_growth_year": null,
            "roe": -2.86,
            "roe_4q": 0.1100000000000001,
            "gross_profit": 40431,
            "gross_margin": 44,
            "gross_margin_4q_avg": 36.76,
            "net_income": -10188,
            "net_income_4q": null,
            "revenue": 91893,
            "revenue_4q": null,
            "common_shares": 449460,
            "book_valuer_per_share": 7.88,
            "book_valuer_per_share_4q_avg": 6.64,
            "equity": 354305,
            "current_ratio": 119.26,
            "debt_ratio": 41.46,
            "inventory_turnover_ratio": 0.52,
            "account_receivable_turnover_ratio": 2.6,
            "reinvestment_rate": null,
            "research_to_sale_ratio": 8.12,
            "price_fair": 27.07,
            "eps_avg_yearly": 0.77,
            "eps_latest_yearly": 1.28,
            "eps_growth_yearly": 898.89
        },
        "20231": {
            "year_quarter": 20231,
            "year": 2023,
            "quarter": 1,
            "eps": -0.26,
            "eps_growth_year": null,
            "eps_4q": -0.11,
            "eps_4q_growth_year": null,
            "roe": -3.39,
            "roe_4q": -1.42,
            "gross_profit": 41660,
            "gross_margin": 40.67,
            "gross_margin_4q_avg": 39.79,
            "net_income": -11805,
            "net_income_4q": null,
            "revenue": 102422,
            "revenue_4q": null,
            "common_shares": 449460,
            "book_valuer_per_share": 7.62,
            "book_valuer_per_share_4q_avg": 7.21,
            "equity": 342705,
            "current_ratio": 113.59,
            "debt_ratio": 45.7,
            "inventory_turnover_ratio": 0.64,
            "account_receivable_turnover_ratio": 2.21,
            "reinvestment_rate": null,
            "research_to_sale_ratio": 1.2,
            "price_fair": 27.07,
            "eps_avg_yearly": 0.77,
            "eps_latest_yearly": 1.28,
            "eps_growth_yearly": 898.89
        },
        "20232": {
            "year_quarter": 20232,
            "year": 2023,
            "quarter": 2,
            "eps": -0.39,
            "eps_growth_year": -750,
            "eps_4q": -0.56,
            "eps_4q_growth_year": null,
            "roe": -5.29,
            "roe_4q": -7.459999999999999,
            "gross_profit": 26616,
            "gross_margin": 32.03,
            "gross_margin_4q_avg": 40.26,
            "net_income": -17590,
            "net_income_4q": null,
            "revenue": 83092,
            "revenue_4q": null,
            "common_shares": 449460,
            "book_valuer_per_share": 7.17,
            "book_valuer_per_share_4q_avg": 7.66,
            "equity": 322443,
            "current_ratio": 107.13,
            "debt_ratio": 45.51,
            "inventory_turnover_ratio": 0.52,
            "account_receivable_turnover_ratio": 1.61,
            "reinvestment_rate": null,
            "research_to_sale_ratio": 1.02,
            "price_fair": 27.07,
            "eps_avg_yearly": 0.77,
            "eps_latest_yearly": 1.28,
            "eps_growth_yearly": 898.89
        },
        "20233": {
            "year_quarter": 20233,
            "year": 2023,
            "quarter": 3,
            "eps": -0.55,
            "eps_growth_year": -271.88,
            "eps_4q": -1.43,
            "eps_4q_growth_year": -990.97,
            "roe": -8,
            "roe_4q": -19.54,
            "gross_profit": 22912,
            "gross_margin": 37.5,
            "gross_margin_4q_avg": 38.55,
            "net_income": -24918,
            "net_income_4q": null,
            "revenue": 61104,
            "revenue_4q": null,
            "common_shares": 449460,
            "book_valuer_per_share": 6.69,
            "book_valuer_per_share_4q_avg": 7.34,
            "equity": 300513,
            "current_ratio": 105.69,
            "debt_ratio": 47.66,
            "inventory_turnover_ratio": 0.31,
            "account_receivable_turnover_ratio": 1.44,
            "reinvestment_rate": null,
            "research_to_sale_ratio": 1.66,
            "price_fair": 27.07,
            "eps_avg_yearly": 0.77,
            "eps_latest_yearly": 1.28,
            "eps_growth_yearly": 898.89
        },
        "20234": {
            "year_quarter": 20234,
            "year": 2023,
            "quarter": 4,
            "eps": -0.46,
            "eps_growth_year": null,
            "eps_4q": -1.67,
            "eps_4q_growth_year": -25329.2,
            "roe": -7.22,
            "roe_4q": -23.9,
            "gross_profit": 27828,
            "gross_margin": 37.28,
            "gross_margin_4q_avg": 36.87,
            "net_income": -20871,
            "net_income_4q": null,
            "revenue": 74650,
            "revenue_4q": null,
            "common_shares": 449460,
            "book_valuer_per_share": 6.17,
            "book_valuer_per_share_4q_avg": 6.91,
            "equity": 277304,
            "current_ratio": 104.71,
            "debt_ratio": 51.26,
            "inventory_turnover_ratio": 0.32,
            "account_receivable_turnover_ratio": 2.01,
            "reinvestment_rate": null,
            "research_to_sale_ratio": 1.3,
            "price_fair": 27.07,
            "eps_avg_yearly": 0.77,
            "eps_latest_yearly": 1.28,
            "eps_growth_yearly": 898.89
        }
    },
    "months": {
        "2003-09": {
            "month": "2003-09",
            "price": "62.00",
            "revenue": 120198
        },
        "2003-10": {
            "month": "2003-10",
            "price": "58.31",
            "revenue": 108587
        },
        "2003-11": {
            "month": "2003-11",
            "price": "56.76",
            "revenue": 85931
        },
        "2003-12": {
            "month": "2003-12",
            "price": "55.80",
            "revenue": 84587
        },
        "2004-01": {
            "month": "2004-01",
            "price": "57.62",
            "revenue": 38688
        },
        "2004-02": {
            "month": "2004-02",
            "price": "53.89",
            "revenue": 92494
        },
        "2004-03": {
            "month": "2004-03",
            "price": "54.55",
            "revenue": 109800
        },
        "2004-04": {
            "month": "2004-04",
            "price": "53.44",
            "revenue": 90364
        },
        "2004-05": {
            "month": "2004-05",
            "price": "51.38",
            "revenue": 82326
        },
        "2004-06": {
            "month": "2004-06",
            "price": "49.54",
            "revenue": 84045
        },
        "2004-07": {
            "month": "2004-07",
            "price": "39.38",
            "revenue": 52324
        },
        "2004-08": {
            "month": "2004-08",
            "price": "30.63",
            "revenue": 69457
        },
        "2004-09": {
            "month": "2004-09",
            "price": "26.50",
            "revenue": 95153
        },
        "2004-10": {
            "month": "2004-10",
            "price": "22.99",
            "revenue": 99926
        },
        "2004-11": {
            "month": "2004-11",
            "price": "23.12",
            "revenue": 81589
        },
        "2004-12": {
            "month": "2004-12",
            "price": "21.00",
            "revenue": 65809
        },
        "2005-01": {
            "month": "2005-01",
            "price": "20.91",
            "revenue": 67990
        },
        "2005-02": {
            "month": "2005-02",
            "price": "22.64",
            "revenue": 43390
        },
        "2005-03": {
            "month": "2005-03",
            "price": "24.82",
            "revenue": 99467
        },
        "2005-04": {
            "month": "2005-04",
            "price": "23.76",
            "revenue": 65677
        },
        "2005-05": {
            "month": "2005-05",
            "price": "19.84",
            "revenue": 71181
        },
        "2005-06": {
            "month": "2005-06",
            "price": "19.59",
            "revenue": 68410
        },
        "2005-07": {
            "month": "2005-07",
            "price": "19.28",
            "revenue": 65463
        },
        "2005-08": {
            "month": "2005-08",
            "price": "16.23",
            "revenue": 72725
        },
        "2005-09": {
            "month": "2005-09",
            "price": "15.49",
            "revenue": 73007
        },
        "2005-10": {
            "month": "2005-10",
            "price": "15.56",
            "revenue": 79397
        },
        "2005-11": {
            "month": "2005-11",
            "price": "16.33",
            "revenue": 104873
        },
        "2005-12": {
            "month": "2005-12",
            "price": "17.62",
            "revenue": 98531
        },
        "2006-01": {
            "month": "2006-01",
            "price": "18.46",
            "revenue": 63611
        },
        "2006-02": {
            "month": "2006-02",
            "price": "18.01",
            "revenue": 47614
        },
        "2006-03": {
            "month": "2006-03",
            "price": "17.14",
            "revenue": 101519
        },
        "2006-04": {
            "month": "2006-04",
            "price": "18.64",
            "revenue": 89222
        },
        "2006-05": {
            "month": "2006-05",
            "price": "27.63",
            "revenue": 93745
        },
        "2006-06": {
            "month": "2006-06",
            "price": "27.39",
            "revenue": 105055
        },
        "2006-07": {
            "month": "2006-07",
            "price": "30.58",
            "revenue": 78931
        },
        "2006-08": {
            "month": "2006-08",
            "price": "28.12",
            "revenue": 79913
        },
        "2006-09": {
            "month": "2006-09",
            "price": "26.14",
            "revenue": 108215
        },
        "2006-10": {
            "month": "2006-10",
            "price": "29.81",
            "revenue": 99531
        },
        "2006-11": {
            "month": "2006-11",
            "price": "31.46",
            "revenue": 91252
        },
        "2006-12": {
            "month": "2006-12",
            "price": "32.57",
            "revenue": 103095
        },
        "2007-01": {
            "month": "2007-01",
            "price": "36.40",
            "revenue": 111940
        },
        "2007-02": {
            "month": "2007-02",
            "price": "39.28",
            "revenue": 75452
        },
        "2007-03": {
            "month": "2007-03",
            "price": "42.59",
            "revenue": 104523
        },
        "2007-04": {
            "month": "2007-04",
            "price": "46.03",
            "revenue": 118821
        },
        "2007-05": {
            "month": "2007-05",
            "price": "45.85",
            "revenue": 47596
        },
        "2007-06": {
            "month": "2007-06",
            "price": "43.36",
            "revenue": 78325
        },
        "2007-07": {
            "month": "2007-07",
            "price": "44.70",
            "revenue": 51946
        },
        "2007-08": {
            "month": "2007-08",
            "price": "36.02",
            "revenue": 76135
        },
        "2007-09": {
            "month": "2007-09",
            "price": "31.16",
            "revenue": 82172
        },
        "2007-10": {
            "month": "2007-10",
            "price": "30.34",
            "revenue": 111889
        },
        "2007-11": {
            "month": "2007-11",
            "price": "26.24",
            "revenue": 68604
        },
        "2007-12": {
            "month": "2007-12",
            "price": "22.64",
            "revenue": 96305
        },
        "2008-01": {
            "month": "2008-01",
            "price": "21.93",
            "revenue": 47908
        },
        "2008-02": {
            "month": "2008-02",
            "price": "19.71",
            "revenue": 77809
        },
        "2008-03": {
            "month": "2008-03",
            "price": "22.43",
            "revenue": 113151
        },
        "2008-04": {
            "month": "2008-04",
            "price": "23.11",
            "revenue": 98325
        },
        "2008-05": {
            "month": "2008-05",
            "price": "23.95",
            "revenue": 63477
        },
        "2008-06": {
            "month": "2008-06",
            "price": "20.25",
            "revenue": 49001
        },
        "2008-07": {
            "month": "2008-07",
            "price": "15.08",
            "revenue": 46515
        },
        "2008-08": {
            "month": "2008-08",
            "price": "14.18",
            "revenue": 74790
        },
        "2008-09": {
            "month": "2008-09",
            "price": "10.20",
            "revenue": 103011
        },
        "2008-10": {
            "month": "2008-10",
            "price": "8.80",
            "revenue": 75620
        },
        "2008-11": {
            "month": "2008-11",
            "price": "6.57",
            "revenue": 99820
        },
        "2008-12": {
            "month": "2008-12",
            "price": "6.44",
            "revenue": 73826
        },
        "2009-01": {
            "month": "2009-01",
            "price": "6.75",
            "revenue": 64634
        },
        "2009-02": {
            "month": "2009-02",
            "price": "7.97",
            "revenue": 66977
        },
        "2009-03": {
            "month": "2009-03",
            "price": "8.83",
            "revenue": 89877
        },
        "2009-04": {
            "month": "2009-04",
            "price": "10.31",
            "revenue": 88981
        },
        "2009-05": {
            "month": "2009-05",
            "price": "10.72",
            "revenue": 42387
        },
        "2009-06": {
            "month": "2009-06",
            "price": "10.63",
            "revenue": 56475
        },
        "2009-07": {
            "month": "2009-07",
            "price": "11.48",
            "revenue": 89806
        },
        "2009-08": {
            "month": "2009-08",
            "price": "14.07",
            "revenue": 56400
        },
        "2009-09": {
            "month": "2009-09",
            "price": "14.85",
            "revenue": 70367
        },
        "2009-10": {
            "month": "2009-10",
            "price": "16.36",
            "revenue": 57736
        },
        "2009-11": {
            "month": "2009-11",
            "price": "15.57",
            "revenue": 51721
        },
        "2009-12": {
            "month": "2009-12",
            "price": "16.33",
            "revenue": 77118
        },
        "2010-01": {
            "month": "2010-01",
            "price": "18.52",
            "revenue": 65424
        },
        "2010-02": {
            "month": "2010-02",
            "price": "15.16",
            "revenue": 49706
        },
        "2010-03": {
            "month": "2010-03",
            "price": "16.69",
            "revenue": 50135
        },
        "2010-04": {
            "month": "2010-04",
            "price": "16.87",
            "revenue": 79137
        },
        "2010-05": {
            "month": "2010-05",
            "price": "14.39",
            "revenue": 59152
        },
        "2010-06": {
            "month": "2010-06",
            "price": "13.79",
            "revenue": 80195
        },
        "2010-07": {
            "month": "2010-07",
            "price": "14.11",
            "revenue": 46209
        },
        "2010-08": {
            "month": "2010-08",
            "price": "13.25",
            "revenue": 67230
        },
        "2010-09": {
            "month": "2010-09",
            "price": "12.38",
            "revenue": 69332
        },
        "2010-10": {
            "month": "2010-10",
            "price": "11.98",
            "revenue": 65029
        },
        "2010-11": {
            "month": "2010-11",
            "price": "10.98",
            "revenue": 53350
        },
        "2010-12": {
            "month": "2010-12",
            "price": "11.83",
            "revenue": 50726
        },
        "2011-01": {
            "month": "2011-01",
            "price": "11.39",
            "revenue": 68070
        },
        "2011-02": {
            "month": "2011-02",
            "price": "11.39",
            "revenue": 51386
        },
        "2011-03": {
            "month": "2011-03",
            "price": "11.27",
            "revenue": 64374
        },
        "2011-04": {
            "month": "2011-04",
            "price": "11.11",
            "revenue": 63360
        },
        "2011-05": {
            "month": "2011-05",
            "price": "10.23",
            "revenue": 59395
        },
        "2011-06": {
            "month": "2011-06",
            "price": "9.98",
            "revenue": 50035
        },
        "2011-07": {
            "month": "2011-07",
            "price": "8.86",
            "revenue": 46401
        },
        "2011-08": {
            "month": "2011-08",
            "price": "7.51",
            "revenue": 47263
        },
        "2011-09": {
            "month": "2011-09",
            "price": "7.51",
            "revenue": 46054
        },
        "2011-10": {
            "month": "2011-10",
            "price": "8.23",
            "revenue": 68360
        },
        "2011-11": {
            "month": "2011-11",
            "price": "7.94",
            "revenue": 64498
        },
        "2011-12": {
            "month": "2011-12",
            "price": "7.16",
            "revenue": 62193
        },
        "2012-01": {
            "month": "2012-01",
            "price": "7.00",
            "revenue": 35728
        },
        "2012-02": {
            "month": "2012-02",
            "price": "8.04",
            "revenue": 53505
        },
        "2012-03": {
            "month": "2012-03",
            "price": "7.98",
            "revenue": 61661
        },
        "2012-04": {
            "month": "2012-04",
            "price": "6.95",
            "revenue": 75523
        },
        "2012-05": {
            "month": "2012-05",
            "price": "6.27",
            "revenue": 67161
        },
        "2012-06": {
            "month": "2012-06",
            "price": "6.14",
            "revenue": 51401
        },
        "2012-07": {
            "month": "2012-07",
            "price": "5.88",
            "revenue": 41719
        },
        "2012-08": {
            "month": "2012-08",
            "price": "5.43",
            "revenue": 39208
        },
        "2012-09": {
            "month": "2012-09",
            "price": "5.42",
            "revenue": 47829
        },
        "2012-10": {
            "month": "2012-10",
            "price": "5.25",
            "revenue": 36789
        },
        "2012-11": {
            "month": "2012-11",
            "price": "4.84",
            "revenue": 64746
        },
        "2012-12": {
            "month": "2012-12",
            "price": "5.00",
            "revenue": 41343
        },
        "2013-01": {
            "month": "2013-01",
            "price": "5.51",
            "revenue": 61700
        },
        "2013-02": {
            "month": "2013-02",
            "price": "5.52",
            "revenue": 49508
        },
        "2013-03": {
            "month": "2013-03",
            "price": "5.54",
            "revenue": 40698
        },
        "2013-04": {
            "month": "2013-04",
            "price": "5.79",
            "revenue": 53989
        },
        "2013-05": {
            "month": "2013-05",
            "price": "6.09",
            "revenue": 61908
        },
        "2013-06": {
            "month": "2013-06",
            "price": "6.10",
            "revenue": 58914
        },
        "2013-07": {
            "month": "2013-07",
            "price": "5.73",
            "revenue": 70328
        },
        "2013-08": {
            "month": "2013-08",
            "price": "5.51",
            "revenue": 60167
        },
        "2013-09": {
            "month": "2013-09",
            "price": "5.90",
            "revenue": 69414
        },
        "2013-10": {
            "month": "2013-10",
            "price": "5.95",
            "revenue": 73463
        },
        "2013-11": {
            "month": "2013-11",
            "price": "5.88",
            "revenue": 64495
        },
        "2013-12": {
            "month": "2013-12",
            "price": "6.36",
            "revenue": 91349
        },
        "2014-01": {
            "month": "2014-01",
            "price": "7.52",
            "revenue": 90044
        },
        "2014-02": {
            "month": "2014-02",
            "price": "8.87",
            "revenue": 60302
        },
        "2014-03": {
            "month": "2014-03",
            "price": "8.75",
            "revenue": 78931
        },
        "2014-04": {
            "month": "2014-04",
            "price": "8.36",
            "revenue": 88230
        },
        "2014-05": {
            "month": "2014-05",
            "price": "8.80",
            "revenue": 80230
        },
        "2014-06": {
            "month": "2014-06",
            "price": "11.39",
            "revenue": 60233
        },
        "2014-07": {
            "month": "2014-07",
            "price": "10.64",
            "revenue": 53287
        },
        "2014-08": {
            "month": "2014-08",
            "price": "8.27",
            "revenue": 45876
        },
        "2014-09": {
            "month": "2014-09",
            "price": "7.62",
            "revenue": 49556
        },
        "2014-10": {
            "month": "2014-10",
            "price": "6.97",
            "revenue": 53828
        },
        "2014-11": {
            "month": "2014-11",
            "price": "6.85",
            "revenue": 62511
        },
        "2014-12": {
            "month": "2014-12",
            "price": "6.80",
            "revenue": 46615
        },
        "2015-01": {
            "month": "2015-01",
            "price": "6.93",
            "revenue": 52546
        },
        "2015-02": {
            "month": "2015-02",
            "price": "6.58",
            "revenue": 43968
        },
        "2015-03": {
            "month": "2015-03",
            "price": "6.87",
            "revenue": 47928
        },
        "2015-04": {
            "month": "2015-04",
            "price": "6.62",
            "revenue": 48245
        },
        "2015-05": {
            "month": "2015-05",
            "price": "6.69",
            "revenue": 33434
        },
        "2015-06": {
            "month": "2015-06",
            "price": "6.60",
            "revenue": 37247
        },
        "2015-07": {
            "month": "2015-07",
            "price": "6.10",
            "revenue": 49574
        },
        "2015-08": {
            "month": "2015-08",
            "price": "5.09",
            "revenue": 46717
        },
        "2015-09": {
            "month": "2015-09",
            "price": "5.28",
            "revenue": 46177
        },
        "2015-10": {
            "month": "2015-10",
            "price": "5.63",
            "revenue": 50395
        },
        "2015-11": {
            "month": "2015-11",
            "price": "5.61",
            "revenue": 45011
        },
        "2015-12": {
            "month": "2015-12",
            "price": "5.68",
            "revenue": 52217
        },
        "2016-01": {
            "month": "2016-01",
            "price": "5.53",
            "revenue": 64224
        },
        "2016-02": {
            "month": "2016-02",
            "price": "5.97",
            "revenue": 32189
        },
        "2016-03": {
            "month": "2016-03",
            "price": "5.94",
            "revenue": 49704
        },
        "2016-04": {
            "month": "2016-04",
            "price": "5.46",
            "revenue": 49771
        },
        "2016-05": {
            "month": "2016-05",
            "price": "5.01",
            "revenue": 56933
        },
        "2016-06": {
            "month": "2016-06",
            "price": "5.17",
            "revenue": 46628
        },
        "2016-07": {
            "month": "2016-07",
            "price": "5.92",
            "revenue": 57094
        },
        "2016-08": {
            "month": "2016-08",
            "price": "7.36",
            "revenue": 38464
        },
        "2016-09": {
            "month": "2016-09",
            "price": "7.24",
            "revenue": 62672
        },
        "2016-10": {
            "month": "2016-10",
            "price": "6.97",
            "revenue": 54985
        },
        "2016-11": {
            "month": "2016-11",
            "price": "6.45",
            "revenue": 19100
        },
        "2016-12": {
            "month": "2016-12",
            "price": "5.79",
            "revenue": 39406
        },
        "2017-01": {
            "month": "2017-01",
            "price": "5.87",
            "revenue": 46563
        },
        "2017-02": {
            "month": "2017-02",
            "price": "6.47",
            "revenue": 27637
        },
        "2017-03": {
            "month": "2017-03",
            "price": "6.44",
            "revenue": 28049
        },
        "2017-04": {
            "month": "2017-04",
            "price": "5.78",
            "revenue": 29475
        },
        "2017-05": {
            "month": "2017-05",
            "price": "5.98",
            "revenue": 41524
        },
        "2017-06": {
            "month": "2017-06",
            "price": "6.06",
            "revenue": 53567
        },
        "2017-07": {
            "month": "2017-07",
            "price": "6.02",
            "revenue": 55232
        },
        "2017-08": {
            "month": "2017-08",
            "price": "6.53",
            "revenue": 52600
        },
        "2017-09": {
            "month": "2017-09",
            "price": "6.88",
            "revenue": 50397
        },
        "2017-10": {
            "month": "2017-10",
            "price": "7.57",
            "revenue": 48867
        },
        "2017-11": {
            "month": "2017-11",
            "price": "6.86",
            "revenue": 54094
        },
        "2017-12": {
            "month": "2017-12",
            "price": "6.63",
            "revenue": 52097
        },
        "2018-01": {
            "month": "2018-01",
            "price": "6.91",
            "revenue": 79974
        },
        "2018-02": {
            "month": "2018-02",
            "price": "7.97",
            "revenue": 55939
        },
        "2018-03": {
            "month": "2018-03",
            "price": "16.95",
            "revenue": 48077
        },
        "2018-04": {
            "month": "2018-04",
            "price": "17.72",
            "revenue": 36037
        },
        "2018-05": {
            "month": "2018-05",
            "price": "13.61",
            "revenue": 35841
        },
        "2018-06": {
            "month": "2018-06",
            "price": "13.38",
            "revenue": 36724
        },
        "2018-07": {
            "month": "2018-07",
            "price": "11.57",
            "revenue": 35544
        },
        "2018-08": {
            "month": "2018-08",
            "price": "9.54",
            "revenue": 32807
        },
        "2018-09": {
            "month": "2018-09",
            "price": "8.58",
            "revenue": 33891
        },
        "2018-10": {
            "month": "2018-10",
            "price": "7.02",
            "revenue": 33501
        },
        "2018-11": {
            "month": "2018-11",
            "price": "6.36",
            "revenue": 43178
        },
        "2018-12": {
            "month": "2018-12",
            "price": "6.93",
            "revenue": 31930
        },
        "2019-01": {
            "month": "2019-01",
            "price": "6.61",
            "revenue": 36971
        },
        "2019-02": {
            "month": "2019-02",
            "price": "6.71",
            "revenue": 25792
        },
        "2019-03": {
            "month": "2019-03",
            "price": "6.46",
            "revenue": 27681
        },
        "2019-04": {
            "month": "2019-04",
            "price": "6.43",
            "revenue": 24387
        },
        "2019-05": {
            "month": "2019-05",
            "price": "5.97",
            "revenue": 37712
        },
        "2019-06": {
            "month": "2019-06",
            "price": "5.88",
            "revenue": 37921
        },
        "2019-07": {
            "month": "2019-07",
            "price": "6.14",
            "revenue": 37866
        },
        "2019-08": {
            "month": "2019-08",
            "price": "5.77",
            "revenue": 38053
        },
        "2019-09": {
            "month": "2019-09",
            "price": "5.76",
            "revenue": 32805
        },
        "2019-10": {
            "month": "2019-10",
            "price": "5.46",
            "revenue": 36905
        },
        "2019-11": {
            "month": "2019-11",
            "price": "5.35",
            "revenue": 41252
        },
        "2019-12": {
            "month": "2019-12",
            "price": "5.63",
            "revenue": 38471
        },
        "2020-01": {
            "month": "2020-01",
            "price": "5.65",
            "revenue": 37242
        },
        "2020-02": {
            "month": "2020-02",
            "price": "5.60",
            "revenue": 24886
        },
        "2020-03": {
            "month": "2020-03",
            "price": "4.36",
            "revenue": 33348
        },
        "2020-04": {
            "month": "2020-04",
            "price": "4.02",
            "revenue": 35192
        },
        "2020-05": {
            "month": "2020-05",
            "price": "4.46",
            "revenue": 50743
        },
        "2020-06": {
            "month": "2020-06",
            "price": "5.70",
            "revenue": 55564
        },
        "2020-07": {
            "month": "2020-07",
            "price": "8.84",
            "revenue": 49040
        },
        "2020-08": {
            "month": "2020-08",
            "price": "9.21",
            "revenue": 43020
        },
        "2020-09": {
            "month": "2020-09",
            "price": "9.94",
            "revenue": 45102
        },
        "2020-10": {
            "month": "2020-10",
            "price": "9.23",
            "revenue": 42397
        },
        "2020-11": {
            "month": "2020-11",
            "price": "8.79",
            "revenue": 60740
        },
        "2020-12": {
            "month": "2020-12",
            "price": "11.62",
            "revenue": 58475
        },
        "2021-01": {
            "month": "2021-01",
            "price": "11.26",
            "revenue": 53186
        },
        "2021-02": {
            "month": "2021-02",
            "price": "10.97",
            "revenue": 51283
        },
        "2021-03": {
            "month": "2021-03",
            "price": "11.90",
            "revenue": 51059
        },
        "2021-04": {
            "month": "2021-04",
            "price": "14.63",
            "revenue": 48391
        },
        "2021-05": {
            "month": "2021-05",
            "price": "11.00",
            "revenue": 40087
        },
        "2021-06": {
            "month": "2021-06",
            "price": "9.88",
            "revenue": 21890
        },
        "2021-07": {
            "month": "2021-07",
            "price": "9.36",
            "revenue": 36813
        },
        "2021-08": {
            "month": "2021-08",
            "price": "8.87",
            "revenue": 31345
        },
        "2021-09": {
            "month": "2021-09",
            "price": "7.74",
            "revenue": 28456
        },
        "2021-10": {
            "month": "2021-10",
            "price": "7.63",
            "revenue": 32367
        },
        "2021-11": {
            "month": "2021-11",
            "price": "8.12",
            "revenue": 30368
        },
        "2021-12": {
            "month": "2021-12",
            "price": "8.22",
            "revenue": 32060
        },
        "2022-01": {
            "month": "2022-01",
            "price": "8.86",
            "revenue": 24277
        },
        "2022-02": {
            "month": "2022-02",
            "price": "8.27",
            "revenue": 17819
        },
        "2022-03": {
            "month": "2022-03",
            "price": "8.06",
            "revenue": 26293
        },
        "2022-04": {
            "month": "2022-04",
            "price": "8.14",
            "revenue": 24298
        },
        "2022-05": {
            "month": "2022-05",
            "price": "7.82",
            "revenue": 18879
        },
        "2022-06": {
            "month": "2022-06",
            "price": "7.60",
            "revenue": 9231
        },
        "2022-07": {
            "month": "2022-07",
            "price": "6.77",
            "revenue": 26005
        },
        "2022-08": {
            "month": "2022-08",
            "price": "7.20",
            "revenue": 24288
        },
        "2022-09": {
            "month": "2022-09",
            "price": "11.75",
            "revenue": 21253
        },
        "2022-10": {
            "month": "2022-10",
            "price": "11.14",
            "revenue": 25572
        },
        "2022-11": {
            "month": "2022-11",
            "price": "11.76",
            "revenue": 36975
        },
        "2022-12": {
            "month": "2022-12",
            "price": "11.42",
            "revenue": 31561
        },
        "2023-01": {
            "month": "2023-01",
            "price": "10.69",
            "revenue": 40159
        },
        "2023-02": {
            "month": "2023-02",
            "price": "12.05",
            "revenue": 20517
        },
        "2023-03": {
            "month": "2023-03",
            "price": "12.61",
            "revenue": 38538
        },
        "2023-04": {
            "month": "2023-04",
            "price": "14.15",
            "revenue": 26528
        },
        "2023-05": {
            "month": "2023-05",
            "price": "16.27",
            "revenue": 27905
        },
        "2023-06": {
            "month": "2023-06",
            "price": "14.83",
            "revenue": 28826
        },
        "2023-07": {
            "month": "2023-07",
            "price": "24.06",
            "revenue": 12624
        },
        "2023-08": {
            "month": "2023-08",
            "price": "17.76",
            "revenue": 24925
        },
        "2023-09": {
            "month": "2023-09",
            "price": "15.45",
            "revenue": 23421
        },
        "2023-10": {
            "month": "2023-10",
            "price": "17.74",
            "revenue": 23152
        },
        "2023-11": {
            "month": "2023-11",
            "price": "17.48",
            "revenue": 29778
        },
        "2023-12": {
            "month": "2023-12",
            "price": "16.85",
            "revenue": 21672
        },
        "2024-01": {
            "month": "2024-01",
            "price": "16.09",
            "revenue": 34095
        },
        "2024-02": {
            "month": "2024-02",
            "price": "16.21",
            "revenue": 19773
        }
    }
}
