{
    "summary": {
        "stock_name": "擎亞",
        "stock_id": "8096",
        "category": "電子通路",
        "main_business": "國際貿易業<br>電子材料批發業<br>智慧財產權業",
        "website_url": "http://www.coasiaelec.com",
        "ceo": "申東洙",
        "pe_ratio": -9,
        "report_year_from": 2002,
        "report_year_to": 2023,
        "age": 21,
        "eps_negative_percentage": 14,
        "eps_growth_avg": {
            "last_all": 2.65,
            "last_2y": -5.49,
            "last_4y": -29.12,
            "last_8y": -1.39,
            "last_12y": -6.39,
            "last_16y": -1.47,
            "last_20y": null,
            "at_2006_last_3y": null,
            "at_2007_last_3y": 16.19,
            "at_2008_last_3y": -1.6,
            "at_2009_last_3y": 12.08,
            "at_2010_last_3y": 36.1,
            "at_2011_last_3y": 35.25,
            "at_2012_last_3y": 34.86,
            "at_2013_last_3y": -15.14,
            "at_2014_last_3y": -53.52,
            "at_2015_last_3y": -16.96,
            "at_2016_last_3y": -31.1,
            "at_2017_last_3y": 35.57,
            "at_2018_last_3y": 1.68,
            "at_2019_last_3y": -31.1,
            "at_2020_last_3y": 6.78,
            "at_2021_last_3y": -6.37,
            "at_2022_last_3y": -5.49,
            "at_2023_last_3y": -5.49,
            "at_2006_last_all": 23.67,
            "at_2007_last_all": 16.19,
            "at_2008_last_all": 3.09,
            "at_2009_last_all": 19.24,
            "at_2010_last_all": 30.78,
            "at_2011_last_all": 25.72,
            "at_2012_last_all": 17.21,
            "at_2013_last_all": 5.49,
            "at_2014_last_all": 5.49,
            "at_2015_last_all": 14.08,
            "at_2016_last_all": 5.13,
            "at_2017_last_all": 12.43,
            "at_2018_last_all": 4.4,
            "at_2019_last_all": 4.4,
            "at_2020_last_all": 5.46,
            "at_2021_last_all": 8.91,
            "at_2022_last_all": 2.65,
            "at_2023_last_all": 2.65
        },
        "latest_eps": -1.31,
        "latest_price": 11.7,
        "latest_roe": -7.71,
        "latest_gross_margin": 2.03,
        "latest_equity": 2461262,
        "latest_revenue": 3639059,
        "latest_gross_profit": 73968,
        "latest_net_income": -89784,
        "latest_debt_ratio": 65.47,
        "latest_current_ratio": 145.78,
        "latest_account_receivable_turnover_ratio": 1.34,
        "latest_inventory_turnover_ratio": 2.27,
        "latest_reinvestment_rate": 29.86,
        "latest_research_to_sale_ratio": null
    },
    "eps_dividends": {
        "2001": {
            "cash": 0,
            "stock": 0,
            "eps": 0
        },
        "2002": {
            "cash": 0,
            "stock": 2.9,
            "eps": 0
        },
        "2003": {
            "cash": 1,
            "stock": 1,
            "eps": 0.87
        },
        "2004": {
            "cash": 0,
            "stock": 1,
            "eps": 1.06
        },
        "2005": {
            "cash": 0,
            "stock": 0.6,
            "eps": 1.54
        },
        "2006": {
            "cash": 0.2,
            "stock": 0.8,
            "eps": 1.6
        },
        "2007": {
            "cash": 0.33,
            "stock": 0.75,
            "eps": 1.5
        },
        "2008": {
            "cash": 0.61,
            "stock": 0.51,
            "eps": 0.76
        },
        "2009": {
            "cash": 0.77,
            "stock": 0,
            "eps": 1.88
        },
        "2010": {
            "cash": 1.7,
            "stock": 0,
            "eps": 4.35
        },
        "2011": {
            "cash": 1.03,
            "stock": 1.34,
            "eps": 3.93
        },
        "2012": {
            "cash": 2.08,
            "stock": 0.52,
            "eps": 1.93
        },
        "2013": {
            "cash": 1.5,
            "stock": 0.5,
            "eps": -1.27
        },
        "2014": {
            "cash": 0,
            "stock": 0,
            "eps": 0.38
        },
        "2015": {
            "cash": 0,
            "stock": 0,
            "eps": 1.79
        },
        "2016": {
            "cash": 0.08,
            "stock": 1.42,
            "eps": 0.12
        },
        "2017": {
            "cash": 0,
            "stock": 0,
            "eps": 0.5
        },
        "2018": {
            "cash": 0.2,
            "stock": 0,
            "eps": -0.89
        },
        "2019": {
            "cash": 0,
            "stock": 0,
            "eps": 0.59
        },
        "2020": {
            "cash": 0.2,
            "stock": 0.2,
            "eps": 0.71
        },
        "2021": {
            "cash": 0.2,
            "stock": 0.2,
            "eps": 1.14
        },
        "2022": {
            "cash": 0.25,
            "stock": 0.25,
            "eps": 0.03
        },
        "2023": {
            "cash": 0.03,
            "stock": 0.03,
            "eps": -0.6
        }
    },
    "dividends": {
        "2002-04-03": {
            "cash": 0,
            "stock": 2.9
        },
        "2003-06-27": {
            "cash": 1,
            "stock": 1
        },
        "2004-04-07": {
            "cash": 0,
            "stock": 1
        },
        "2005-03-23": {
            "cash": 0,
            "stock": 0.6
        },
        "2006-03-24": {
            "cash": 0.2,
            "stock": 0.8
        },
        "2007-04-09": {
            "cash": 0.33,
            "stock": 0.75
        },
        "2008-03-31": {
            "cash": 0.61,
            "stock": 0.51
        },
        "2009-03-30": {
            "cash": 0.77,
            "stock": 0
        },
        "2010-06-25": {
            "cash": 1.7,
            "stock": 0
        },
        "2011-06-28": {
            "cash": 1.03,
            "stock": 1.34
        },
        "2012-06-25": {
            "cash": 2.08,
            "stock": 0.52
        },
        "2013-06-26": {
            "cash": 1.5,
            "stock": 0.5
        },
        "2016-10-05": {
            "cash": 0.08,
            "stock": 1.42
        },
        "2018-10-16": {
            "cash": 0.2,
            "stock": 0
        },
        "2020-09-29": {
            "cash": 0.2,
            "stock": 0.2
        },
        "2021-10-25": {
            "cash": 0.2,
            "stock": 0.2
        },
        "2022-09-27": {
            "cash": 0.25,
            "stock": 0.25
        },
        "2023-03-30": {
            "cash": 0.03,
            "stock": 0.03
        }
    },
    "prices": {
        "200101": "無",
        "200102": "無",
        "200103": "無",
        "200104": "無",
        "200105": "無",
        "200106": "無",
        "200107": "無",
        "200108": "無",
        "200109": "無",
        "200110": "無",
        "200111": "無",
        "200112": "無",
        "200201": "無",
        "200202": "無",
        "200203": "無",
        "200204": "無",
        "200205": "無",
        "200206": "無",
        "200207": "無",
        "200208": "無",
        "200209": "無",
        "200210": "無",
        "200211": "無",
        "200212": "無",
        "200301": "無",
        "200302": "無",
        "200303": "無",
        "200304": "無",
        "200305": "無",
        "200306": "無",
        "200307": "無",
        "200308": "無",
        "200309": "無",
        "200310": "無",
        "200311": "無",
        "200312": "22.65",
        "200401": "16.87",
        "200402": "22.79",
        "200403": "26.49",
        "200404": "27.66",
        "200405": "27.00",
        "200406": "24.34",
        "200407": "18.68",
        "200408": "17.62",
        "200409": "16.83",
        "200410": "17.10",
        "200411": "16.90",
        "200412": "16.57",
        "200501": "18.32",
        "200502": "22.22",
        "200503": "22.37",
        "200504": "21.82",
        "200505": "17.96",
        "200506": "18.96",
        "200507": "21.00",
        "200508": "20.62",
        "200509": "21.47",
        "200510": "22.99",
        "200511": "24.57",
        "200512": "36.43",
        "200601": "41.31",
        "200602": "33.89",
        "200603": "32.86",
        "200604": "32.74",
        "200605": "29.82",
        "200606": "24.44",
        "200607": "22.68",
        "200608": "24.90",
        "200609": "22.94",
        "200610": "24.46",
        "200611": "27.72",
        "200612": "27.44",
        "200701": "25.24",
        "200702": "23.29",
        "200703": "24.61",
        "200704": "26.20",
        "200705": "25.52",
        "200706": "28.20",
        "200707": "30.08",
        "200708": "27.58",
        "200709": "27.82",
        "200710": "26.41",
        "200711": "21.50",
        "200712": "18.83",
        "200801": "17.22",
        "200802": "14.90",
        "200803": "16.39",
        "200804": "17.67",
        "200805": "16.33",
        "200806": "13.91",
        "200807": "11.56",
        "200808": "11.27",
        "200809": "9.25",
        "200810": "7.70",
        "200811": "6.22",
        "200812": "5.27",
        "200901": "5.26",
        "200902": "5.60",
        "200903": "6.87",
        "200904": "9.40",
        "200905": "10.59",
        "200906": "11.01",
        "200907": "12.97",
        "200908": "15.37",
        "200909": "20.66",
        "200910": "26.44",
        "200911": "25.08",
        "200912": "27.31",
        "201001": "24.31",
        "201002": "21.65",
        "201003": "25.01",
        "201004": "27.75",
        "201005": "30.32",
        "201006": "30.50",
        "201007": "35.95",
        "201008": "38.02",
        "201009": "47.10",
        "201010": "53.57",
        "201011": "45.51",
        "201012": "51.32",
        "201101": "47.30",
        "201102": "55.31",
        "201103": "62.09",
        "201104": "65.66",
        "201105": "64.60",
        "201106": "64.51",
        "201107": "55.02",
        "201108": "53.13",
        "201109": "46.02",
        "201110": "49.33",
        "201111": "38.60",
        "201112": "30.51",
        "201201": "38.41",
        "201202": "49.16",
        "201203": "53.05",
        "201204": "44.24",
        "201205": "38.32",
        "201206": "35.68",
        "201207": "28.95",
        "201208": "27.80",
        "201209": "29.20",
        "201210": "27.07",
        "201211": "22.85",
        "201212": "22.78",
        "201301": "23.41",
        "201302": "23.14",
        "201303": "22.57",
        "201304": "21.96",
        "201305": "23.06",
        "201306": "22.36",
        "201307": "21.75",
        "201308": "19.95",
        "201309": "16.76",
        "201310": "16.58",
        "201311": "14.05",
        "201312": "14.59",
        "201401": "15.41",
        "201402": "16.06",
        "201403": "15.95",
        "201404": "15.51",
        "201405": "15.50",
        "201406": "15.70",
        "201407": "14.78",
        "201408": "13.64",
        "201409": "13.61",
        "201410": "11.95",
        "201411": "11.50",
        "201412": "12.06",
        "201501": "14.31",
        "201502": "17.98",
        "201503": "21.74",
        "201504": "22.41",
        "201505": "19.86",
        "201506": "15.62",
        "201507": "18.78",
        "201508": "17.01",
        "201509": "17.17",
        "201510": "19.48",
        "201511": "27.19",
        "201512": "19.32",
        "201601": "18.74",
        "201602": "18.93",
        "201603": "21.91",
        "201604": "21.36",
        "201605": "19.06",
        "201606": "18.66",
        "201607": "19.22",
        "201608": "18.87",
        "201609": "17.10",
        "201610": "14.75",
        "201611": "12.64",
        "201612": "13.96",
        "201701": "14.26",
        "201702": "15.44",
        "201703": "16.63",
        "201704": "15.94",
        "201705": "15.31",
        "201706": "15.67",
        "201707": "15.57",
        "201708": "15.38",
        "201709": "16.33",
        "201710": "15.76",
        "201711": "15.85",
        "201712": "14.91",
        "201801": "14.86",
        "201802": "13.44",
        "201803": "13.43",
        "201804": "12.72",
        "201805": "12.20",
        "201806": "13.48",
        "201807": "12.43",
        "201808": "12.64",
        "201809": "12.59",
        "201810": "10.40",
        "201811": "10.12",
        "201812": "9.75",
        "201901": "9.36",
        "201902": "9.79",
        "201903": "10.13",
        "201904": "9.82",
        "201905": "9.09",
        "201906": "8.94",
        "201907": "9.16",
        "201908": "9.18",
        "201909": "10.39",
        "201910": "11.43",
        "201911": "10.79",
        "201912": "11.21",
        "202001": "10.82",
        "202002": "10.51",
        "202003": "9.05",
        "202004": "10.42",
        "202005": "11.68",
        "202006": "12.31",
        "202007": "12.12",
        "202008": "12.21",
        "202009": "12.28",
        "202010": "11.93",
        "202011": "12.55",
        "202012": "13.01",
        "202101": "13.12",
        "202102": "12.65",
        "202103": "13.22",
        "202104": "14.86",
        "202105": "12.43",
        "202106": "13.64",
        "202107": "14.61",
        "202108": "13.89",
        "202109": "13.18",
        "202110": "12.40",
        "202111": "12.97",
        "202112": "14.60",
        "202201": "14.11",
        "202202": "13.76",
        "202203": "13.36",
        "202204": "12.93",
        "202205": "14.02",
        "202206": "14.09",
        "202207": "12.89",
        "202208": "13.30",
        "202209": "12.79",
        "202210": "11.41",
        "202211": "11.61",
        "202212": "11.91",
        "202301": "11.70",
        "202302": "11.92",
        "202303": "11.64",
        "202304": "11.52",
        "202305": "11.40",
        "202306": "11.64"
    },
    "quarters": {
        "20011": {
            "year_quarter": 20011,
            "year": 2001,
            "quarter": 1,
            "eps": null,
            "eps_growth_year": null,
            "eps_4q": null,
            "eps_4q_growth_year": null,
            "roe": null,
            "roe_4q": 0,
            "gross_profit": null,
            "gross_margin": null,
            "gross_margin_4q_avg": 0,
            "net_income": null,
            "revenue": null,
            "common_shares": null,
            "book_valuer_per_share": null,
            "book_valuer_per_share_4q_avg": 0,
            "equity": null,
            "current_ratio": null,
            "debt_ratio": null,
            "inventory_turnover_ratio": null,
            "account_receivable_turnover_ratio": null,
            "reinvestment_rate": null,
            "research_to_sale_ratio": null,
            "price_fair": 0,
            "eps_avg_yearly": 0,
            "eps_latest_yearly": 0,
            "eps_growth_yearly": 0
        },
        "20012": {
            "year_quarter": 20012,
            "year": 2001,
            "quarter": 2,
            "eps": null,
            "eps_growth_year": null,
            "eps_4q": null,
            "eps_4q_growth_year": null,
            "roe": null,
            "roe_4q": 0,
            "gross_profit": null,
            "gross_margin": null,
            "gross_margin_4q_avg": 0,
            "net_income": null,
            "revenue": null,
            "common_shares": null,
            "book_valuer_per_share": null,
            "book_valuer_per_share_4q_avg": 0,
            "equity": null,
            "current_ratio": null,
            "debt_ratio": null,
            "inventory_turnover_ratio": null,
            "account_receivable_turnover_ratio": null,
            "reinvestment_rate": null,
            "research_to_sale_ratio": null,
            "price_fair": 0,
            "eps_avg_yearly": 0,
            "eps_latest_yearly": 0,
            "eps_growth_yearly": 0
        },
        "20013": {
            "year_quarter": 20013,
            "year": 2001,
            "quarter": 3,
            "eps": null,
            "eps_growth_year": null,
            "eps_4q": null,
            "eps_4q_growth_year": null,
            "roe": null,
            "roe_4q": 0,
            "gross_profit": null,
            "gross_margin": null,
            "gross_margin_4q_avg": 0,
            "net_income": null,
            "revenue": null,
            "common_shares": null,
            "book_valuer_per_share": null,
            "book_valuer_per_share_4q_avg": 0,
            "equity": null,
            "current_ratio": null,
            "debt_ratio": null,
            "inventory_turnover_ratio": null,
            "account_receivable_turnover_ratio": null,
            "reinvestment_rate": null,
            "research_to_sale_ratio": null,
            "price_fair": 0,
            "eps_avg_yearly": 0,
            "eps_latest_yearly": 0,
            "eps_growth_yearly": 0
        },
        "20014": {
            "year_quarter": 20014,
            "year": 2001,
            "quarter": 4,
            "eps": null,
            "eps_growth_year": null,
            "eps_4q": null,
            "eps_4q_growth_year": null,
            "roe": null,
            "roe_4q": 0,
            "gross_profit": null,
            "gross_margin": null,
            "gross_margin_4q_avg": 0,
            "net_income": null,
            "revenue": null,
            "common_shares": 270480,
            "book_valuer_per_share": 13.83,
            "book_valuer_per_share_4q_avg": 3.46,
            "equity": 384115,
            "current_ratio": 339,
            "debt_ratio": 28.27,
            "inventory_turnover_ratio": null,
            "account_receivable_turnover_ratio": null,
            "reinvestment_rate": null,
            "research_to_sale_ratio": null,
            "price_fair": 0,
            "eps_avg_yearly": 0,
            "eps_latest_yearly": 0,
            "eps_growth_yearly": 0
        },
        "20021": {
            "year_quarter": 20021,
            "year": 2002,
            "quarter": 1,
            "eps": null,
            "eps_growth_year": null,
            "eps_4q": null,
            "eps_4q_growth_year": null,
            "roe": null,
            "roe_4q": 0,
            "gross_profit": null,
            "gross_margin": null,
            "gross_margin_4q_avg": 0,
            "net_income": null,
            "revenue": null,
            "common_shares": null,
            "book_valuer_per_share": null,
            "book_valuer_per_share_4q_avg": 3.46,
            "equity": null,
            "current_ratio": null,
            "debt_ratio": null,
            "inventory_turnover_ratio": null,
            "account_receivable_turnover_ratio": null,
            "reinvestment_rate": null,
            "research_to_sale_ratio": null,
            "price_fair": 0,
            "eps_avg_yearly": 0,
            "eps_latest_yearly": 0,
            "eps_growth_yearly": 0
        },
        "20022": {
            "year_quarter": 20022,
            "year": 2002,
            "quarter": 2,
            "eps": null,
            "eps_growth_year": null,
            "eps_4q": null,
            "eps_4q_growth_year": null,
            "roe": null,
            "roe_4q": 0,
            "gross_profit": null,
            "gross_margin": null,
            "gross_margin_4q_avg": 0,
            "net_income": null,
            "revenue": null,
            "common_shares": null,
            "book_valuer_per_share": null,
            "book_valuer_per_share_4q_avg": 3.46,
            "equity": null,
            "current_ratio": null,
            "debt_ratio": null,
            "inventory_turnover_ratio": null,
            "account_receivable_turnover_ratio": null,
            "reinvestment_rate": null,
            "research_to_sale_ratio": null,
            "price_fair": 0,
            "eps_avg_yearly": 0,
            "eps_latest_yearly": 0,
            "eps_growth_yearly": 0
        },
        "20023": {
            "year_quarter": 20023,
            "year": 2002,
            "quarter": 3,
            "eps": null,
            "eps_growth_year": null,
            "eps_4q": null,
            "eps_4q_growth_year": null,
            "roe": null,
            "roe_4q": 0,
            "gross_profit": null,
            "gross_margin": null,
            "gross_margin_4q_avg": 0,
            "net_income": null,
            "revenue": null,
            "common_shares": null,
            "book_valuer_per_share": null,
            "book_valuer_per_share_4q_avg": 3.46,
            "equity": null,
            "current_ratio": null,
            "debt_ratio": null,
            "inventory_turnover_ratio": null,
            "account_receivable_turnover_ratio": null,
            "reinvestment_rate": null,
            "research_to_sale_ratio": null,
            "price_fair": 0,
            "eps_avg_yearly": 0,
            "eps_latest_yearly": 0,
            "eps_growth_yearly": 0
        },
        "20024": {
            "year_quarter": 20024,
            "year": 2002,
            "quarter": 4,
            "eps": null,
            "eps_growth_year": null,
            "eps_4q": null,
            "eps_4q_growth_year": null,
            "roe": null,
            "roe_4q": 0,
            "gross_profit": null,
            "gross_margin": null,
            "gross_margin_4q_avg": 0,
            "net_income": null,
            "revenue": null,
            "common_shares": 358630,
            "book_valuer_per_share": 13.11,
            "book_valuer_per_share_4q_avg": 3.28,
            "equity": 481619,
            "current_ratio": 297.24,
            "debt_ratio": 31,
            "inventory_turnover_ratio": null,
            "account_receivable_turnover_ratio": null,
            "reinvestment_rate": null,
            "research_to_sale_ratio": null,
            "price_fair": 0,
            "eps_avg_yearly": 0,
            "eps_latest_yearly": 0,
            "eps_growth_yearly": 0
        },
        "20031": {
            "year_quarter": 20031,
            "year": 2003,
            "quarter": 1,
            "eps": null,
            "eps_growth_year": null,
            "eps_4q": null,
            "eps_4q_growth_year": null,
            "roe": null,
            "roe_4q": 0,
            "gross_profit": null,
            "gross_margin": null,
            "gross_margin_4q_avg": 0,
            "net_income": null,
            "revenue": null,
            "common_shares": null,
            "book_valuer_per_share": null,
            "book_valuer_per_share_4q_avg": 3.28,
            "equity": null,
            "current_ratio": null,
            "debt_ratio": null,
            "inventory_turnover_ratio": null,
            "account_receivable_turnover_ratio": null,
            "reinvestment_rate": null,
            "research_to_sale_ratio": null,
            "price_fair": 0,
            "eps_avg_yearly": 0,
            "eps_latest_yearly": 0,
            "eps_growth_yearly": 0
        },
        "20032": {
            "year_quarter": 20032,
            "year": 2003,
            "quarter": 2,
            "eps": null,
            "eps_growth_year": null,
            "eps_4q": null,
            "eps_4q_growth_year": null,
            "roe": null,
            "roe_4q": 0,
            "gross_profit": null,
            "gross_margin": null,
            "gross_margin_4q_avg": 0,
            "net_income": null,
            "revenue": null,
            "common_shares": null,
            "book_valuer_per_share": null,
            "book_valuer_per_share_4q_avg": 3.28,
            "equity": null,
            "current_ratio": null,
            "debt_ratio": null,
            "inventory_turnover_ratio": null,
            "account_receivable_turnover_ratio": null,
            "reinvestment_rate": null,
            "research_to_sale_ratio": null,
            "price_fair": 0,
            "eps_avg_yearly": 0,
            "eps_latest_yearly": 0,
            "eps_growth_yearly": 0
        },
        "20033": {
            "year_quarter": 20033,
            "year": 2003,
            "quarter": 3,
            "eps": 0.31,
            "eps_growth_year": null,
            "eps_4q": null,
            "eps_4q_growth_year": null,
            "roe": 3.07,
            "roe_4q": 3.07,
            "gross_profit": 66696,
            "gross_margin": 8.86,
            "gross_margin_4q_avg": 2.22,
            "net_income": 13998,
            "revenue": 752449,
            "common_shares": 358630,
            "book_valuer_per_share": 12.71,
            "book_valuer_per_share_4q_avg": 6.46,
            "equity": 455733,
            "current_ratio": 200.03,
            "debt_ratio": 44.51,
            "inventory_turnover_ratio": 3.37,
            "account_receivable_turnover_ratio": null,
            "reinvestment_rate": null,
            "research_to_sale_ratio": null,
            "price_fair": 0,
            "eps_avg_yearly": 0,
            "eps_latest_yearly": 0,
            "eps_growth_yearly": 0
        },
        "20034": {
            "year_quarter": 20034,
            "year": 2003,
            "quarter": 4,
            "eps": 0.56,
            "eps_growth_year": null,
            "eps_4q": null,
            "eps_4q_growth_year": null,
            "roe": 4.92,
            "roe_4q": 7.99,
            "gross_profit": 86689,
            "gross_margin": 9.2,
            "gross_margin_4q_avg": 4.52,
            "net_income": 23005,
            "revenue": 942643,
            "common_shares": 407493,
            "book_valuer_per_share": 11.77,
            "book_valuer_per_share_4q_avg": 6.12,
            "equity": 479572,
            "current_ratio": 202.79,
            "debt_ratio": 46.67,
            "inventory_turnover_ratio": 5.07,
            "account_receivable_turnover_ratio": null,
            "reinvestment_rate": null,
            "research_to_sale_ratio": null,
            "price_fair": 78.4,
            "eps_avg_yearly": 2.24,
            "eps_latest_yearly": 2.24,
            "eps_growth_yearly": 322.58
        },
        "20041": {
            "year_quarter": 20041,
            "year": 2004,
            "quarter": 1,
            "eps": 0.24,
            "eps_growth_year": null,
            "eps_4q": null,
            "eps_4q_growth_year": null,
            "roe": 2.21,
            "roe_4q": 10.2,
            "gross_profit": 64092,
            "gross_margin": 7.6,
            "gross_margin_4q_avg": 6.42,
            "net_income": 10734,
            "revenue": 842873,
            "common_shares": 407493,
            "book_valuer_per_share": 12.03,
            "book_valuer_per_share_4q_avg": 9.13,
            "equity": 490307,
            "current_ratio": 203.84,
            "debt_ratio": 44.77,
            "inventory_turnover_ratio": 5.87,
            "account_receivable_turnover_ratio": null,
            "reinvestment_rate": null,
            "research_to_sale_ratio": null,
            "price_fair": 56,
            "eps_avg_yearly": 1.6,
            "eps_latest_yearly": 0.96,
            "eps_growth_yearly": 47
        },
        "20042": {
            "year_quarter": 20042,
            "year": 2004,
            "quarter": 2,
            "eps": 0.67,
            "eps_growth_year": null,
            "eps_4q": 1.84,
            "eps_4q_growth_year": null,
            "roe": 5.45,
            "roe_4q": 15.65,
            "gross_profit": 88641,
            "gross_margin": 8.54,
            "gross_margin_4q_avg": 8.55,
            "net_income": 27431,
            "revenue": 1037371,
            "common_shares": 407493,
            "book_valuer_per_share": 12.69,
            "book_valuer_per_share_4q_avg": 12.3,
            "equity": 516933,
            "current_ratio": 171.69,
            "debt_ratio": 50.45,
            "inventory_turnover_ratio": 5.81,
            "account_receivable_turnover_ratio": null,
            "reinvestment_rate": null,
            "research_to_sale_ratio": null,
            "price_fair": 68.6,
            "eps_avg_yearly": 1.96,
            "eps_latest_yearly": 2.68,
            "eps_growth_yearly": 270.23
        },
        "20043": {
            "year_quarter": 20043,
            "year": 2004,
            "quarter": 3,
            "eps": 0.43,
            "eps_growth_year": 38.71,
            "eps_4q": 1.8,
            "eps_4q_growth_year": null,
            "roe": 3.65,
            "roe_4q": 16.229999999999997,
            "gross_profit": 83026,
            "gross_margin": 8.94,
            "gross_margin_4q_avg": 8.57,
            "net_income": 19243,
            "revenue": 928681,
            "common_shares": 452542,
            "book_valuer_per_share": 11.87,
            "book_valuer_per_share_4q_avg": 12.09,
            "equity": 537256,
            "current_ratio": 177.07,
            "debt_ratio": 49.27,
            "inventory_turnover_ratio": 3.9,
            "account_receivable_turnover_ratio": null,
            "reinvestment_rate": null,
            "research_to_sale_ratio": null,
            "price_fair": 66.5,
            "eps_avg_yearly": 1.9,
            "eps_latest_yearly": 1.72,
            "eps_growth_yearly": 166.85
        },
        "20044": {
            "year_quarter": 20044,
            "year": 2004,
            "quarter": 4,
            "eps": -0.28,
            "eps_growth_year": -150,
            "eps_4q": 0.99,
            "eps_4q_growth_year": null,
            "roe": -2.42,
            "roe_4q": 8.89,
            "gross_profit": 66331,
            "gross_margin": 6.51,
            "gross_margin_4q_avg": 7.9,
            "net_income": -12777,
            "revenue": 1018386,
            "common_shares": 452542,
            "book_valuer_per_share": 11.44,
            "book_valuer_per_share_4q_avg": 12.01,
            "equity": 517737,
            "current_ratio": 156.74,
            "debt_ratio": 62.39,
            "inventory_turnover_ratio": 3.18,
            "account_receivable_turnover_ratio": null,
            "reinvestment_rate": null,
            "research_to_sale_ratio": null,
            "price_fair": 66.5,
            "eps_avg_yearly": 1.9,
            "eps_latest_yearly": 1.72,
            "eps_growth_yearly": 166.85
        },
        "20051": {
            "year_quarter": 20051,
            "year": 2005,
            "quarter": 1,
            "eps": -0.19,
            "eps_growth_year": -179.17,
            "eps_4q": 0.55,
            "eps_4q_growth_year": null,
            "roe": -1.7,
            "roe_4q": 4.98,
            "gross_profit": 52605,
            "gross_margin": 5.72,
            "gross_margin_4q_avg": 7.43,
            "net_income": -8734,
            "revenue": 919183,
            "common_shares": 452542,
            "book_valuer_per_share": 11.23,
            "book_valuer_per_share_4q_avg": 11.81,
            "equity": 508427,
            "current_ratio": 214.83,
            "debt_ratio": 39.29,
            "inventory_turnover_ratio": 3.26,
            "account_receivable_turnover_ratio": null,
            "reinvestment_rate": null,
            "research_to_sale_ratio": null,
            "price_fair": 66.5,
            "eps_avg_yearly": 1.9,
            "eps_latest_yearly": 1.72,
            "eps_growth_yearly": 166.85
        },
        "20052": {
            "year_quarter": 20052,
            "year": 2005,
            "quarter": 2,
            "eps": -0.12,
            "eps_growth_year": -117.91,
            "eps_4q": -0.17,
            "eps_4q_growth_year": -109.03,
            "roe": -1.04,
            "roe_4q": -1.5100000000000002,
            "gross_profit": 62676,
            "gross_margin": 5.06,
            "gross_margin_4q_avg": 6.56,
            "net_income": -5236,
            "revenue": 1237829,
            "common_shares": 452542,
            "book_valuer_per_share": 11.12,
            "book_valuer_per_share_4q_avg": 11.42,
            "equity": 503178,
            "current_ratio": 150.79,
            "debt_ratio": 60.24,
            "inventory_turnover_ratio": 4.5,
            "account_receivable_turnover_ratio": null,
            "reinvestment_rate": null,
            "research_to_sale_ratio": null,
            "price_fair": 66.5,
            "eps_avg_yearly": 1.9,
            "eps_latest_yearly": 1.72,
            "eps_growth_yearly": 166.85
        },
        "20053": {
            "year_quarter": 20053,
            "year": 2005,
            "quarter": 3,
            "eps": 0.5,
            "eps_growth_year": 16.28,
            "eps_4q": -0.05,
            "eps_4q_growth_year": -102.98,
            "roe": 4.65,
            "roe_4q": -0.5099999999999996,
            "gross_profit": 98017,
            "gross_margin": 5.94,
            "gross_margin_4q_avg": 5.81,
            "net_income": 24157,
            "revenue": 1648763,
            "common_shares": 486295,
            "book_valuer_per_share": 11,
            "book_valuer_per_share_4q_avg": 11.2,
            "equity": 534962,
            "current_ratio": 128.43,
            "debt_ratio": 73.06,
            "inventory_turnover_ratio": 3.48,
            "account_receivable_turnover_ratio": null,
            "reinvestment_rate": null,
            "research_to_sale_ratio": null,
            "price_fair": 66.5,
            "eps_avg_yearly": 1.9,
            "eps_latest_yearly": 1.72,
            "eps_growth_yearly": 166.85
        },
        "20054": {
            "year_quarter": 20054,
            "year": 2005,
            "quarter": 4,
            "eps": 1.35,
            "eps_growth_year": null,
            "eps_4q": 1.56,
            "eps_4q_growth_year": 57.31,
            "roe": 9.24,
            "roe_4q": 11.150000000000002,
            "gross_profit": 150575,
            "gross_margin": 5.94,
            "gross_margin_4q_avg": 5.67,
            "net_income": 66317,
            "revenue": 2533889,
            "common_shares": 636795,
            "book_valuer_per_share": 14.15,
            "book_valuer_per_share_4q_avg": 11.88,
            "equity": 901246,
            "current_ratio": 143.2,
            "debt_ratio": 69.08,
            "inventory_turnover_ratio": 3.38,
            "account_receivable_turnover_ratio": null,
            "reinvestment_rate": null,
            "research_to_sale_ratio": null,
            "price_fair": 91,
            "eps_avg_yearly": 2.6,
            "eps_latest_yearly": 5.4,
            "eps_growth_yearly": 269.48
        },
        "20061": {
            "year_quarter": 20061,
            "year": 2006,
            "quarter": 1,
            "eps": -0.09,
            "eps_growth_year": null,
            "eps_4q": 1.24,
            "eps_4q_growth_year": 127.07,
            "roe": -0.64,
            "roe_4q": 12.21,
            "gross_profit": 73863,
            "gross_margin": 4.64,
            "gross_margin_4q_avg": 5.4,
            "net_income": -5755,
            "revenue": 1591179,
            "common_shares": 637895,
            "book_valuer_per_share": 14.04,
            "book_valuer_per_share_4q_avg": 12.58,
            "equity": 895522,
            "current_ratio": 147.74,
            "debt_ratio": 58.74,
            "inventory_turnover_ratio": 2.07,
            "account_receivable_turnover_ratio": null,
            "reinvestment_rate": null,
            "research_to_sale_ratio": null,
            "price_fair": 91,
            "eps_avg_yearly": 2.6,
            "eps_latest_yearly": 5.4,
            "eps_growth_yearly": 269.48
        },
        "20062": {
            "year_quarter": 20062,
            "year": 2006,
            "quarter": 2,
            "eps": -0.03,
            "eps_growth_year": null,
            "eps_4q": 1.3,
            "eps_4q_growth_year": null,
            "roe": -0.23,
            "roe_4q": 13.020000000000001,
            "gross_profit": 101267,
            "gross_margin": 4.61,
            "gross_margin_4q_avg": 5.28,
            "net_income": -2039,
            "revenue": 2198350,
            "common_shares": 637895,
            "book_valuer_per_share": 13.77,
            "book_valuer_per_share_4q_avg": 13.24,
            "equity": 878651,
            "current_ratio": 136.82,
            "debt_ratio": 65.07,
            "inventory_turnover_ratio": 3.05,
            "account_receivable_turnover_ratio": null,
            "reinvestment_rate": null,
            "research_to_sale_ratio": null,
            "price_fair": 91,
            "eps_avg_yearly": 2.6,
            "eps_latest_yearly": 5.4,
            "eps_growth_yearly": 269.48
        },
        "20063": {
            "year_quarter": 20063,
            "year": 2006,
            "quarter": 3,
            "eps": 0.5,
            "eps_growth_year": 0,
            "eps_4q": 1.35,
            "eps_4q_growth_year": null,
            "roe": 3.63,
            "roe_4q": 12,
            "gross_profit": 144453,
            "gross_margin": 5.24,
            "gross_margin_4q_avg": 5.11,
            "net_income": 34464,
            "revenue": 2758563,
            "common_shares": 697508,
            "book_valuer_per_share": 14.61,
            "book_valuer_per_share_4q_avg": 14.14,
            "equity": 1019118,
            "current_ratio": 156.63,
            "debt_ratio": 70.49,
            "inventory_turnover_ratio": 3.3,
            "account_receivable_turnover_ratio": null,
            "reinvestment_rate": null,
            "research_to_sale_ratio": null,
            "price_fair": 91,
            "eps_avg_yearly": 2.6,
            "eps_latest_yearly": 5.4,
            "eps_growth_yearly": 269.48
        },
        "20064": {
            "year_quarter": 20064,
            "year": 2006,
            "quarter": 4,
            "eps": 1.22,
            "eps_growth_year": -9.63,
            "eps_4q": 1.6,
            "eps_4q_growth_year": 2.7,
            "roe": 7.72,
            "roe_4q": 10.479999999999999,
            "gross_profit": 176827,
            "gross_margin": 4.96,
            "gross_margin_4q_avg": 4.86,
            "net_income": 85738,
            "revenue": 3562460,
            "common_shares": 747420,
            "book_valuer_per_share": 16,
            "book_valuer_per_share_4q_avg": 14.61,
            "equity": 1203000,
            "current_ratio": 178.69,
            "debt_ratio": 64.31,
            "inventory_turnover_ratio": 4.08,
            "account_receivable_turnover_ratio": null,
            "reinvestment_rate": null,
            "research_to_sale_ratio": null,
            "price_fair": 104.3,
            "eps_avg_yearly": 2.98,
            "eps_latest_yearly": 4.88,
            "eps_growth_yearly": 320.57
        },
        "20071": {
            "year_quarter": 20071,
            "year": 2007,
            "quarter": 1,
            "eps": 0.02,
            "eps_growth_year": null,
            "eps_4q": 1.43,
            "eps_4q_growth_year": 15.39,
            "roe": 0.14,
            "roe_4q": 11.259999999999998,
            "gross_profit": 105858,
            "gross_margin": 5.36,
            "gross_margin_4q_avg": 5.04,
            "net_income": 1671,
            "revenue": 1976193,
            "common_shares": 748917,
            "book_valuer_per_share": 16.15,
            "book_valuer_per_share_4q_avg": 15.13,
            "equity": 1209178,
            "current_ratio": 266.94,
            "debt_ratio": 46.71,
            "inventory_turnover_ratio": 2.59,
            "account_receivable_turnover_ratio": null,
            "reinvestment_rate": null,
            "research_to_sale_ratio": null,
            "price_fair": 89.8,
            "eps_avg_yearly": 2.57,
            "eps_latest_yearly": 0.08,
            "eps_growth_yearly": 218.56
        },
        "20072": {
            "year_quarter": 20072,
            "year": 2007,
            "quarter": 2,
            "eps": 0.59,
            "eps_growth_year": null,
            "eps_4q": 2.23,
            "eps_4q_growth_year": 71.73,
            "roe": 3.58,
            "roe_4q": 15.07,
            "gross_profit": 133453,
            "gross_margin": 4.81,
            "gross_margin_4q_avg": 5.09,
            "net_income": 43956,
            "revenue": 2772176,
            "common_shares": 761357,
            "book_valuer_per_share": 16.34,
            "book_valuer_per_share_4q_avg": 15.78,
            "equity": 1244128,
            "current_ratio": 172.83,
            "debt_ratio": 61.55,
            "inventory_turnover_ratio": 3.14,
            "account_receivable_turnover_ratio": null,
            "reinvestment_rate": 3.71,
            "research_to_sale_ratio": null,
            "price_fair": 88.9,
            "eps_avg_yearly": 2.54,
            "eps_latest_yearly": 2.36,
            "eps_growth_yearly": 1616.24
        },
        "20073": {
            "year_quarter": 20073,
            "year": 2007,
            "quarter": 3,
            "eps": 0.55,
            "eps_growth_year": 10,
            "eps_4q": 2.14,
            "eps_4q_growth_year": 58.31,
            "roe": 3.49,
            "roe_4q": 14.93,
            "gross_profit": 174009,
            "gross_margin": 4.5,
            "gross_margin_4q_avg": 4.91,
            "net_income": 45564,
            "revenue": 3870653,
            "common_shares": 871718,
            "book_valuer_per_share": 15.7,
            "book_valuer_per_share_4q_avg": 16.05,
            "equity": 1368730,
            "current_ratio": 222.63,
            "debt_ratio": 58.65,
            "inventory_turnover_ratio": 4.07,
            "account_receivable_turnover_ratio": null,
            "reinvestment_rate": -3.97,
            "research_to_sale_ratio": null,
            "price_fair": 87.58,
            "eps_avg_yearly": 2.5,
            "eps_latest_yearly": 2.2,
            "eps_growth_yearly": 1433.65
        },
        "20074": {
            "year_quarter": 20074,
            "year": 2007,
            "quarter": 4,
            "eps": 0.34,
            "eps_growth_year": -72.13,
            "eps_4q": 1.41,
            "eps_4q_growth_year": -11.94,
            "roe": 2.09,
            "roe_4q": 9.3,
            "gross_profit": 156903,
            "gross_margin": 4.91,
            "gross_margin_4q_avg": 4.9,
            "net_income": 29016,
            "revenue": 3193651,
            "common_shares": 881945,
            "book_valuer_per_share": 15.54,
            "book_valuer_per_share_4q_avg": 15.93,
            "equity": 1410613,
            "current_ratio": 211.8,
            "debt_ratio": 63.29,
            "inventory_turnover_ratio": 3.21,
            "account_receivable_turnover_ratio": null,
            "reinvestment_rate": 6.22,
            "research_to_sale_ratio": null,
            "price_fair": 84.16,
            "eps_avg_yearly": 2.4,
            "eps_latest_yearly": 1.36,
            "eps_growth_yearly": 1380.84
        },
        "20081": {
            "year_quarter": 20081,
            "year": 2008,
            "quarter": 1,
            "eps": 0.07,
            "eps_growth_year": 250,
            "eps_4q": 1.02,
            "eps_4q_growth_year": -29.06,
            "roe": 0.61,
            "roe_4q": 9.77,
            "gross_profit": 165700,
            "gross_margin": 4.82,
            "gross_margin_4q_avg": 4.76,
            "net_income": 8556,
            "revenue": 3435554,
            "common_shares": 882845,
            "book_valuer_per_share": 15.07,
            "book_valuer_per_share_4q_avg": 15.66,
            "equity": 1373491,
            "current_ratio": 155.48,
            "debt_ratio": 67.28,
            "inventory_turnover_ratio": 2.48,
            "account_receivable_turnover_ratio": null,
            "reinvestment_rate": 49.8,
            "research_to_sale_ratio": null,
            "price_fair": 81.51,
            "eps_avg_yearly": 2.33,
            "eps_latest_yearly": 0.28,
            "eps_growth_yearly": 1370.94
        },
        "20082": {
            "year_quarter": 20082,
            "year": 2008,
            "quarter": 2,
            "eps": 0.18,
            "eps_growth_year": -69.49,
            "eps_4q": 0.76,
            "eps_4q_growth_year": -65.9,
            "roe": 1.68,
            "roe_4q": 7.87,
            "gross_profit": 190983,
            "gross_margin": 5.72,
            "gross_margin_4q_avg": 4.99,
            "net_income": 22735,
            "revenue": 3341488,
            "common_shares": 883845,
            "book_valuer_per_share": 14.57,
            "book_valuer_per_share_4q_avg": 15.22,
            "equity": 1337451,
            "current_ratio": 144.14,
            "debt_ratio": 68,
            "inventory_turnover_ratio": 2.02,
            "account_receivable_turnover_ratio": null,
            "reinvestment_rate": 50.63,
            "research_to_sale_ratio": null,
            "price_fair": 73.89,
            "eps_avg_yearly": 2.11,
            "eps_latest_yearly": 0.72,
            "eps_growth_yearly": 1361.15
        },
        "20083": {
            "year_quarter": 20083,
            "year": 2008,
            "quarter": 3,
            "eps": 0.2,
            "eps_growth_year": -63.64,
            "eps_4q": 0.6,
            "eps_4q_growth_year": -72.02,
            "roe": 1.69,
            "roe_4q": 6.07,
            "gross_profit": 194404,
            "gross_margin": 4.34,
            "gross_margin_4q_avg": 4.95,
            "net_income": 22733,
            "revenue": 4476658,
            "common_shares": 931887,
            "book_valuer_per_share": 13.85,
            "book_valuer_per_share_4q_avg": 14.76,
            "equity": 1345541,
            "current_ratio": 165.32,
            "debt_ratio": 71.28,
            "inventory_turnover_ratio": 2.87,
            "account_receivable_turnover_ratio": null,
            "reinvestment_rate": 50.38,
            "research_to_sale_ratio": null,
            "price_fair": 70.31,
            "eps_avg_yearly": 2.01,
            "eps_latest_yearly": 0.8,
            "eps_growth_yearly": 1382.01
        },
        "20084": {
            "year_quarter": 20084,
            "year": 2008,
            "quarter": 4,
            "eps": 0.31,
            "eps_growth_year": -8.82,
            "eps_4q": 0.8,
            "eps_4q_growth_year": -43.4,
            "roe": 1.9,
            "roe_4q": 5.88,
            "gross_profit": 177046,
            "gross_margin": 5.41,
            "gross_margin_4q_avg": 5.07,
            "net_income": 25762,
            "revenue": 3272965,
            "common_shares": 931887,
            "book_valuer_per_share": 14.1,
            "book_valuer_per_share_4q_avg": 14.4,
            "equity": 1367457,
            "current_ratio": 199.69,
            "debt_ratio": 61.97,
            "inventory_turnover_ratio": 2.53,
            "account_receivable_turnover_ratio": 4.38,
            "reinvestment_rate": 43.46,
            "research_to_sale_ratio": null,
            "price_fair": 67.62,
            "eps_avg_yearly": 1.93,
            "eps_latest_yearly": 1.24,
            "eps_growth_yearly": 1265.81
        },
        "20091": {
            "year_quarter": 20091,
            "year": 2009,
            "quarter": 1,
            "eps": 0.26,
            "eps_growth_year": 271.43,
            "eps_4q": 1.17,
            "eps_4q_growth_year": 15.48,
            "roe": 1.32,
            "roe_4q": 6.59,
            "gross_profit": 139443,
            "gross_margin": 6.32,
            "gross_margin_4q_avg": 5.45,
            "net_income": 18295,
            "revenue": 2205746,
            "common_shares": 931887,
            "book_valuer_per_share": 14.45,
            "book_valuer_per_share_4q_avg": 14.24,
            "equity": 1396041,
            "current_ratio": 241.95,
            "debt_ratio": 54.63,
            "inventory_turnover_ratio": 2.23,
            "account_receivable_turnover_ratio": 1.49,
            "reinvestment_rate": 40.52,
            "research_to_sale_ratio": null,
            "price_fair": 64.78,
            "eps_avg_yearly": 1.85,
            "eps_latest_yearly": 1.04,
            "eps_growth_yearly": 1144.87
        },
        "20092": {
            "year_quarter": 20092,
            "year": 2009,
            "quarter": 2,
            "eps": -0.04,
            "eps_growth_year": -122.22,
            "eps_4q": 0.69,
            "eps_4q_growth_year": -9.62,
            "roe": -0.57,
            "roe_4q": 4.34,
            "gross_profit": 129175,
            "gross_margin": 5.59,
            "gross_margin_4q_avg": 5.42,
            "net_income": -7682,
            "revenue": 2309449,
            "common_shares": 931887,
            "book_valuer_per_share": 13.6,
            "book_valuer_per_share_4q_avg": 14,
            "equity": 1312867,
            "current_ratio": 206.56,
            "debt_ratio": 62.43,
            "inventory_turnover_ratio": 2.7,
            "account_receivable_turnover_ratio": 1.57,
            "reinvestment_rate": 40.31,
            "research_to_sale_ratio": null,
            "price_fair": 64.78,
            "eps_avg_yearly": 1.85,
            "eps_latest_yearly": 1.04,
            "eps_growth_yearly": 1144.87
        },
        "20093": {
            "year_quarter": 20093,
            "year": 2009,
            "quarter": 3,
            "eps": 0.76,
            "eps_growth_year": 280,
            "eps_4q": 1.23,
            "eps_4q_growth_year": 105.97,
            "roe": 5.05,
            "roe_4q": 7.699999999999999,
            "gross_profit": 205060,
            "gross_margin": 5.94,
            "gross_margin_4q_avg": 5.82,
            "net_income": 68292,
            "revenue": 3451212,
            "common_shares": 932460,
            "book_valuer_per_share": 14.27,
            "book_valuer_per_share_4q_avg": 14.11,
            "equity": 1389853,
            "current_ratio": 139.46,
            "debt_ratio": 67.57,
            "inventory_turnover_ratio": 3.68,
            "account_receivable_turnover_ratio": 1.87,
            "reinvestment_rate": 35.95,
            "research_to_sale_ratio": null,
            "price_fair": 64.78,
            "eps_avg_yearly": 1.85,
            "eps_latest_yearly": 1.04,
            "eps_growth_yearly": 1144.87
        },
        "20094": {
            "year_quarter": 20094,
            "year": 2009,
            "quarter": 4,
            "eps": 0.9,
            "eps_growth_year": 190.32,
            "eps_4q": 1.88,
            "eps_4q_growth_year": 135.42,
            "roe": 5.7,
            "roe_4q": 11.5,
            "gross_profit": 229819,
            "gross_margin": 5.67,
            "gross_margin_4q_avg": 5.88,
            "net_income": 81641,
            "revenue": 4051507,
            "common_shares": 934753,
            "book_valuer_per_share": 16.58,
            "book_valuer_per_share_4q_avg": 14.73,
            "equity": 1474828,
            "current_ratio": 183.03,
            "debt_ratio": 67.17,
            "inventory_turnover_ratio": 3.47,
            "account_receivable_turnover_ratio": 3.83,
            "reinvestment_rate": 52.57,
            "research_to_sale_ratio": null,
            "price_fair": 59.05,
            "eps_avg_yearly": 1.69,
            "eps_latest_yearly": 3.6,
            "eps_growth_yearly": 1089.75
        },
        "20101": {
            "year_quarter": 20101,
            "year": 2010,
            "quarter": 1,
            "eps": 0.51,
            "eps_growth_year": 96.15,
            "eps_4q": 2.12,
            "eps_4q_growth_year": 80.82,
            "roe": 2.78,
            "roe_4q": 12.96,
            "gross_profit": 193161,
            "gross_margin": 4.55,
            "gross_margin_4q_avg": 5.44,
            "net_income": 41597,
            "revenue": 4247733,
            "common_shares": 934753,
            "book_valuer_per_share": 17.06,
            "book_valuer_per_share_4q_avg": 15.38,
            "equity": 1514142,
            "current_ratio": 184.23,
            "debt_ratio": 70.98,
            "inventory_turnover_ratio": 3.15,
            "account_receivable_turnover_ratio": 1.73,
            "reinvestment_rate": 47.31,
            "research_to_sale_ratio": 0.38,
            "price_fair": 60.08,
            "eps_avg_yearly": 1.72,
            "eps_latest_yearly": 2.04,
            "eps_growth_yearly": 984.49
        },
        "20102": {
            "year_quarter": 20102,
            "year": 2010,
            "quarter": 2,
            "eps": 1.29,
            "eps_growth_year": null,
            "eps_4q": 3.45,
            "eps_4q_growth_year": 403.2,
            "roe": 7.07,
            "roe_4q": 20.6,
            "gross_profit": 300300,
            "gross_margin": 5.22,
            "gross_margin_4q_avg": 5.35,
            "net_income": 105541,
            "revenue": 5754913,
            "common_shares": 934753,
            "book_valuer_per_share": 16.63,
            "book_valuer_per_share_4q_avg": 16.14,
            "equity": 1473207,
            "current_ratio": 132.73,
            "debt_ratio": 72.4,
            "inventory_turnover_ratio": 3.88,
            "account_receivable_turnover_ratio": 2.16,
            "reinvestment_rate": 39.24,
            "research_to_sale_ratio": 0.27,
            "price_fair": 69.35,
            "eps_avg_yearly": 1.98,
            "eps_latest_yearly": 5.16,
            "eps_growth_yearly": 955.82
        },
        "20103": {
            "year_quarter": 20103,
            "year": 2010,
            "quarter": 3,
            "eps": 1.2,
            "eps_growth_year": 57.47,
            "eps_4q": 3.89,
            "eps_4q_growth_year": 216.38,
            "roe": 6.35,
            "roe_4q": 21.9,
            "gross_profit": 359319,
            "gross_margin": 4.39,
            "gross_margin_4q_avg": 4.96,
            "net_income": 96471,
            "revenue": 8183147,
            "common_shares": 934753,
            "book_valuer_per_share": 17.77,
            "book_valuer_per_share_4q_avg": 17.01,
            "equity": 1565124,
            "current_ratio": 193.85,
            "debt_ratio": 74.81,
            "inventory_turnover_ratio": 4.85,
            "account_receivable_turnover_ratio": 2.95,
            "reinvestment_rate": 35.73,
            "research_to_sale_ratio": 0.16,
            "price_fair": 76.4,
            "eps_avg_yearly": 2.18,
            "eps_latest_yearly": 4.8,
            "eps_growth_yearly": 885.56
        },
        "20104": {
            "year_quarter": 20104,
            "year": 2010,
            "quarter": 4,
            "eps": 1.35,
            "eps_growth_year": 49.63,
            "eps_4q": 4.34,
            "eps_4q_growth_year": 131.34,
            "roe": 6.67,
            "roe_4q": 22.87,
            "gross_profit": 423078,
            "gross_margin": 4.73,
            "gross_margin_4q_avg": 4.72,
            "net_income": 107125,
            "revenue": 8935807,
            "common_shares": 934753,
            "book_valuer_per_share": 18.8,
            "book_valuer_per_share_4q_avg": 17.57,
            "equity": 1645067,
            "current_ratio": 204.72,
            "debt_ratio": 70.85,
            "inventory_turnover_ratio": 5.57,
            "account_receivable_turnover_ratio": 2.86,
            "reinvestment_rate": 31.05,
            "research_to_sale_ratio": 0.15,
            "price_fair": 77.7,
            "eps_avg_yearly": 2.22,
            "eps_latest_yearly": 5.4,
            "eps_growth_yearly": 847.98
        },
        "20111": {
            "year_quarter": 20111,
            "year": 2011,
            "quarter": 1,
            "eps": 0.99,
            "eps_growth_year": 94.12,
            "eps_4q": 4.83,
            "eps_4q_growth_year": 127.29,
            "roe": 4.54,
            "roe_4q": 24.630000000000003,
            "gross_profit": 339527,
            "gross_margin": 4.51,
            "gross_margin_4q_avg": 4.71,
            "net_income": 76554,
            "revenue": 7524391,
            "common_shares": 894753,
            "book_valuer_per_share": 19.87,
            "book_valuer_per_share_4q_avg": 18.27,
            "equity": 1727852,
            "current_ratio": 181.98,
            "debt_ratio": 74.73,
            "inventory_turnover_ratio": 3.84,
            "account_receivable_turnover_ratio": 2.41,
            "reinvestment_rate": 31.5,
            "research_to_sale_ratio": 0.12,
            "price_fair": 87.4,
            "eps_avg_yearly": 2.5,
            "eps_latest_yearly": 3.96,
            "eps_growth_yearly": 868.47
        },
        "20112": {
            "year_quarter": 20112,
            "year": 2011,
            "quarter": 2,
            "eps": 1.51,
            "eps_growth_year": 17.03,
            "eps_4q": 4.59,
            "eps_4q_growth_year": 32.87,
            "roe": 7.77,
            "roe_4q": 25.33,
            "gross_profit": 429771,
            "gross_margin": 4.16,
            "gross_margin_4q_avg": 4.45,
            "net_income": 136127,
            "revenue": 10342035,
            "common_shares": 894753,
            "book_valuer_per_share": 20.58,
            "book_valuer_per_share_4q_avg": 19.26,
            "equity": 1776979,
            "current_ratio": 164.28,
            "debt_ratio": 78.18,
            "inventory_turnover_ratio": 3.54,
            "account_receivable_turnover_ratio": 3.2,
            "reinvestment_rate": 25.24,
            "research_to_sale_ratio": 0.05,
            "price_fair": 96.6,
            "eps_avg_yearly": 2.76,
            "eps_latest_yearly": 6.04,
            "eps_growth_yearly": 69.19
        },
        "20113": {
            "year_quarter": 20113,
            "year": 2011,
            "quarter": 3,
            "eps": 0.62,
            "eps_growth_year": -47.8,
            "eps_4q": 3.84,
            "eps_4q_growth_year": -1.33,
            "roe": 2.85,
            "roe_4q": 21.83,
            "gross_profit": 345685,
            "gross_margin": 4.37,
            "gross_margin_4q_avg": 4.44,
            "net_income": 59082,
            "revenue": 7903350,
            "common_shares": 970773,
            "book_valuer_per_share": 24.72,
            "book_valuer_per_share_4q_avg": 20.99,
            "equity": 2368228,
            "current_ratio": 192,
            "debt_ratio": 70.07,
            "inventory_turnover_ratio": 2.54,
            "account_receivable_turnover_ratio": 2.18,
            "reinvestment_rate": 24.2,
            "research_to_sale_ratio": 0.08,
            "price_fair": 97.3,
            "eps_avg_yearly": 2.78,
            "eps_latest_yearly": 2.48,
            "eps_growth_yearly": 54.29
        },
        "20114": {
            "year_quarter": 20114,
            "year": 2011,
            "quarter": 4,
            "eps": 0.81,
            "eps_growth_year": -39.59,
            "eps_4q": 3.53,
            "eps_4q_growth_year": -18.62,
            "roe": 3.22,
            "roe_4q": 18.38,
            "gross_profit": 335117,
            "gross_margin": 5.35,
            "gross_margin_4q_avg": 4.6,
            "net_income": 78519,
            "revenue": 6265086,
            "common_shares": 1102073,
            "book_valuer_per_share": 22.73,
            "book_valuer_per_share_4q_avg": 21.98,
            "equity": 2511603,
            "current_ratio": 155.58,
            "debt_ratio": 61.88,
            "inventory_turnover_ratio": 2.25,
            "account_receivable_turnover_ratio": 1.77,
            "reinvestment_rate": 17.68,
            "research_to_sale_ratio": 0.12,
            "price_fair": 102,
            "eps_avg_yearly": 2.91,
            "eps_latest_yearly": 3.24,
            "eps_growth_yearly": 73.95
        },
        "20121": {
            "year_quarter": 20121,
            "year": 2012,
            "quarter": 1,
            "eps": 0.81,
            "eps_growth_year": -18.18,
            "eps_4q": 3.57,
            "eps_4q_growth_year": -25.97,
            "roe": 3.54,
            "roe_4q": 17.38,
            "gross_profit": 289350,
            "gross_margin": 3.68,
            "gross_margin_4q_avg": 4.39,
            "net_income": 90460,
            "revenue": 7872480,
            "common_shares": 1102073,
            "book_valuer_per_share": 23.47,
            "book_valuer_per_share_4q_avg": 22.88,
            "equity": 2594017,
            "current_ratio": 145.02,
            "debt_ratio": 66.78,
            "inventory_turnover_ratio": 2.5,
            "account_receivable_turnover_ratio": 2.51,
            "reinvestment_rate": 2.38,
            "research_to_sale_ratio": 0.1,
            "price_fair": 109.4,
            "eps_avg_yearly": 3.13,
            "eps_latest_yearly": 3.24,
            "eps_growth_yearly": 96.64
        },
        "20122": {
            "year_quarter": 20122,
            "year": 2012,
            "quarter": 2,
            "eps": 1.41,
            "eps_growth_year": -6.52,
            "eps_4q": 3.54,
            "eps_4q_growth_year": -22.92,
            "roe": 6.37,
            "roe_4q": 15.98,
            "gross_profit": 443369,
            "gross_margin": 4.07,
            "gross_margin_4q_avg": 4.37,
            "net_income": 163140,
            "revenue": 10888203,
            "common_shares": 1102073,
            "book_valuer_per_share": 22.9,
            "book_valuer_per_share_4q_avg": 23.46,
            "equity": 2531785,
            "current_ratio": 150.19,
            "debt_ratio": 70.76,
            "inventory_turnover_ratio": 3.12,
            "account_receivable_turnover_ratio": 3.14,
            "reinvestment_rate": 3.97,
            "research_to_sale_ratio": 0.08,
            "price_fair": 121.7,
            "eps_avg_yearly": 3.48,
            "eps_latest_yearly": 5.64,
            "eps_growth_yearly": 72.91
        },
        "20123": {
            "year_quarter": 20123,
            "year": 2012,
            "quarter": 3,
            "eps": -0.21,
            "eps_growth_year": -134.39,
            "eps_4q": 2.73,
            "eps_4q_growth_year": -28.83,
            "roe": -1.03,
            "roe_4q": 12.1,
            "gross_profit": 149156,
            "gross_margin": 2.5,
            "gross_margin_4q_avg": 3.9,
            "net_income": -25952,
            "revenue": 5956152,
            "common_shares": 1161550,
            "book_valuer_per_share": 21.54,
            "book_valuer_per_share_4q_avg": 22.66,
            "equity": 2508048,
            "current_ratio": 196.07,
            "debt_ratio": 58.16,
            "inventory_turnover_ratio": 2.44,
            "account_receivable_turnover_ratio": 1.65,
            "reinvestment_rate": 3.9,
            "research_to_sale_ratio": 0.12,
            "price_fair": 128.91,
            "eps_avg_yearly": 3.68,
            "eps_latest_yearly": 5.64,
            "eps_growth_yearly": 75.1
        },
        "20124": {
            "year_quarter": 20124,
            "year": 2012,
            "quarter": 4,
            "eps": -0.08,
            "eps_growth_year": -110.09,
            "eps_4q": 1.88,
            "eps_4q_growth_year": -46.78,
            "roe": -0.53,
            "roe_4q": 8.350000000000001,
            "gross_profit": 147871,
            "gross_margin": 4.33,
            "gross_margin_4q_avg": 3.65,
            "net_income": -13384,
            "revenue": 3411593,
            "common_shares": 1161550,
            "book_valuer_per_share": 21.45,
            "book_valuer_per_share_4q_avg": 22.34,
            "equity": 2522751,
            "current_ratio": 252.88,
            "debt_ratio": 35.37,
            "inventory_turnover_ratio": 2.49,
            "account_receivable_turnover_ratio": 1.33,
            "reinvestment_rate": 4.5,
            "research_to_sale_ratio": 0.17,
            "price_fair": 136.03,
            "eps_avg_yearly": 3.89,
            "eps_latest_yearly": 5.64,
            "eps_growth_yearly": 63.02
        },
        "20131": {
            "year_quarter": 20131,
            "year": 2013,
            "quarter": 1,
            "eps": 0.12,
            "eps_growth_year": -85.19,
            "eps_4q": 1.23,
            "eps_4q_growth_year": -65.64,
            "roe": 0.37,
            "roe_4q": 5.18,
            "gross_profit": 100703,
            "gross_margin": 3.97,
            "gross_margin_4q_avg": 3.72,
            "net_income": 9338,
            "revenue": 2534142,
            "common_shares": 1161550,
            "book_valuer_per_share": 21.54,
            "book_valuer_per_share_4q_avg": 21.86,
            "equity": 2529063,
            "current_ratio": 351.67,
            "debt_ratio": 24.86,
            "inventory_turnover_ratio": 2.24,
            "account_receivable_turnover_ratio": 1.6,
            "reinvestment_rate": 5.38,
            "research_to_sale_ratio": 0.34,
            "price_fair": 145.09,
            "eps_avg_yearly": 4.15,
            "eps_latest_yearly": 5.64,
            "eps_growth_yearly": 74.61
        },
        "20132": {
            "year_quarter": 20132,
            "year": 2013,
            "quarter": 2,
            "eps": -0.08,
            "eps_growth_year": -105.67,
            "eps_4q": -0.24,
            "eps_4q_growth_year": -106.86,
            "roe": -0.6,
            "roe_4q": -1.79,
            "gross_profit": 92339,
            "gross_margin": 3.58,
            "gross_margin_4q_avg": 3.6,
            "net_income": -14526,
            "revenue": 2579429,
            "common_shares": 1161550,
            "book_valuer_per_share": 19.96,
            "book_valuer_per_share_4q_avg": 21.12,
            "equity": 2340225,
            "current_ratio": 251.81,
            "debt_ratio": 35.08,
            "inventory_turnover_ratio": 1.97,
            "account_receivable_turnover_ratio": 1.9,
            "reinvestment_rate": 5.66,
            "research_to_sale_ratio": 0.32,
            "price_fair": 145.09,
            "eps_avg_yearly": 4.15,
            "eps_latest_yearly": 5.64,
            "eps_growth_yearly": 74.61
        },
        "20133": {
            "year_quarter": 20133,
            "year": 2013,
            "quarter": 3,
            "eps": -0.56,
            "eps_growth_year": null,
            "eps_4q": -0.6,
            "eps_4q_growth_year": -121.92,
            "roe": -3.16,
            "roe_4q": -3.92,
            "gross_profit": 35593,
            "gross_margin": 1.26,
            "gross_margin_4q_avg": 3.29,
            "net_income": -72884,
            "revenue": 2820503,
            "common_shares": 1222627,
            "book_valuer_per_share": 18.47,
            "book_valuer_per_share_4q_avg": 20.36,
            "equity": 2275857,
            "current_ratio": 209.13,
            "debt_ratio": 42.5,
            "inventory_turnover_ratio": 1.87,
            "account_receivable_turnover_ratio": 1.91,
            "reinvestment_rate": 7.87,
            "research_to_sale_ratio": 0.13,
            "price_fair": 145.09,
            "eps_avg_yearly": 4.15,
            "eps_latest_yearly": 5.64,
            "eps_growth_yearly": 74.61
        },
        "20134": {
            "year_quarter": 20134,
            "year": 2013,
            "quarter": 4,
            "eps": -0.75,
            "eps_growth_year": null,
            "eps_4q": -1.27,
            "eps_4q_growth_year": -167.62,
            "roe": -4.42,
            "roe_4q": -7.81,
            "gross_profit": 100972,
            "gross_margin": 3.24,
            "gross_margin_4q_avg": 3.01,
            "net_income": -98595,
            "revenue": 3115080,
            "common_shares": 1222627,
            "book_valuer_per_share": 17.74,
            "book_valuer_per_share_4q_avg": 19.43,
            "equity": 2180571,
            "current_ratio": 216.13,
            "debt_ratio": 41.59,
            "inventory_turnover_ratio": 2.3,
            "account_receivable_turnover_ratio": 1.92,
            "reinvestment_rate": -9.76,
            "research_to_sale_ratio": 0.27,
            "price_fair": 147,
            "eps_avg_yearly": 4.2,
            "eps_latest_yearly": 5.64,
            "eps_growth_yearly": 74.71
        },
        "20141": {
            "year_quarter": 20141,
            "year": 2014,
            "quarter": 1,
            "eps": -0.19,
            "eps_growth_year": -258.33,
            "eps_4q": -1.58,
            "eps_4q_growth_year": -228.22,
            "roe": -1.34,
            "roe_4q": -9.52,
            "gross_profit": 75508,
            "gross_margin": 2.88,
            "gross_margin_4q_avg": 2.74,
            "net_income": -29080,
            "revenue": 2622515,
            "common_shares": 1222627,
            "book_valuer_per_share": 17.61,
            "book_valuer_per_share_4q_avg": 18.45,
            "equity": 2158418,
            "current_ratio": 210.48,
            "debt_ratio": 42.74,
            "inventory_turnover_ratio": 2.18,
            "account_receivable_turnover_ratio": 1.64,
            "reinvestment_rate": -11.12,
            "research_to_sale_ratio": 0.23,
            "price_fair": 155.4,
            "eps_avg_yearly": 4.44,
            "eps_latest_yearly": 5.64,
            "eps_growth_yearly": 102.27
        },
        "20142": {
            "year_quarter": 20142,
            "year": 2014,
            "quarter": 2,
            "eps": 0.05,
            "eps_growth_year": null,
            "eps_4q": -1.45,
            "eps_4q_growth_year": null,
            "roe": -0.03,
            "roe_4q": -8.95,
            "gross_profit": 155398,
            "gross_margin": 4.35,
            "gross_margin_4q_avg": 2.93,
            "net_income": -666,
            "revenue": 3569271,
            "common_shares": 1222627,
            "book_valuer_per_share": 17.63,
            "book_valuer_per_share_4q_avg": 17.86,
            "equity": 2154311,
            "current_ratio": 214.25,
            "debt_ratio": 41.7,
            "inventory_turnover_ratio": 2.48,
            "account_receivable_turnover_ratio": 2.59,
            "reinvestment_rate": -10.18,
            "research_to_sale_ratio": 0.12,
            "price_fair": 152.25,
            "eps_avg_yearly": 4.35,
            "eps_latest_yearly": 5.64,
            "eps_growth_yearly": 38.58
        },
        "20143": {
            "year_quarter": 20143,
            "year": 2014,
            "quarter": 3,
            "eps": 0.13,
            "eps_growth_year": null,
            "eps_4q": -0.76,
            "eps_4q_growth_year": null,
            "roe": -0.22,
            "roe_4q": -6.01,
            "gross_profit": 134554,
            "gross_margin": 3.57,
            "gross_margin_4q_avg": 3.51,
            "net_income": -4721,
            "revenue": 3770508,
            "common_shares": 1222627,
            "book_valuer_per_share": 17.79,
            "book_valuer_per_share_4q_avg": 17.69,
            "equity": 2153436,
            "current_ratio": 186.39,
            "debt_ratio": 48.44,
            "inventory_turnover_ratio": 2.24,
            "account_receivable_turnover_ratio": 3.28,
            "reinvestment_rate": -9.48,
            "research_to_sale_ratio": 0.14,
            "price_fair": 133.53,
            "eps_avg_yearly": 3.82,
            "eps_latest_yearly": 0.52,
            "eps_growth_yearly": 122.07
        },
        "20144": {
            "year_quarter": 20144,
            "year": 2014,
            "quarter": 4,
            "eps": 0.39,
            "eps_growth_year": null,
            "eps_4q": 0.38,
            "eps_4q_growth_year": null,
            "roe": 1.7,
            "roe_4q": 0.10999999999999988,
            "gross_profit": 151139,
            "gross_margin": 3.55,
            "gross_margin_4q_avg": 3.59,
            "net_income": 37155,
            "revenue": 4258178,
            "common_shares": 1222627,
            "book_valuer_per_share": 18.11,
            "book_valuer_per_share_4q_avg": 17.79,
            "equity": 2227975,
            "current_ratio": 180.99,
            "debt_ratio": 50.43,
            "inventory_turnover_ratio": 2.11,
            "account_receivable_turnover_ratio": 4.05,
            "reinvestment_rate": -10.37,
            "research_to_sale_ratio": 0.16,
            "price_fair": 116.73,
            "eps_avg_yearly": 3.34,
            "eps_latest_yearly": 1.56,
            "eps_growth_yearly": 215.82
        },
        "20151": {
            "year_quarter": 20151,
            "year": 2015,
            "quarter": 1,
            "eps": 0.06,
            "eps_growth_year": null,
            "eps_4q": 0.64,
            "eps_4q_growth_year": null,
            "roe": 0.11,
            "roe_4q": 1.56,
            "gross_profit": 161644,
            "gross_margin": 2.78,
            "gross_margin_4q_avg": 3.56,
            "net_income": 2394,
            "revenue": 5809940,
            "common_shares": 1222627,
            "book_valuer_per_share": 18.11,
            "book_valuer_per_share_4q_avg": 17.91,
            "equity": 2223081,
            "current_ratio": 173.35,
            "debt_ratio": 52.76,
            "inventory_turnover_ratio": 2.9,
            "account_receivable_turnover_ratio": 4.47,
            "reinvestment_rate": -9.93,
            "research_to_sale_ratio": 0.09,
            "price_fair": 100.45,
            "eps_avg_yearly": 2.87,
            "eps_latest_yearly": 0.24,
            "eps_growth_yearly": 186.84
        },
        "20152": {
            "year_quarter": 20152,
            "year": 2015,
            "quarter": 2,
            "eps": 0.05,
            "eps_growth_year": 0,
            "eps_4q": 0.64,
            "eps_4q_growth_year": null,
            "roe": 0.02,
            "roe_4q": 1.61,
            "gross_profit": 176448,
            "gross_margin": 2.07,
            "gross_margin_4q_avg": 2.99,
            "net_income": 346,
            "revenue": 8520432,
            "common_shares": 1222627,
            "book_valuer_per_share": 18.12,
            "book_valuer_per_share_4q_avg": 18.03,
            "equity": 2217657,
            "current_ratio": 142.98,
            "debt_ratio": 65.94,
            "inventory_turnover_ratio": 3.63,
            "account_receivable_turnover_ratio": 5.66,
            "reinvestment_rate": -12.82,
            "research_to_sale_ratio": 0.08,
            "price_fair": 74.9,
            "eps_avg_yearly": 2.14,
            "eps_latest_yearly": 0.2,
            "eps_growth_yearly": 152.25
        },
        "20153": {
            "year_quarter": 20153,
            "year": 2015,
            "quarter": 3,
            "eps": 1.18,
            "eps_growth_year": 807.69,
            "eps_4q": 1.69,
            "eps_4q_growth_year": null,
            "roe": 5.99,
            "roe_4q": 7.82,
            "gross_profit": 232591,
            "gross_margin": 1.71,
            "gross_margin_4q_avg": 2.53,
            "net_income": 137935,
            "revenue": 13618206,
            "common_shares": 1222627,
            "book_valuer_per_share": 19.55,
            "book_valuer_per_share_4q_avg": 18.47,
            "equity": 2386529,
            "current_ratio": 144.85,
            "debt_ratio": 65.61,
            "inventory_turnover_ratio": 5.17,
            "account_receivable_turnover_ratio": 6.44,
            "reinvestment_rate": -10,
            "research_to_sale_ratio": 0.05,
            "price_fair": 84.7,
            "eps_avg_yearly": 2.42,
            "eps_latest_yearly": 4.72,
            "eps_growth_yearly": 1311.72
        },
        "20154": {
            "year_quarter": 20154,
            "year": 2015,
            "quarter": 4,
            "eps": 0.5,
            "eps_growth_year": 27.05,
            "eps_4q": 1.8,
            "eps_4q_growth_year": 373.42,
            "roe": 2.22,
            "roe_4q": 8.34,
            "gross_profit": 337295,
            "gross_margin": 2.58,
            "gross_margin_4q_avg": 2.29,
            "net_income": 53564,
            "revenue": 13066633,
            "common_shares": 1222627,
            "book_valuer_per_share": 20.04,
            "book_valuer_per_share_4q_avg": 18.96,
            "equity": 2439220,
            "current_ratio": 145.95,
            "debt_ratio": 65.21,
            "inventory_turnover_ratio": 5.66,
            "account_receivable_turnover_ratio": 4.41,
            "reinvestment_rate": -9.62,
            "research_to_sale_ratio": 0.05,
            "price_fair": 79.28,
            "eps_avg_yearly": 2.27,
            "eps_latest_yearly": 2,
            "eps_growth_yearly": 1267.58
        },
        "20161": {
            "year_quarter": 20161,
            "year": 2016,
            "quarter": 1,
            "eps": 0.06,
            "eps_growth_year": 0,
            "eps_4q": 1.79,
            "eps_4q_growth_year": 182.17,
            "roe": 0.03,
            "roe_4q": 8.26,
            "gross_profit": 200836,
            "gross_margin": 3.23,
            "gross_margin_4q_avg": 2.4,
            "net_income": 675,
            "revenue": 6218263,
            "common_shares": 1222627,
            "book_valuer_per_share": 20.04,
            "book_valuer_per_share_4q_avg": 19.44,
            "equity": 2431874,
            "current_ratio": 175.15,
            "debt_ratio": 53.21,
            "inventory_turnover_ratio": 3.1,
            "account_receivable_turnover_ratio": 2.49,
            "reinvestment_rate": -12.38,
            "research_to_sale_ratio": 0.08,
            "price_fair": 66.15,
            "eps_avg_yearly": 1.89,
            "eps_latest_yearly": 0.24,
            "eps_growth_yearly": 1223.58
        },
        "20162": {
            "year_quarter": 20162,
            "year": 2016,
            "quarter": 2,
            "eps": 0.06,
            "eps_growth_year": 20,
            "eps_4q": 1.57,
            "eps_4q_growth_year": 146.53,
            "roe": 0.02,
            "roe_4q": 8.26,
            "gross_profit": 165640,
            "gross_margin": 2.47,
            "gross_margin_4q_avg": 2.5,
            "net_income": 441,
            "revenue": 6699827,
            "common_shares": 1222627,
            "book_valuer_per_share": 20.01,
            "book_valuer_per_share_4q_avg": 19.91,
            "equity": 2422098,
            "current_ratio": 161.61,
            "debt_ratio": 58.42,
            "inventory_turnover_ratio": 4.13,
            "account_receivable_turnover_ratio": 3,
            "reinvestment_rate": -63.62,
            "research_to_sale_ratio": 0.06,
            "price_fair": 42.53,
            "eps_avg_yearly": 1.22,
            "eps_latest_yearly": 0.24,
            "eps_growth_yearly": 1186.55
        },
        "20163": {
            "year_quarter": 20163,
            "year": 2016,
            "quarter": 3,
            "eps": -0.71,
            "eps_growth_year": -160.17,
            "eps_4q": -0.18,
            "eps_4q_growth_year": -110.39,
            "roe": -4.52,
            "roe_4q": -2.2499999999999996,
            "gross_profit": 128530,
            "gross_margin": 1.51,
            "gross_margin_4q_avg": 2.45,
            "net_income": -106610,
            "revenue": 8514001,
            "common_shares": 1396240,
            "book_valuer_per_share": 16.67,
            "book_valuer_per_share_4q_avg": 19.19,
            "equity": 2296220,
            "current_ratio": 133.37,
            "debt_ratio": 71.81,
            "inventory_turnover_ratio": 4.77,
            "account_receivable_turnover_ratio": 2.71,
            "reinvestment_rate": -373.26,
            "research_to_sale_ratio": 0.05,
            "price_fair": 42.53,
            "eps_avg_yearly": 1.22,
            "eps_latest_yearly": 0.24,
            "eps_growth_yearly": 1186.55
        },
        "20164": {
            "year_quarter": 20164,
            "year": 2016,
            "quarter": 4,
            "eps": 0.71,
            "eps_growth_year": 42.24,
            "eps_4q": 0.1,
            "eps_4q_growth_year": -94.58,
            "roe": 3.98,
            "roe_4q": -0.48999999999999955,
            "gross_profit": 335703,
            "gross_margin": 3.83,
            "gross_margin_4q_avg": 2.76,
            "net_income": 93373,
            "revenue": 8774928,
            "common_shares": 1396240,
            "book_valuer_per_share": 17.4,
            "book_valuer_per_share_4q_avg": 18.53,
            "equity": 2396550,
            "current_ratio": 136.87,
            "debt_ratio": 70.12,
            "inventory_turnover_ratio": 3.75,
            "account_receivable_turnover_ratio": 2.38,
            "reinvestment_rate": -52.88,
            "research_to_sale_ratio": 0.09,
            "price_fair": 42.53,
            "eps_avg_yearly": 1.22,
            "eps_latest_yearly": 0.24,
            "eps_growth_yearly": 1186.55
        },
        "20171": {
            "year_quarter": 20171,
            "year": 2017,
            "quarter": 1,
            "eps": 0.06,
            "eps_growth_year": 0,
            "eps_4q": 0.11,
            "eps_4q_growth_year": -93.96,
            "roe": 0.13,
            "roe_4q": -0.38999999999999924,
            "gross_profit": 217342,
            "gross_margin": 3.08,
            "gross_margin_4q_avg": 2.72,
            "net_income": 2988,
            "revenue": 7058790,
            "common_shares": 1396240,
            "book_valuer_per_share": 16.83,
            "book_valuer_per_share_4q_avg": 17.73,
            "equity": 2358343,
            "current_ratio": 146.26,
            "debt_ratio": 65.04,
            "inventory_turnover_ratio": 3.14,
            "account_receivable_turnover_ratio": 2.06,
            "reinvestment_rate": -57.7,
            "research_to_sale_ratio": 0.03,
            "price_fair": 38.73,
            "eps_avg_yearly": 1.11,
            "eps_latest_yearly": 0.24,
            "eps_growth_yearly": 1014.02
        },
        "20172": {
            "year_quarter": 20172,
            "year": 2017,
            "quarter": 2,
            "eps": 0.47,
            "eps_growth_year": 683.33,
            "eps_4q": 0.53,
            "eps_4q_growth_year": -66.55,
            "roe": 2.62,
            "roe_4q": 2.210000000000001,
            "gross_profit": 261786,
            "gross_margin": 3.26,
            "gross_margin_4q_avg": 2.92,
            "net_income": 62726,
            "revenue": 8022866,
            "common_shares": 1396240,
            "book_valuer_per_share": 17.32,
            "book_valuer_per_share_4q_avg": 17.06,
            "equity": 2424032,
            "current_ratio": 138.09,
            "debt_ratio": 69.84,
            "inventory_turnover_ratio": 3.66,
            "account_receivable_turnover_ratio": 2.28,
            "reinvestment_rate": -39.72,
            "research_to_sale_ratio": 0.03,
            "price_fair": 41.44,
            "eps_avg_yearly": 1.18,
            "eps_latest_yearly": 1.88,
            "eps_growth_yearly": 1185.95
        },
        "20173": {
            "year_quarter": 20173,
            "year": 2017,
            "quarter": 3,
            "eps": 0.14,
            "eps_growth_year": null,
            "eps_4q": 1.38,
            "eps_4q_growth_year": null,
            "roe": 0.69,
            "roe_4q": 7.42,
            "gross_profit": 259487,
            "gross_margin": 3.05,
            "gross_margin_4q_avg": 3.31,
            "net_income": 16855,
            "revenue": 8500286,
            "common_shares": 1396240,
            "book_valuer_per_share": 17.46,
            "book_valuer_per_share_4q_avg": 17.25,
            "equity": 2440199,
            "current_ratio": 142.61,
            "debt_ratio": 67.37,
            "inventory_turnover_ratio": 3.92,
            "account_receivable_turnover_ratio": 2.3,
            "reinvestment_rate": -33.46,
            "research_to_sale_ratio": 0.02,
            "price_fair": 39.45,
            "eps_avg_yearly": 1.13,
            "eps_latest_yearly": 0.56,
            "eps_growth_yearly": 1052.6
        },
        "20174": {
            "year_quarter": 20174,
            "year": 2017,
            "quarter": 4,
            "eps": -0.17,
            "eps_growth_year": -123.26,
            "eps_4q": 0.5,
            "eps_4q_growth_year": 415.83,
            "roe": -1.19,
            "roe_4q": 2.25,
            "gross_profit": 195310,
            "gross_margin": 2.76,
            "gross_margin_4q_avg": 3.04,
            "net_income": -28867,
            "revenue": 7072928,
            "common_shares": 1396240,
            "book_valuer_per_share": 17.19,
            "book_valuer_per_share_4q_avg": 17.2,
            "equity": 2400261,
            "current_ratio": 151.06,
            "debt_ratio": 62.77,
            "inventory_turnover_ratio": 3.76,
            "account_receivable_turnover_ratio": 2.24,
            "reinvestment_rate": -8.24,
            "research_to_sale_ratio": 0.04,
            "price_fair": 39.45,
            "eps_avg_yearly": 1.13,
            "eps_latest_yearly": 0.56,
            "eps_growth_yearly": 1052.6
        },
        "20181": {
            "year_quarter": 20181,
            "year": 2018,
            "quarter": 1,
            "eps": -0.36,
            "eps_growth_year": -700,
            "eps_4q": 0.08,
            "eps_4q_growth_year": -24.79,
            "roe": -2.31,
            "roe_4q": -0.18999999999999995,
            "gross_profit": 150555,
            "gross_margin": 2.45,
            "gross_margin_4q_avg": 2.88,
            "net_income": -54698,
            "revenue": 6138992,
            "common_shares": 1396240,
            "book_valuer_per_share": 16.74,
            "book_valuer_per_share_4q_avg": 17.18,
            "equity": 2332938,
            "current_ratio": 148.68,
            "debt_ratio": 63.94,
            "inventory_turnover_ratio": 3.21,
            "account_receivable_turnover_ratio": 2.12,
            "reinvestment_rate": -6.99,
            "research_to_sale_ratio": 0.01,
            "price_fair": 39.45,
            "eps_avg_yearly": 1.13,
            "eps_latest_yearly": 0.56,
            "eps_growth_yearly": 1052.6
        },
        "20182": {
            "year_quarter": 20182,
            "year": 2018,
            "quarter": 2,
            "eps": 0.51,
            "eps_growth_year": 8.51,
            "eps_4q": 0.13,
            "eps_4q_growth_year": -75.95,
            "roe": 2.83,
            "roe_4q": 0.020000000000000018,
            "gross_profit": 202826,
            "gross_margin": 2.76,
            "gross_margin_4q_avg": 2.76,
            "net_income": 67683,
            "revenue": 7346795,
            "common_shares": 1396240,
            "book_valuer_per_share": 17.46,
            "book_valuer_per_share_4q_avg": 17.21,
            "equity": 2447581,
            "current_ratio": 151.68,
            "debt_ratio": 62.81,
            "inventory_turnover_ratio": 3.6,
            "account_receivable_turnover_ratio": 2.42,
            "reinvestment_rate": -12.2,
            "research_to_sale_ratio": 0,
            "price_fair": 39.45,
            "eps_avg_yearly": 1.13,
            "eps_latest_yearly": 0.56,
            "eps_growth_yearly": 1052.6
        },
        "20183": {
            "year_quarter": 20183,
            "year": 2018,
            "quarter": 3,
            "eps": -0.35,
            "eps_growth_year": -350,
            "eps_4q": -0.36,
            "eps_4q_growth_year": -126.35,
            "roe": -2.15,
            "roe_4q": -2.82,
            "gross_profit": 159868,
            "gross_margin": 2.15,
            "gross_margin_4q_avg": 2.53,
            "net_income": -51988,
            "revenue": 7438133,
            "common_shares": 1396240,
            "book_valuer_per_share": 17.11,
            "book_valuer_per_share_4q_avg": 17.13,
            "equity": 2396000,
            "current_ratio": 149.28,
            "debt_ratio": 63.95,
            "inventory_turnover_ratio": 3.71,
            "account_receivable_turnover_ratio": 2.34,
            "reinvestment_rate": -22.17,
            "research_to_sale_ratio": 0,
            "price_fair": 41.58,
            "eps_avg_yearly": 1.19,
            "eps_latest_yearly": 0.56,
            "eps_growth_yearly": 1093.86
        },
        "20184": {
            "year_quarter": 20184,
            "year": 2018,
            "quarter": 4,
            "eps": -0.69,
            "eps_growth_year": null,
            "eps_4q": -0.89,
            "eps_4q_growth_year": -276.31,
            "roe": -4.28,
            "roe_4q": -5.91,
            "gross_profit": 113747,
            "gross_margin": 2.13,
            "gross_margin_4q_avg": 2.37,
            "net_income": -100541,
            "revenue": 5338110,
            "common_shares": 1396240,
            "book_valuer_per_share": 16.45,
            "book_valuer_per_share_4q_avg": 16.94,
            "equity": 2299675,
            "current_ratio": 157.86,
            "debt_ratio": 60.2,
            "inventory_turnover_ratio": 2.6,
            "account_receivable_turnover_ratio": 1.83,
            "reinvestment_rate": -44.42,
            "research_to_sale_ratio": 0,
            "price_fair": 40.13,
            "eps_avg_yearly": 1.15,
            "eps_latest_yearly": 0.56,
            "eps_growth_yearly": 1126.52
        },
        "20191": {
            "year_quarter": 20191,
            "year": 2019,
            "quarter": 1,
            "eps": 0.03,
            "eps_growth_year": null,
            "eps_4q": -0.5,
            "eps_4q_growth_year": -708.23,
            "roe": 0.11,
            "roe_4q": -3.49,
            "gross_profit": 138946,
            "gross_margin": 2.72,
            "gross_margin_4q_avg": 2.44,
            "net_income": 2627,
            "revenue": 5114495,
            "common_shares": 1396240,
            "book_valuer_per_share": 16.52,
            "book_valuer_per_share_4q_avg": 16.89,
            "equity": 2307423,
            "current_ratio": 177.93,
            "debt_ratio": 52.91,
            "inventory_turnover_ratio": 3.15,
            "account_receivable_turnover_ratio": 2.01,
            "reinvestment_rate": -46.73,
            "research_to_sale_ratio": 0.13,
            "price_fair": 44.1,
            "eps_avg_yearly": 1.26,
            "eps_latest_yearly": 0.56,
            "eps_growth_yearly": 1309.64
        },
        "20192": {
            "year_quarter": 20192,
            "year": 2019,
            "quarter": 2,
            "eps": 0.25,
            "eps_growth_year": -50.98,
            "eps_4q": -0.76,
            "eps_4q_growth_year": -699.96,
            "roe": 1.42,
            "roe_4q": -4.9,
            "gross_profit": 204523,
            "gross_margin": 3.14,
            "gross_margin_4q_avg": 2.54,
            "net_income": 32965,
            "revenue": 6505410,
            "common_shares": 1396240,
            "book_valuer_per_share": 16.83,
            "book_valuer_per_share_4q_avg": 16.73,
            "equity": 2349458,
            "current_ratio": 159.97,
            "debt_ratio": 59.41,
            "inventory_turnover_ratio": 5.27,
            "account_receivable_turnover_ratio": 2.3,
            "reinvestment_rate": -31.29,
            "research_to_sale_ratio": 0,
            "price_fair": 47.6,
            "eps_avg_yearly": 1.36,
            "eps_latest_yearly": 1,
            "eps_growth_yearly": 1684.64
        },
        "20193": {
            "year_quarter": 20193,
            "year": 2019,
            "quarter": 3,
            "eps": 0.19,
            "eps_growth_year": null,
            "eps_4q": -0.22,
            "eps_4q_growth_year": null,
            "roe": 1.12,
            "roe_4q": -1.6300000000000003,
            "gross_profit": 235089,
            "gross_margin": 3.83,
            "gross_margin_4q_avg": 2.96,
            "net_income": 26388,
            "revenue": 6136096,
            "common_shares": 1396240,
            "book_valuer_per_share": 16.94,
            "book_valuer_per_share_4q_avg": 16.69,
            "equity": 2364789,
            "current_ratio": 155.58,
            "debt_ratio": 61.28,
            "inventory_turnover_ratio": 5.27,
            "account_receivable_turnover_ratio": 1.75,
            "reinvestment_rate": -72.42,
            "research_to_sale_ratio": 0,
            "price_fair": 30.28,
            "eps_avg_yearly": 0.87,
            "eps_latest_yearly": 0.76,
            "eps_growth_yearly": 542.64
        },
        "20194": {
            "year_quarter": 20194,
            "year": 2019,
            "quarter": 4,
            "eps": 0.12,
            "eps_growth_year": null,
            "eps_4q": 0.58,
            "eps_4q_growth_year": null,
            "roe": 0.73,
            "roe_4q": 3.38,
            "gross_profit": 161185,
            "gross_margin": 3.21,
            "gross_margin_4q_avg": 3.23,
            "net_income": 17206,
            "revenue": 5015187,
            "common_shares": 1396240,
            "book_valuer_per_share": 16.94,
            "book_valuer_per_share_4q_avg": 16.81,
            "equity": 2364836,
            "current_ratio": 156.03,
            "debt_ratio": 61.16,
            "inventory_turnover_ratio": 4.5,
            "account_receivable_turnover_ratio": 1.49,
            "reinvestment_rate": -148.14,
            "research_to_sale_ratio": 0,
            "price_fair": 23.63,
            "eps_avg_yearly": 0.68,
            "eps_latest_yearly": 0.48,
            "eps_growth_yearly": 553.03
        },
        "20201": {
            "year_quarter": 20201,
            "year": 2020,
            "quarter": 1,
            "eps": 0.4,
            "eps_growth_year": 1233.33,
            "eps_4q": 0.96,
            "eps_4q_growth_year": null,
            "roe": 2.37,
            "roe_4q": 5.640000000000001,
            "gross_profit": 270842,
            "gross_margin": 3.65,
            "gross_margin_4q_avg": 3.46,
            "net_income": 56226,
            "revenue": 7428286,
            "common_shares": 1396240,
            "book_valuer_per_share": 17,
            "book_valuer_per_share_4q_avg": 16.93,
            "equity": 2373969,
            "current_ratio": 141.76,
            "debt_ratio": 67.85,
            "inventory_turnover_ratio": 4.54,
            "account_receivable_turnover_ratio": 2.16,
            "reinvestment_rate": -63.86,
            "research_to_sale_ratio": 0,
            "price_fair": 29.58,
            "eps_avg_yearly": 0.85,
            "eps_latest_yearly": 1.6,
            "eps_growth_yearly": 713.7
        },
        "20202": {
            "year_quarter": 20202,
            "year": 2020,
            "quarter": 2,
            "eps": 0.2,
            "eps_growth_year": -20,
            "eps_4q": 0.89,
            "eps_4q_growth_year": null,
            "roe": 1.18,
            "roe_4q": 5.3999999999999995,
            "gross_profit": 186489,
            "gross_margin": 3.4,
            "gross_margin_4q_avg": 3.52,
            "net_income": 28079,
            "revenue": 5478973,
            "common_shares": 1396240,
            "book_valuer_per_share": 17.13,
            "book_valuer_per_share_4q_avg": 17,
            "equity": 2390972,
            "current_ratio": 150.45,
            "debt_ratio": 63.78,
            "inventory_turnover_ratio": 2.73,
            "account_receivable_turnover_ratio": 1.56,
            "reinvestment_rate": -49.08,
            "research_to_sale_ratio": null,
            "price_fair": 32.03,
            "eps_avg_yearly": 0.92,
            "eps_latest_yearly": 0.8,
            "eps_growth_yearly": 688.7
        },
        "20203": {
            "year_quarter": 20203,
            "year": 2020,
            "quarter": 3,
            "eps": 0.27,
            "eps_growth_year": 42.11,
            "eps_4q": 0.98,
            "eps_4q_growth_year": null,
            "roe": 1.61,
            "roe_4q": 5.890000000000001,
            "gross_profit": 210348,
            "gross_margin": 2.72,
            "gross_margin_4q_avg": 3.25,
            "net_income": 38825,
            "revenue": 7738959,
            "common_shares": 1424165,
            "book_valuer_per_share": 17.01,
            "book_valuer_per_share_4q_avg": 17.02,
            "equity": 2422471,
            "current_ratio": 150.64,
            "debt_ratio": 63.7,
            "inventory_turnover_ratio": 4.39,
            "account_receivable_turnover_ratio": 2.29,
            "reinvestment_rate": -19.6,
            "research_to_sale_ratio": 0.12,
            "price_fair": 32.67,
            "eps_avg_yearly": 0.93,
            "eps_latest_yearly": 1.08,
            "eps_growth_yearly": 627.73
        },
        "20204": {
            "year_quarter": 20204,
            "year": 2020,
            "quarter": 4,
            "eps": -0.16,
            "eps_growth_year": -237.29,
            "eps_4q": 0.71,
            "eps_4q_growth_year": 21.71,
            "roe": -1.12,
            "roe_4q": 4.04,
            "gross_profit": 172614,
            "gross_margin": 2.78,
            "gross_margin_4q_avg": 3.14,
            "net_income": -27010,
            "revenue": 6206355,
            "common_shares": 1424165,
            "book_valuer_per_share": 16.88,
            "book_valuer_per_share_4q_avg": 17.01,
            "equity": 2398991,
            "current_ratio": 155.02,
            "debt_ratio": 62.04,
            "inventory_turnover_ratio": 4.17,
            "account_receivable_turnover_ratio": 1.87,
            "reinvestment_rate": -20.97,
            "research_to_sale_ratio": 0.3,
            "price_fair": 32.67,
            "eps_avg_yearly": 0.93,
            "eps_latest_yearly": 1.08,
            "eps_growth_yearly": 627.73
        },
        "20211": {
            "year_quarter": 20211,
            "year": 2021,
            "quarter": 1,
            "eps": 0.3,
            "eps_growth_year": -25,
            "eps_4q": 0.61,
            "eps_4q_growth_year": -36.31,
            "roe": 1.76,
            "roe_4q": 3.4299999999999997,
            "gross_profit": 237010,
            "gross_margin": 3.46,
            "gross_margin_4q_avg": 3.09,
            "net_income": 42335,
            "revenue": 6852780,
            "common_shares": 1424165,
            "book_valuer_per_share": 16.88,
            "book_valuer_per_share_4q_avg": 16.98,
            "equity": 2399735,
            "current_ratio": 146.28,
            "debt_ratio": 65.85,
            "inventory_turnover_ratio": 4.26,
            "account_receivable_turnover_ratio": 2.06,
            "reinvestment_rate": -9.73,
            "research_to_sale_ratio": 0.26,
            "price_fair": 35.7,
            "eps_avg_yearly": 1.02,
            "eps_latest_yearly": 1.08,
            "eps_growth_yearly": 751.97
        },
        "20212": {
            "year_quarter": 20212,
            "year": 2021,
            "quarter": 2,
            "eps": 0.36,
            "eps_growth_year": 80,
            "eps_4q": 0.77,
            "eps_4q_growth_year": -13.2,
            "roe": 2.14,
            "roe_4q": 4.390000000000001,
            "gross_profit": 265366,
            "gross_margin": 3.21,
            "gross_margin_4q_avg": 3.04,
            "net_income": 51735,
            "revenue": 8260919,
            "common_shares": 1424165,
            "book_valuer_per_share": 17.06,
            "book_valuer_per_share_4q_avg": 16.96,
            "equity": 2425501,
            "current_ratio": 141.4,
            "debt_ratio": 68.29,
            "inventory_turnover_ratio": 3.9,
            "account_receivable_turnover_ratio": 2.34,
            "reinvestment_rate": 4.04,
            "research_to_sale_ratio": 0,
            "price_fair": 33.78,
            "eps_avg_yearly": 0.97,
            "eps_latest_yearly": 1.44,
            "eps_growth_yearly": 420.31
        },
        "20213": {
            "year_quarter": 20213,
            "year": 2021,
            "quarter": 3,
            "eps": 0.26,
            "eps_growth_year": -3.7,
            "eps_4q": 0.75,
            "eps_4q_growth_year": -23.61,
            "roe": 1.55,
            "roe_4q": 4.33,
            "gross_profit": 213714,
            "gross_margin": 3.38,
            "gross_margin_4q_avg": 3.21,
            "net_income": 37683,
            "revenue": 6320686,
            "common_shares": 1452648,
            "book_valuer_per_share": 16.9,
            "book_valuer_per_share_4q_avg": 16.93,
            "equity": 2450922,
            "current_ratio": 141.51,
            "debt_ratio": 68.36,
            "inventory_turnover_ratio": 2.46,
            "account_receivable_turnover_ratio": 1.77,
            "reinvestment_rate": 3.13,
            "research_to_sale_ratio": 0,
            "price_fair": 35.88,
            "eps_avg_yearly": 1.03,
            "eps_latest_yearly": 1.04,
            "eps_growth_yearly": 441.52
        },
        "20214": {
            "year_quarter": 20214,
            "year": 2021,
            "quarter": 4,
            "eps": 0.22,
            "eps_growth_year": null,
            "eps_4q": 1.13,
            "eps_4q_growth_year": 59.37,
            "roe": 1.32,
            "roe_4q": 6.77,
            "gross_profit": 243215,
            "gross_margin": 3.13,
            "gross_margin_4q_avg": 3.3,
            "net_income": 32626,
            "revenue": 7769328,
            "common_shares": 1452648,
            "book_valuer_per_share": 17.1,
            "book_valuer_per_share_4q_avg": 16.99,
            "equity": 2479116,
            "current_ratio": 138.4,
            "debt_ratio": 70.07,
            "inventory_turnover_ratio": 3.14,
            "account_receivable_turnover_ratio": 1.97,
            "reinvestment_rate": 0.44,
            "research_to_sale_ratio": 0,
            "price_fair": 35.31,
            "eps_avg_yearly": 1.01,
            "eps_latest_yearly": 0.88,
            "eps_growth_yearly": 385.63
        },
        "20221": {
            "year_quarter": 20221,
            "year": 2022,
            "quarter": 1,
            "eps": 0.73,
            "eps_growth_year": 143.33,
            "eps_4q": 1.57,
            "eps_4q_growth_year": 157.45,
            "roe": 4.18,
            "roe_4q": 9.19,
            "gross_profit": 267961,
            "gross_margin": 3.29,
            "gross_margin_4q_avg": 3.25,
            "net_income": 105992,
            "revenue": 8143806,
            "common_shares": 1452648,
            "book_valuer_per_share": 17.85,
            "book_valuer_per_share_4q_avg": 17.23,
            "equity": 2588009,
            "current_ratio": 134.84,
            "debt_ratio": 71.85,
            "inventory_turnover_ratio": 3.71,
            "account_receivable_turnover_ratio": 1.83,
            "reinvestment_rate": 11.45,
            "research_to_sale_ratio": 0,
            "price_fair": 42,
            "eps_avg_yearly": 1.2,
            "eps_latest_yearly": 2.92,
            "eps_growth_yearly": 439.79
        },
        "20222": {
            "year_quarter": 20222,
            "year": 2022,
            "quarter": 2,
            "eps": 0.17,
            "eps_growth_year": -52.78,
            "eps_4q": 1.35,
            "eps_4q_growth_year": 73.84,
            "roe": 0.93,
            "roe_4q": 7.9799999999999995,
            "gross_profit": 162575,
            "gross_margin": 2.69,
            "gross_margin_4q_avg": 3.12,
            "net_income": 24385,
            "revenue": 6036372,
            "common_shares": 1452648,
            "book_valuer_per_share": 18.18,
            "book_valuer_per_share_4q_avg": 17.51,
            "equity": 2636726,
            "current_ratio": 135.28,
            "debt_ratio": 71.7,
            "inventory_turnover_ratio": 2.37,
            "account_receivable_turnover_ratio": 1.33,
            "reinvestment_rate": 13.83,
            "research_to_sale_ratio": 0,
            "price_fair": 40.35,
            "eps_avg_yearly": 1.15,
            "eps_latest_yearly": 0.68,
            "eps_growth_yearly": 371.92
        },
        "20223": {
            "year_quarter": 20223,
            "year": 2022,
            "quarter": 3,
            "eps": 0,
            "eps_growth_year": -100,
            "eps_4q": 1.09,
            "eps_4q_growth_year": 45.77,
            "roe": 0,
            "roe_4q": 6.43,
            "gross_profit": 110117,
            "gross_margin": 2.26,
            "gross_margin_4q_avg": 2.84,
            "net_income": 32,
            "revenue": 4875962,
            "common_shares": 1488964,
            "book_valuer_per_share": 18.14,
            "book_valuer_per_share_4q_avg": 17.82,
            "equity": 2696125,
            "current_ratio": 146.16,
            "debt_ratio": 66.33,
            "inventory_turnover_ratio": 1.74,
            "account_receivable_turnover_ratio": 1.26,
            "reinvestment_rate": 15.41,
            "research_to_sale_ratio": 0,
            "price_fair": 40.35,
            "eps_avg_yearly": 1.15,
            "eps_latest_yearly": 0.68,
            "eps_growth_yearly": 371.92
        },
        "20224": {
            "year_quarter": 20224,
            "year": 2022,
            "quarter": 4,
            "eps": -0.87,
            "eps_growth_year": -486.68,
            "eps_4q": 0.01,
            "eps_4q_growth_year": -99.34,
            "roe": -4.91,
            "roe_4q": 0.19999999999999973,
            "gross_profit": 95858,
            "gross_margin": 2.2,
            "gross_margin_4q_avg": 2.61,
            "net_income": -129197,
            "revenue": 4361606,
            "common_shares": 1488964,
            "book_valuer_per_share": 17.25,
            "book_valuer_per_share_4q_avg": 17.86,
            "equity": 2564375,
            "current_ratio": 157.9,
            "debt_ratio": 60.32,
            "inventory_turnover_ratio": 2.02,
            "account_receivable_turnover_ratio": 1.39,
            "reinvestment_rate": 21.37,
            "research_to_sale_ratio": 0,
            "price_fair": 40.35,
            "eps_avg_yearly": 1.15,
            "eps_latest_yearly": 0.68,
            "eps_growth_yearly": 371.92
        },
        "20231": {
            "year_quarter": 20231,
            "year": 2023,
            "quarter": 1,
            "eps": -0.6,
            "eps_growth_year": -182.19,
            "eps_4q": -1.31,
            "eps_4q_growth_year": -183.29,
            "roe": -3.57,
            "roe_4q": -7.550000000000001,
            "gross_profit": 73968,
            "gross_margin": 2.03,
            "gross_margin_4q_avg": 2.3,
            "net_income": -89784,
            "revenue": 3639059,
            "common_shares": 1488964,
            "book_valuer_per_share": 16.56,
            "book_valuer_per_share_4q_avg": 17.53,
            "equity": 2461262,
            "current_ratio": 145.78,
            "debt_ratio": 65.47,
            "inventory_turnover_ratio": 2.27,
            "account_receivable_turnover_ratio": 1.34,
            "reinvestment_rate": 29.86,
            "research_to_sale_ratio": null,
            "price_fair": 40.35,
            "eps_avg_yearly": 1.15,
            "eps_latest_yearly": 0.68,
            "eps_growth_yearly": 371.92
        }
    },
    "months": {
        "2003-12": {
            "month": "2003-12",
            "price": "22.65",
            "revenue": 391330
        },
        "2004-01": {
            "month": "2004-01",
            "price": "16.87",
            "revenue": 245591
        },
        "2004-02": {
            "month": "2004-02",
            "price": "22.79",
            "revenue": 290042
        },
        "2004-03": {
            "month": "2004-03",
            "price": "26.49",
            "revenue": 307240
        },
        "2004-04": {
            "month": "2004-04",
            "price": "27.66",
            "revenue": 350266
        },
        "2004-05": {
            "month": "2004-05",
            "price": "27.00",
            "revenue": 362230
        },
        "2004-06": {
            "month": "2004-06",
            "price": "24.34",
            "revenue": 324875
        },
        "2004-07": {
            "month": "2004-07",
            "price": "18.68",
            "revenue": 329850
        },
        "2004-08": {
            "month": "2004-08",
            "price": "17.62",
            "revenue": 312316
        },
        "2004-09": {
            "month": "2004-09",
            "price": "16.83",
            "revenue": 286514
        },
        "2004-10": {
            "month": "2004-10",
            "price": "17.10",
            "revenue": 279912
        },
        "2004-11": {
            "month": "2004-11",
            "price": "16.90",
            "revenue": 375130
        },
        "2004-12": {
            "month": "2004-12",
            "price": "16.57",
            "revenue": 363344
        },
        "2005-01": {
            "month": "2005-01",
            "price": "18.32",
            "revenue": 257776
        },
        "2005-02": {
            "month": "2005-02",
            "price": "22.22",
            "revenue": 265879
        },
        "2005-03": {
            "month": "2005-03",
            "price": "22.37",
            "revenue": 395528
        },
        "2005-04": {
            "month": "2005-04",
            "price": "21.82",
            "revenue": 443216
        },
        "2005-05": {
            "month": "2005-05",
            "price": "17.96",
            "revenue": 436480
        },
        "2005-06": {
            "month": "2005-06",
            "price": "18.96",
            "revenue": 358133
        },
        "2005-07": {
            "month": "2005-07",
            "price": "21.00",
            "revenue": 397398
        },
        "2005-08": {
            "month": "2005-08",
            "price": "20.62",
            "revenue": 556954
        },
        "2005-09": {
            "month": "2005-09",
            "price": "21.47",
            "revenue": 694411
        },
        "2005-10": {
            "month": "2005-10",
            "price": "22.99",
            "revenue": 852871
        },
        "2005-11": {
            "month": "2005-11",
            "price": "24.57",
            "revenue": 1078423
        },
        "2005-12": {
            "month": "2005-12",
            "price": "36.43",
            "revenue": 602595
        },
        "2006-01": {
            "month": "2006-01",
            "price": "41.31",
            "revenue": 508313
        },
        "2006-02": {
            "month": "2006-02",
            "price": "33.89",
            "revenue": 490083
        },
        "2006-03": {
            "month": "2006-03",
            "price": "32.86",
            "revenue": 592783
        },
        "2006-04": {
            "month": "2006-04",
            "price": "32.74",
            "revenue": 644719
        },
        "2006-05": {
            "month": "2006-05",
            "price": "29.82",
            "revenue": 807552
        },
        "2006-06": {
            "month": "2006-06",
            "price": "24.44",
            "revenue": 746079
        },
        "2006-07": {
            "month": "2006-07",
            "price": "22.68",
            "revenue": 803479
        },
        "2006-08": {
            "month": "2006-08",
            "price": "24.90",
            "revenue": 848464
        },
        "2006-09": {
            "month": "2006-09",
            "price": "22.94",
            "revenue": 1106620
        },
        "2006-10": {
            "month": "2006-10",
            "price": "24.46",
            "revenue": 1436991
        },
        "2006-11": {
            "month": "2006-11",
            "price": "27.72",
            "revenue": 1325163
        },
        "2006-12": {
            "month": "2006-12",
            "price": "27.44",
            "revenue": 799306
        },
        "2007-01": {
            "month": "2007-01",
            "price": "25.24",
            "revenue": 718321
        },
        "2007-02": {
            "month": "2007-02",
            "price": "23.29",
            "revenue": 389174
        },
        "2007-03": {
            "month": "2007-03",
            "price": "24.61",
            "revenue": 868698
        },
        "2007-04": {
            "month": "2007-04",
            "price": "26.20",
            "revenue": 837239
        },
        "2007-05": {
            "month": "2007-05",
            "price": "25.52",
            "revenue": 908093
        },
        "2007-06": {
            "month": "2007-06",
            "price": "28.20",
            "revenue": 1026844
        },
        "2007-07": {
            "month": "2007-07",
            "price": "30.08",
            "revenue": 1012499
        },
        "2007-08": {
            "month": "2007-08",
            "price": "27.58",
            "revenue": 1476620
        },
        "2007-09": {
            "month": "2007-09",
            "price": "27.82",
            "revenue": 1381534
        },
        "2007-10": {
            "month": "2007-10",
            "price": "26.41",
            "revenue": 1275023
        },
        "2007-11": {
            "month": "2007-11",
            "price": "21.50",
            "revenue": 1114445
        },
        "2007-12": {
            "month": "2007-12",
            "price": "18.83",
            "revenue": 804183
        },
        "2008-01": {
            "month": "2008-01",
            "price": "17.22",
            "revenue": 1037788
        },
        "2008-02": {
            "month": "2008-02",
            "price": "14.90",
            "revenue": 687751
        },
        "2008-03": {
            "month": "2008-03",
            "price": "16.39",
            "revenue": 976281
        },
        "2008-04": {
            "month": "2008-04",
            "price": "17.67",
            "revenue": 800013
        },
        "2008-05": {
            "month": "2008-05",
            "price": "16.33",
            "revenue": 946045
        },
        "2008-06": {
            "month": "2008-06",
            "price": "13.91",
            "revenue": 711180
        },
        "2008-07": {
            "month": "2008-07",
            "price": "11.56",
            "revenue": 1180291
        },
        "2008-08": {
            "month": "2008-08",
            "price": "11.27",
            "revenue": 1191396
        },
        "2008-09": {
            "month": "2008-09",
            "price": "9.25",
            "revenue": 1263424
        },
        "2008-10": {
            "month": "2008-10",
            "price": "7.70",
            "revenue": 1430482
        },
        "2008-11": {
            "month": "2008-11",
            "price": "6.22",
            "revenue": 665221
        },
        "2008-12": {
            "month": "2008-12",
            "price": "5.27",
            "revenue": 371230
        },
        "2009-01": {
            "month": "2009-01",
            "price": "5.26",
            "revenue": 437351
        },
        "2009-02": {
            "month": "2009-02",
            "price": "5.60",
            "revenue": 480000
        },
        "2009-03": {
            "month": "2009-03",
            "price": "6.87",
            "revenue": 563794
        },
        "2009-04": {
            "month": "2009-04",
            "price": "9.40",
            "revenue": 547392
        },
        "2009-05": {
            "month": "2009-05",
            "price": "10.59",
            "revenue": 577515
        },
        "2009-06": {
            "month": "2009-06",
            "price": "11.01",
            "revenue": 658704
        },
        "2009-07": {
            "month": "2009-07",
            "price": "12.97",
            "revenue": 682407
        },
        "2009-08": {
            "month": "2009-08",
            "price": "15.37",
            "revenue": 768888
        },
        "2009-09": {
            "month": "2009-09",
            "price": "20.66",
            "revenue": 1233765
        },
        "2009-10": {
            "month": "2009-10",
            "price": "26.44",
            "revenue": 1147719
        },
        "2009-11": {
            "month": "2009-11",
            "price": "25.08",
            "revenue": 1230589
        },
        "2009-12": {
            "month": "2009-12",
            "price": "27.31",
            "revenue": 802735
        },
        "2010-01": {
            "month": "2010-01",
            "price": "24.31",
            "revenue": 1025220
        },
        "2010-02": {
            "month": "2010-02",
            "price": "21.65",
            "revenue": 954708
        },
        "2010-03": {
            "month": "2010-03",
            "price": "25.01",
            "revenue": 1461517
        },
        "2010-04": {
            "month": "2010-04",
            "price": "27.75",
            "revenue": 1721597
        },
        "2010-05": {
            "month": "2010-05",
            "price": "30.32",
            "revenue": 1646247
        },
        "2010-06": {
            "month": "2010-06",
            "price": "30.50",
            "revenue": 1712094
        },
        "2010-07": {
            "month": "2010-07",
            "price": "35.95",
            "revenue": 1943695
        },
        "2010-08": {
            "month": "2010-08",
            "price": "38.02",
            "revenue": 2467590
        },
        "2010-09": {
            "month": "2010-09",
            "price": "47.10",
            "revenue": 3068143
        },
        "2010-10": {
            "month": "2010-10",
            "price": "53.57",
            "revenue": 3020920
        },
        "2010-11": {
            "month": "2010-11",
            "price": "45.51",
            "revenue": 2814930
        },
        "2010-12": {
            "month": "2010-12",
            "price": "51.32",
            "revenue": 2175084
        },
        "2011-01": {
            "month": "2011-01",
            "price": "47.30",
            "revenue": 2345810
        },
        "2011-02": {
            "month": "2011-02",
            "price": "55.31",
            "revenue": 2022418
        },
        "2011-03": {
            "month": "2011-03",
            "price": "62.09",
            "revenue": 2601085
        },
        "2011-04": {
            "month": "2011-04",
            "price": "65.66",
            "revenue": 3501547
        },
        "2011-05": {
            "month": "2011-05",
            "price": "64.60",
            "revenue": 3360767
        },
        "2011-06": {
            "month": "2011-06",
            "price": "64.51",
            "revenue": 3000956
        },
        "2011-07": {
            "month": "2011-07",
            "price": "55.02",
            "revenue": 2455412
        },
        "2011-08": {
            "month": "2011-08",
            "price": "53.13",
            "revenue": 2273826
        },
        "2011-09": {
            "month": "2011-09",
            "price": "46.02",
            "revenue": 2783885
        },
        "2011-10": {
            "month": "2011-10",
            "price": "49.33",
            "revenue": 1891363
        },
        "2011-11": {
            "month": "2011-11",
            "price": "38.60",
            "revenue": 2177893
        },
        "2011-12": {
            "month": "2011-12",
            "price": "30.51",
            "revenue": 1787723
        },
        "2012-01": {
            "month": "2012-01",
            "price": "38.41",
            "revenue": 894519
        },
        "2012-02": {
            "month": "2012-02",
            "price": "49.16",
            "revenue": 2478697
        },
        "2012-03": {
            "month": "2012-03",
            "price": "53.05",
            "revenue": 4109367
        },
        "2012-04": {
            "month": "2012-04",
            "price": "44.24",
            "revenue": 3838972
        },
        "2012-05": {
            "month": "2012-05",
            "price": "38.32",
            "revenue": 4082492
        },
        "2012-06": {
            "month": "2012-06",
            "price": "35.68",
            "revenue": 2677797
        },
        "2012-07": {
            "month": "2012-07",
            "price": "28.95",
            "revenue": 1871386
        },
        "2012-08": {
            "month": "2012-08",
            "price": "27.80",
            "revenue": 1862815
        },
        "2012-09": {
            "month": "2012-09",
            "price": "29.20",
            "revenue": 2206358
        },
        "2012-10": {
            "month": "2012-10",
            "price": "27.07",
            "revenue": 1329473
        },
        "2012-11": {
            "month": "2012-11",
            "price": "22.85",
            "revenue": 918728
        },
        "2012-12": {
            "month": "2012-12",
            "price": "22.78",
            "revenue": 1195426
        },
        "2013-01": {
            "month": "2013-01",
            "price": "23.41",
            "revenue": 1159608
        },
        "2013-02": {
            "month": "2013-02",
            "price": "23.14",
            "revenue": 603104
        },
        "2013-03": {
            "month": "2013-03",
            "price": "22.57",
            "revenue": 765134
        },
        "2013-04": {
            "month": "2013-04",
            "price": "21.96",
            "revenue": 847887
        },
        "2013-05": {
            "month": "2013-05",
            "price": "23.06",
            "revenue": 955934
        },
        "2013-06": {
            "month": "2013-06",
            "price": "22.36",
            "revenue": 728853
        },
        "2013-07": {
            "month": "2013-07",
            "price": "21.75",
            "revenue": 927521
        },
        "2013-08": {
            "month": "2013-08",
            "price": "19.95",
            "revenue": 845080
        },
        "2013-09": {
            "month": "2013-09",
            "price": "16.76",
            "revenue": 1044054
        },
        "2013-10": {
            "month": "2013-10",
            "price": "16.58",
            "revenue": 1013234
        },
        "2013-11": {
            "month": "2013-11",
            "price": "14.05",
            "revenue": 1089827
        },
        "2013-12": {
            "month": "2013-12",
            "price": "14.59",
            "revenue": 1036163
        },
        "2014-01": {
            "month": "2014-01",
            "price": "15.41",
            "revenue": 808882
        },
        "2014-02": {
            "month": "2014-02",
            "price": "16.06",
            "revenue": 714212
        },
        "2014-03": {
            "month": "2014-03",
            "price": "15.95",
            "revenue": 1098308
        },
        "2014-04": {
            "month": "2014-04",
            "price": "15.51",
            "revenue": 1525992
        },
        "2014-05": {
            "month": "2014-05",
            "price": "15.50",
            "revenue": 1267544
        },
        "2014-06": {
            "month": "2014-06",
            "price": "15.70",
            "revenue": 767208
        },
        "2014-07": {
            "month": "2014-07",
            "price": "14.78",
            "revenue": 1039727
        },
        "2014-08": {
            "month": "2014-08",
            "price": "13.64",
            "revenue": 1154081
        },
        "2014-09": {
            "month": "2014-09",
            "price": "13.61",
            "revenue": 1581084
        },
        "2014-10": {
            "month": "2014-10",
            "price": "11.95",
            "revenue": 1623437
        },
        "2014-11": {
            "month": "2014-11",
            "price": "11.50",
            "revenue": 1350842
        },
        "2014-12": {
            "month": "2014-12",
            "price": "12.06",
            "revenue": 1307624
        },
        "2015-01": {
            "month": "2015-01",
            "price": "14.31",
            "revenue": 2585930
        },
        "2015-02": {
            "month": "2015-02",
            "price": "17.98",
            "revenue": 1109125
        },
        "2015-03": {
            "month": "2015-03",
            "price": "21.74",
            "revenue": 2116919
        },
        "2015-04": {
            "month": "2015-04",
            "price": "22.41",
            "revenue": 1743978
        },
        "2015-05": {
            "month": "2015-05",
            "price": "19.86",
            "revenue": 2411557
        },
        "2015-06": {
            "month": "2015-06",
            "price": "15.62",
            "revenue": 4357462
        },
        "2015-07": {
            "month": "2015-07",
            "price": "18.78",
            "revenue": 4244944
        },
        "2015-08": {
            "month": "2015-08",
            "price": "17.01",
            "revenue": 4330511
        },
        "2015-09": {
            "month": "2015-09",
            "price": "17.17",
            "revenue": 5163976
        },
        "2015-10": {
            "month": "2015-10",
            "price": "19.48",
            "revenue": 5532942
        },
        "2015-11": {
            "month": "2015-11",
            "price": "27.19",
            "revenue": 3510815
        },
        "2015-12": {
            "month": "2015-12",
            "price": "19.32",
            "revenue": 4023384
        },
        "2016-01": {
            "month": "2016-01",
            "price": "18.74",
            "revenue": 2496189
        },
        "2016-02": {
            "month": "2016-02",
            "price": "18.93",
            "revenue": 1432509
        },
        "2016-03": {
            "month": "2016-03",
            "price": "21.91",
            "revenue": 2298451
        },
        "2016-04": {
            "month": "2016-04",
            "price": "21.36",
            "revenue": 2207870
        },
        "2016-05": {
            "month": "2016-05",
            "price": "19.06",
            "revenue": 1997114
        },
        "2016-06": {
            "month": "2016-06",
            "price": "18.66",
            "revenue": 2476621
        },
        "2016-07": {
            "month": "2016-07",
            "price": "19.22",
            "revenue": 2270859
        },
        "2016-08": {
            "month": "2016-08",
            "price": "18.87",
            "revenue": 3356603
        },
        "2016-09": {
            "month": "2016-09",
            "price": "17.10",
            "revenue": 2844982
        },
        "2016-10": {
            "month": "2016-10",
            "price": "14.75",
            "revenue": 2809779
        },
        "2016-11": {
            "month": "2016-11",
            "price": "12.64",
            "revenue": 3084487
        },
        "2016-12": {
            "month": "2016-12",
            "price": "13.96",
            "revenue": 2844099
        },
        "2017-01": {
            "month": "2017-01",
            "price": "14.26",
            "revenue": 2505588
        },
        "2017-02": {
            "month": "2017-02",
            "price": "15.44",
            "revenue": 2115129
        },
        "2017-03": {
            "month": "2017-03",
            "price": "16.63",
            "revenue": 2434212
        },
        "2017-04": {
            "month": "2017-04",
            "price": "15.94",
            "revenue": 2206868
        },
        "2017-05": {
            "month": "2017-05",
            "price": "15.31",
            "revenue": 3082519
        },
        "2017-06": {
            "month": "2017-06",
            "price": "15.67",
            "revenue": 2739632
        },
        "2017-07": {
            "month": "2017-07",
            "price": "15.57",
            "revenue": 2627789
        },
        "2017-08": {
            "month": "2017-08",
            "price": "15.38",
            "revenue": 2652563
        },
        "2017-09": {
            "month": "2017-09",
            "price": "16.33",
            "revenue": 3206173
        },
        "2017-10": {
            "month": "2017-10",
            "price": "15.76",
            "revenue": 2583247
        },
        "2017-11": {
            "month": "2017-11",
            "price": "15.85",
            "revenue": 2333943
        },
        "2017-12": {
            "month": "2017-12",
            "price": "14.91",
            "revenue": 2162462
        },
        "2018-01": {
            "month": "2018-01",
            "price": "14.86",
            "revenue": 2348972
        },
        "2018-02": {
            "month": "2018-02",
            "price": "13.44",
            "revenue": 1713738
        },
        "2018-03": {
            "month": "2018-03",
            "price": "13.43",
            "revenue": 2078742
        },
        "2018-04": {
            "month": "2018-04",
            "price": "12.72",
            "revenue": 2441797
        },
        "2018-05": {
            "month": "2018-05",
            "price": "12.20",
            "revenue": 2383046
        },
        "2018-06": {
            "month": "2018-06",
            "price": "13.48",
            "revenue": 2519343
        },
        "2018-07": {
            "month": "2018-07",
            "price": "12.43",
            "revenue": 2363137
        },
        "2018-08": {
            "month": "2018-08",
            "price": "12.64",
            "revenue": 2623238
        },
        "2018-09": {
            "month": "2018-09",
            "price": "12.59",
            "revenue": 2453281
        },
        "2018-10": {
            "month": "2018-10",
            "price": "10.40",
            "revenue": 2245459
        },
        "2018-11": {
            "month": "2018-11",
            "price": "10.12",
            "revenue": 1680676
        },
        "2018-12": {
            "month": "2018-12",
            "price": "9.75",
            "revenue": 1395081
        },
        "2019-01": {
            "month": "2019-01",
            "price": "9.36",
            "revenue": 2163648
        },
        "2019-02": {
            "month": "2019-02",
            "price": "9.79",
            "revenue": 1133096
        },
        "2019-03": {
            "month": "2019-03",
            "price": "10.13",
            "revenue": 1819342
        },
        "2019-04": {
            "month": "2019-04",
            "price": "9.82",
            "revenue": 2240430
        },
        "2019-05": {
            "month": "2019-05",
            "price": "9.09",
            "revenue": 2180918
        },
        "2019-06": {
            "month": "2019-06",
            "price": "8.94",
            "revenue": 2082212
        },
        "2019-07": {
            "month": "2019-07",
            "price": "9.16",
            "revenue": 2052238
        },
        "2019-08": {
            "month": "2019-08",
            "price": "9.18",
            "revenue": 2054607
        },
        "2019-09": {
            "month": "2019-09",
            "price": "10.39",
            "revenue": 2037312
        },
        "2019-10": {
            "month": "2019-10",
            "price": "11.43",
            "revenue": 1683943
        },
        "2019-11": {
            "month": "2019-11",
            "price": "10.79",
            "revenue": 1587577
        },
        "2019-12": {
            "month": "2019-12",
            "price": "11.21",
            "revenue": 1752829
        },
        "2020-01": {
            "month": "2020-01",
            "price": "10.82",
            "revenue": 2043402
        },
        "2020-02": {
            "month": "2020-02",
            "price": "10.51",
            "revenue": 2110378
        },
        "2020-03": {
            "month": "2020-03",
            "price": "9.05",
            "revenue": 3304659
        },
        "2020-04": {
            "month": "2020-04",
            "price": "10.42",
            "revenue": 1675353
        },
        "2020-05": {
            "month": "2020-05",
            "price": "11.68",
            "revenue": 1701113
        },
        "2020-06": {
            "month": "2020-06",
            "price": "12.31",
            "revenue": 2095796
        },
        "2020-07": {
            "month": "2020-07",
            "price": "12.12",
            "revenue": 2760852
        },
        "2020-08": {
            "month": "2020-08",
            "price": "12.21",
            "revenue": 2211682
        },
        "2020-09": {
            "month": "2020-09",
            "price": "12.28",
            "revenue": 2757741
        },
        "2020-10": {
            "month": "2020-10",
            "price": "11.93",
            "revenue": 2432505
        },
        "2020-11": {
            "month": "2020-11",
            "price": "12.55",
            "revenue": 1576350
        },
        "2020-12": {
            "month": "2020-12",
            "price": "13.01",
            "revenue": 2193359
        },
        "2021-01": {
            "month": "2021-01",
            "price": "13.12",
            "revenue": 2294738
        },
        "2021-02": {
            "month": "2021-02",
            "price": "12.65",
            "revenue": 2059800
        },
        "2021-03": {
            "month": "2021-03",
            "price": "13.22",
            "revenue": 2554170
        },
        "2021-04": {
            "month": "2021-04",
            "price": "14.86",
            "revenue": 2503965
        },
        "2021-05": {
            "month": "2021-05",
            "price": "12.43",
            "revenue": 3227734
        },
        "2021-06": {
            "month": "2021-06",
            "price": "13.64",
            "revenue": 2480437
        },
        "2021-07": {
            "month": "2021-07",
            "price": "14.61",
            "revenue": 2113569
        },
        "2021-08": {
            "month": "2021-08",
            "price": "13.89",
            "revenue": 2037079
        },
        "2021-09": {
            "month": "2021-09",
            "price": "13.18",
            "revenue": 2172984
        },
        "2021-10": {
            "month": "2021-10",
            "price": "12.40",
            "revenue": 1774647
        },
        "2021-11": {
            "month": "2021-11",
            "price": "12.97",
            "revenue": 3694665
        },
        "2021-12": {
            "month": "2021-12",
            "price": "14.60",
            "revenue": 2270454
        },
        "2022-01": {
            "month": "2022-01",
            "price": "14.11",
            "revenue": 2765641
        },
        "2022-02": {
            "month": "2022-02",
            "price": "13.76",
            "revenue": 2201734
        },
        "2022-03": {
            "month": "2022-03",
            "price": "13.36",
            "revenue": 3214948
        },
        "2022-04": {
            "month": "2022-04",
            "price": "12.93",
            "revenue": 2408093
        },
        "2022-05": {
            "month": "2022-05",
            "price": "14.02",
            "revenue": 1946635
        },
        "2022-06": {
            "month": "2022-06",
            "price": "14.09",
            "revenue": 1643127
        },
        "2022-07": {
            "month": "2022-07",
            "price": "12.89",
            "revenue": 1569918
        },
        "2022-08": {
            "month": "2022-08",
            "price": "13.30",
            "revenue": 1540621
        },
        "2022-09": {
            "month": "2022-09",
            "price": "12.79",
            "revenue": 1765421
        },
        "2022-10": {
            "month": "2022-10",
            "price": "11.41",
            "revenue": 1847707
        },
        "2022-11": {
            "month": "2022-11",
            "price": "11.61",
            "revenue": 1478739
        },
        "2022-12": {
            "month": "2022-12",
            "price": "11.91",
            "revenue": 973598
        },
        "2023-01": {
            "month": "2023-01",
            "price": "11.70",
            "revenue": 902105
        },
        "2023-02": {
            "month": "2023-02",
            "price": "11.92",
            "revenue": 1114863
        },
        "2023-03": {
            "month": "2023-03",
            "price": "11.64",
            "revenue": 1622091
        },
        "2023-04": {
            "month": "2023-04",
            "price": "11.52",
            "revenue": 2420453
        },
        "2023-05": {
            "month": "2023-05",
            "price": "11.40",
            "revenue": 1668442
        }
    }
}
