{
    "summary": {
        "stock_name": "常珵",
        "stock_id": "8097",
        "category": "通信網路",
        "main_business": "通訊設備<br>物聯網",
        "website_url": "http://www.atwtechnology.com",
        "ceo": "黃南豪",
        "pe_ratio": 25,
        "report_year_from": 2001,
        "report_year_to": 2023,
        "age": 22,
        "eps_negative_percentage": 71,
        "eps_growth_avg": {
            "last_all": -21.91,
            "last_2y": null,
            "last_4y": -100,
            "last_8y": 0,
            "last_12y": 0,
            "last_16y": 0,
            "last_20y": null,
            "at_2006_last_3y": null,
            "at_2007_last_3y": -43.83,
            "at_2008_last_3y": -100,
            "at_2009_last_3y": null,
            "at_2010_last_3y": null,
            "at_2011_last_3y": null,
            "at_2012_last_3y": null,
            "at_2013_last_3y": null,
            "at_2014_last_3y": null,
            "at_2015_last_3y": null,
            "at_2016_last_3y": null,
            "at_2017_last_3y": 100,
            "at_2018_last_3y": 0,
            "at_2019_last_3y": 0,
            "at_2020_last_3y": 0,
            "at_2021_last_3y": -100,
            "at_2022_last_3y": null,
            "at_2023_last_3y": null,
            "at_2006_last_all": -43.83,
            "at_2007_last_all": -43.83,
            "at_2008_last_all": -43.83,
            "at_2009_last_all": -43.83,
            "at_2010_last_all": -43.83,
            "at_2011_last_all": -43.83,
            "at_2012_last_all": -43.83,
            "at_2013_last_all": -43.83,
            "at_2014_last_all": -43.83,
            "at_2015_last_all": -43.83,
            "at_2016_last_all": -43.83,
            "at_2017_last_all": 4.11,
            "at_2018_last_all": -21.91,
            "at_2019_last_all": -21.91,
            "at_2020_last_all": -21.91,
            "at_2021_last_all": -21.91,
            "at_2022_last_all": -21.91,
            "at_2023_last_all": -21.91
        },
        "latest_eps": 1.84,
        "latest_price": 45.2,
        "latest_roe": 10.54,
        "latest_gross_margin": 12.64,
        "latest_equity": 1672910,
        "latest_revenue": 87239,
        "latest_gross_profit": 11024,
        "latest_net_income": 4284,
        "latest_debt_ratio": 11.22,
        "latest_current_ratio": 682.48,
        "latest_account_receivable_turnover_ratio": 0.48,
        "latest_inventory_turnover_ratio": 15.25,
        "latest_reinvestment_rate": 1.74,
        "latest_research_to_sale_ratio": 9.02
    },
    "eps_dividends": {
        "2001": {
            "cash": 0,
            "stock": 0,
            "eps": 0
        },
        "2002": {
            "cash": 0,
            "stock": 0,
            "eps": 0
        },
        "2003": {
            "cash": 0.5,
            "stock": 1,
            "eps": 2.35
        },
        "2004": {
            "cash": 0.7,
            "stock": 1,
            "eps": 2.64
        },
        "2005": {
            "cash": 0.85,
            "stock": 0.85,
            "eps": -0.55
        },
        "2006": {
            "cash": 0,
            "stock": 0,
            "eps": -1.78
        },
        "2007": {
            "cash": 0,
            "stock": 0,
            "eps": -5.82
        },
        "2008": {
            "cash": 0,
            "stock": 0,
            "eps": -1.88
        },
        "2009": {
            "cash": 0,
            "stock": 0,
            "eps": -2.9
        },
        "2010": {
            "cash": 0,
            "stock": 0,
            "eps": -2.26
        },
        "2011": {
            "cash": 0,
            "stock": 0,
            "eps": -1.65
        },
        "2012": {
            "cash": 0,
            "stock": 0,
            "eps": -0.32
        },
        "2013": {
            "cash": 0,
            "stock": 0,
            "eps": -4.75
        },
        "2014": {
            "cash": 0,
            "stock": 0,
            "eps": -2.81
        },
        "2015": {
            "cash": 0,
            "stock": 0,
            "eps": -1.18
        },
        "2016": {
            "cash": 0,
            "stock": 0,
            "eps": 0.65
        },
        "2017": {
            "cash": 0,
            "stock": 0,
            "eps": 3.32
        },
        "2018": {
            "cash": 0,
            "stock": 0,
            "eps": -0.01
        },
        "2019": {
            "cash": 0,
            "stock": 0,
            "eps": -1.87
        },
        "2020": {
            "cash": 0,
            "stock": 0,
            "eps": -0.37
        },
        "2021": {
            "cash": 0,
            "stock": 0,
            "eps": -0.3
        },
        "2022": {
            "cash": 0,
            "stock": 0,
            "eps": 6.14
        },
        "2023": {
            "cash": 2.28,
            "stock": 0,
            "eps": 0.16
        }
    },
    "dividends": {
        "2003-06-09": {
            "cash": 0.5,
            "stock": 1
        },
        "2004-03-10": {
            "cash": 0.7,
            "stock": 1
        },
        "2005-03-24": {
            "cash": 0.85,
            "stock": 0.85
        },
        "2023-08-07": {
            "cash": 2.28,
            "stock": 0
        }
    },
    "prices": {
        "200101": "無",
        "200102": "無",
        "200103": "無",
        "200104": "無",
        "200105": "無",
        "200106": "無",
        "200107": "無",
        "200108": "無",
        "200109": "無",
        "200110": "無",
        "200111": "無",
        "200112": "無",
        "200201": "無",
        "200202": "無",
        "200203": "無",
        "200204": "無",
        "200205": "無",
        "200206": "無",
        "200207": "無",
        "200208": "無",
        "200209": "無",
        "200210": "無",
        "200211": "無",
        "200212": "無",
        "200301": "無",
        "200302": "無",
        "200303": "無",
        "200304": "無",
        "200305": "無",
        "200306": "無",
        "200307": "無",
        "200308": "無",
        "200309": "無",
        "200310": "無",
        "200311": "無",
        "200312": "25.88",
        "200401": "27.80",
        "200402": "32.91",
        "200403": "32.07",
        "200404": "30.56",
        "200405": "27.81",
        "200406": "27.02",
        "200407": "24.27",
        "200408": "21.83",
        "200409": "22.53",
        "200410": "22.46",
        "200411": "20.11",
        "200412": "18.89",
        "200501": "18.60",
        "200502": "20.71",
        "200503": "25.79",
        "200504": "23.36",
        "200505": "21.37",
        "200506": "24.60",
        "200507": "26.42",
        "200508": "22.38",
        "200509": "22.70",
        "200510": "20.80",
        "200511": "19.66",
        "200512": "19.84",
        "200601": "19.09",
        "200602": "18.66",
        "200603": "20.80",
        "200604": "20.82",
        "200605": "19.06",
        "200606": "16.12",
        "200607": "16.34",
        "200608": "14.76",
        "200609": "13.17",
        "200610": "13.77",
        "200611": "13.00",
        "200612": "16.35",
        "200701": "17.56",
        "200702": "15.79",
        "200703": "16.55",
        "200704": "16.35",
        "200705": "14.57",
        "200706": "15.46",
        "200707": "15.96",
        "200708": "17.37",
        "200709": "14.43",
        "200710": "14.28",
        "200711": "11.19",
        "200712": "11.35",
        "200801": "11.44",
        "200802": "9.18",
        "200803": "9.48",
        "200804": "9.50",
        "200805": "8.30",
        "200806": "6.57",
        "200807": "6.01",
        "200808": "5.47",
        "200809": "3.89",
        "200810": "3.34",
        "200811": "2.67",
        "200812": "2.32",
        "200901": "2.31",
        "200902": "2.31",
        "200903": "2.84",
        "200904": "3.83",
        "200905": "3.70",
        "200906": "3.35",
        "200907": "3.53",
        "200908": "3.72",
        "200909": "4.25",
        "200910": "4.96",
        "200911": "5.97",
        "200912": "5.89",
        "201001": "6.85",
        "201002": "6.31",
        "201003": "6.60",
        "201004": "6.90",
        "201005": "6.08",
        "201006": "7.46",
        "201007": "9.20",
        "201008": "8.55",
        "201009": "7.09",
        "201010": "6.22",
        "201011": "6.08",
        "201012": "8.45",
        "201101": "7.33",
        "201102": "7.32",
        "201103": "6.80",
        "201104": "6.25",
        "201105": "3.71",
        "201106": "3.04",
        "201107": "3.14",
        "201108": "2.86",
        "201109": "3.04",
        "201110": "4.17",
        "201111": "5.66",
        "201112": "6.73",
        "201201": "6.46",
        "201202": "6.50",
        "201203": "6.53",
        "201204": "5.61",
        "201205": "5.32",
        "201206": "5.52",
        "201207": "5.23",
        "201208": "5.01",
        "201209": "5.12",
        "201210": "11.94",
        "201211": "11.68",
        "201212": "10.70",
        "201301": "10.86",
        "201302": "11.50",
        "201303": "11.20",
        "201304": "8.93",
        "201305": "9.83",
        "201306": "8.94",
        "201307": "8.48",
        "201308": "7.86",
        "201309": "7.82",
        "201310": "7.41",
        "201311": "6.95",
        "201312": "6.94",
        "201401": "8.25",
        "201402": "8.66",
        "201403": "8.80",
        "201404": "8.15",
        "201405": "9.52",
        "201406": "18.15",
        "201407": "19.70",
        "201408": "15.79",
        "201409": "18.19",
        "201410": "18.30",
        "201411": "15.81",
        "201412": "11.78",
        "201501": "9.54",
        "201502": "9.43",
        "201503": "14.54",
        "201504": "19.11",
        "201505": "18.27",
        "201506": "18.49",
        "201507": "17.14",
        "201508": "14.91",
        "201509": "14.15",
        "201510": "13.51",
        "201511": "12.66",
        "201512": "11.06",
        "201601": "9.00",
        "201602": "8.42",
        "201603": "10.74",
        "201604": "13.20",
        "201605": "13.65",
        "201606": "13.36",
        "201607": "14.33",
        "201608": "13.37",
        "201609": "12.62",
        "201610": "11.32",
        "201611": "10.65",
        "201612": "12.22",
        "201701": "12.54",
        "201702": "12.51",
        "201703": "12.84",
        "201704": "12.05",
        "201705": "11.92",
        "201706": "11.91",
        "201707": "11.62",
        "201708": "11.07",
        "201709": "10.99",
        "201710": "10.75",
        "201711": "10.66",
        "201712": "10.96",
        "201801": "10.87",
        "201802": "10.03",
        "201803": "11.18",
        "201804": "13.55",
        "201805": "11.95",
        "201806": "16.65",
        "201807": "16.28",
        "201808": "15.47",
        "201809": "14.53",
        "201810": "11.29",
        "201811": "10.09",
        "201812": "10.11",
        "201901": "11.09",
        "201902": "11.57",
        "201903": "12.10",
        "201904": "11.70",
        "201905": "10.70",
        "201906": "10.21",
        "201907": "9.92",
        "201908": "10.67",
        "201909": "12.92",
        "201910": "16.51",
        "201911": "15.34",
        "201912": "15.50",
        "202001": "14.09",
        "202002": "14.23",
        "202003": "12.18",
        "202004": "11.40",
        "202005": "12.78",
        "202006": "12.47",
        "202007": "12.14",
        "202008": "12.31",
        "202009": "12.18",
        "202010": "11.68",
        "202011": "11.40",
        "202012": "12.55",
        "202101": "14.61",
        "202102": "16.38",
        "202103": "17.84",
        "202104": "19.13",
        "202105": "22.45",
        "202106": "25.78",
        "202107": "28.59",
        "202108": "25.22",
        "202109": "25.36",
        "202110": "20.67",
        "202111": "24.68",
        "202112": "31.53",
        "202201": "32.79",
        "202202": "39.49",
        "202203": "39.41",
        "202204": "45.34",
        "202205": "57.45",
        "202206": "81.17",
        "202207": "74.09",
        "202208": "80.95",
        "202209": "75.92",
        "202210": "61.93",
        "202211": "61.49",
        "202212": "63.84",
        "202301": "60.15",
        "202302": "59.41",
        "202303": "51.23",
        "202304": "47.84",
        "202305": "56.16",
        "202306": "58.34",
        "202307": "51.77",
        "202308": "51.82",
        "202309": "53.70",
        "202310": "44.64"
    },
    "quarters": {
        "20011": {
            "year_quarter": 20011,
            "year": 2001,
            "quarter": 1,
            "eps": null,
            "eps_growth_year": null,
            "eps_4q": null,
            "eps_4q_growth_year": null,
            "roe": null,
            "roe_4q": 0,
            "gross_profit": null,
            "gross_margin": null,
            "gross_margin_4q_avg": 0,
            "net_income": null,
            "net_income_4q": null,
            "revenue": null,
            "revenue_4q": null,
            "common_shares": null,
            "book_valuer_per_share": null,
            "book_valuer_per_share_4q_avg": 0,
            "equity": null,
            "current_ratio": null,
            "debt_ratio": null,
            "inventory_turnover_ratio": null,
            "account_receivable_turnover_ratio": null,
            "reinvestment_rate": null,
            "research_to_sale_ratio": null,
            "price_fair": 0,
            "eps_avg_yearly": 0,
            "eps_latest_yearly": 0,
            "eps_growth_yearly": 0
        },
        "20012": {
            "year_quarter": 20012,
            "year": 2001,
            "quarter": 2,
            "eps": null,
            "eps_growth_year": null,
            "eps_4q": null,
            "eps_4q_growth_year": null,
            "roe": null,
            "roe_4q": 0,
            "gross_profit": null,
            "gross_margin": null,
            "gross_margin_4q_avg": 0,
            "net_income": null,
            "net_income_4q": null,
            "revenue": null,
            "revenue_4q": null,
            "common_shares": null,
            "book_valuer_per_share": null,
            "book_valuer_per_share_4q_avg": 0,
            "equity": null,
            "current_ratio": null,
            "debt_ratio": null,
            "inventory_turnover_ratio": null,
            "account_receivable_turnover_ratio": null,
            "reinvestment_rate": null,
            "research_to_sale_ratio": null,
            "price_fair": 0,
            "eps_avg_yearly": 0,
            "eps_latest_yearly": 0,
            "eps_growth_yearly": 0
        },
        "20013": {
            "year_quarter": 20013,
            "year": 2001,
            "quarter": 3,
            "eps": null,
            "eps_growth_year": null,
            "eps_4q": null,
            "eps_4q_growth_year": null,
            "roe": null,
            "roe_4q": 0,
            "gross_profit": null,
            "gross_margin": null,
            "gross_margin_4q_avg": 0,
            "net_income": null,
            "net_income_4q": null,
            "revenue": null,
            "revenue_4q": null,
            "common_shares": null,
            "book_valuer_per_share": null,
            "book_valuer_per_share_4q_avg": 0,
            "equity": null,
            "current_ratio": null,
            "debt_ratio": null,
            "inventory_turnover_ratio": null,
            "account_receivable_turnover_ratio": null,
            "reinvestment_rate": null,
            "research_to_sale_ratio": null,
            "price_fair": 0,
            "eps_avg_yearly": 0,
            "eps_latest_yearly": 0,
            "eps_growth_yearly": 0
        },
        "20014": {
            "year_quarter": 20014,
            "year": 2001,
            "quarter": 4,
            "eps": null,
            "eps_growth_year": null,
            "eps_4q": null,
            "eps_4q_growth_year": null,
            "roe": null,
            "roe_4q": 0,
            "gross_profit": null,
            "gross_margin": null,
            "gross_margin_4q_avg": 0,
            "net_income": null,
            "net_income_4q": null,
            "revenue": null,
            "revenue_4q": null,
            "common_shares": 260000,
            "book_valuer_per_share": 12.25,
            "book_valuer_per_share_4q_avg": 3.06,
            "equity": 318553,
            "current_ratio": 167.03,
            "debt_ratio": 43.77,
            "inventory_turnover_ratio": null,
            "account_receivable_turnover_ratio": null,
            "reinvestment_rate": null,
            "research_to_sale_ratio": null,
            "price_fair": 0,
            "eps_avg_yearly": 0,
            "eps_latest_yearly": 0,
            "eps_growth_yearly": 0
        },
        "20021": {
            "year_quarter": 20021,
            "year": 2002,
            "quarter": 1,
            "eps": null,
            "eps_growth_year": null,
            "eps_4q": null,
            "eps_4q_growth_year": null,
            "roe": null,
            "roe_4q": 0,
            "gross_profit": null,
            "gross_margin": null,
            "gross_margin_4q_avg": 0,
            "net_income": null,
            "net_income_4q": null,
            "revenue": null,
            "revenue_4q": null,
            "common_shares": null,
            "book_valuer_per_share": null,
            "book_valuer_per_share_4q_avg": 3.06,
            "equity": null,
            "current_ratio": null,
            "debt_ratio": null,
            "inventory_turnover_ratio": null,
            "account_receivable_turnover_ratio": null,
            "reinvestment_rate": null,
            "research_to_sale_ratio": null,
            "price_fair": 0,
            "eps_avg_yearly": 0,
            "eps_latest_yearly": 0,
            "eps_growth_yearly": 0
        },
        "20022": {
            "year_quarter": 20022,
            "year": 2002,
            "quarter": 2,
            "eps": null,
            "eps_growth_year": null,
            "eps_4q": null,
            "eps_4q_growth_year": null,
            "roe": null,
            "roe_4q": 0,
            "gross_profit": null,
            "gross_margin": null,
            "gross_margin_4q_avg": 0,
            "net_income": null,
            "net_income_4q": null,
            "revenue": null,
            "revenue_4q": null,
            "common_shares": null,
            "book_valuer_per_share": null,
            "book_valuer_per_share_4q_avg": 3.06,
            "equity": null,
            "current_ratio": null,
            "debt_ratio": null,
            "inventory_turnover_ratio": null,
            "account_receivable_turnover_ratio": null,
            "reinvestment_rate": null,
            "research_to_sale_ratio": null,
            "price_fair": 0,
            "eps_avg_yearly": 0,
            "eps_latest_yearly": 0,
            "eps_growth_yearly": 0
        },
        "20023": {
            "year_quarter": 20023,
            "year": 2002,
            "quarter": 3,
            "eps": null,
            "eps_growth_year": null,
            "eps_4q": null,
            "eps_4q_growth_year": null,
            "roe": null,
            "roe_4q": 0,
            "gross_profit": null,
            "gross_margin": null,
            "gross_margin_4q_avg": 0,
            "net_income": null,
            "net_income_4q": null,
            "revenue": null,
            "revenue_4q": null,
            "common_shares": null,
            "book_valuer_per_share": null,
            "book_valuer_per_share_4q_avg": 3.06,
            "equity": null,
            "current_ratio": null,
            "debt_ratio": null,
            "inventory_turnover_ratio": null,
            "account_receivable_turnover_ratio": null,
            "reinvestment_rate": null,
            "research_to_sale_ratio": null,
            "price_fair": 0,
            "eps_avg_yearly": 0,
            "eps_latest_yearly": 0,
            "eps_growth_yearly": 0
        },
        "20024": {
            "year_quarter": 20024,
            "year": 2002,
            "quarter": 4,
            "eps": null,
            "eps_growth_year": null,
            "eps_4q": null,
            "eps_4q_growth_year": null,
            "roe": null,
            "roe_4q": 0,
            "gross_profit": null,
            "gross_margin": null,
            "gross_margin_4q_avg": 0,
            "net_income": null,
            "net_income_4q": null,
            "revenue": null,
            "revenue_4q": null,
            "common_shares": 280000,
            "book_valuer_per_share": 13.58,
            "book_valuer_per_share_4q_avg": 3.4,
            "equity": 380343,
            "current_ratio": 214.52,
            "debt_ratio": 33.13,
            "inventory_turnover_ratio": null,
            "account_receivable_turnover_ratio": null,
            "reinvestment_rate": null,
            "research_to_sale_ratio": null,
            "price_fair": 0,
            "eps_avg_yearly": 0,
            "eps_latest_yearly": 0,
            "eps_growth_yearly": 0
        },
        "20031": {
            "year_quarter": 20031,
            "year": 2003,
            "quarter": 1,
            "eps": 0.42,
            "eps_growth_year": null,
            "eps_4q": null,
            "eps_4q_growth_year": null,
            "roe": 3.04,
            "roe_4q": 3.04,
            "gross_profit": 45383,
            "gross_margin": 29.19,
            "gross_margin_4q_avg": 7.3,
            "net_income": 11722,
            "net_income_4q": null,
            "revenue": 155451,
            "revenue_4q": null,
            "common_shares": 280000,
            "book_valuer_per_share": 14,
            "book_valuer_per_share_4q_avg": 6.9,
            "equity": 392054,
            "current_ratio": 191.29,
            "debt_ratio": 34.83,
            "inventory_turnover_ratio": 1.18,
            "account_receivable_turnover_ratio": null,
            "reinvestment_rate": null,
            "research_to_sale_ratio": null,
            "price_fair": 0,
            "eps_avg_yearly": 0,
            "eps_latest_yearly": 0,
            "eps_growth_yearly": 0
        },
        "20032": {
            "year_quarter": 20032,
            "year": 2003,
            "quarter": 2,
            "eps": 0.25,
            "eps_growth_year": null,
            "eps_4q": null,
            "eps_4q_growth_year": null,
            "roe": 1.77,
            "roe_4q": 4.8100000000000005,
            "gross_profit": 57235,
            "gross_margin": 30.31,
            "gross_margin_4q_avg": 14.88,
            "net_income": 6983,
            "net_income_4q": null,
            "revenue": 188855,
            "revenue_4q": null,
            "common_shares": 280000,
            "book_valuer_per_share": 14.23,
            "book_valuer_per_share_4q_avg": 10.45,
            "equity": 398424,
            "current_ratio": 224.32,
            "debt_ratio": 25.73,
            "inventory_turnover_ratio": 2.27,
            "account_receivable_turnover_ratio": null,
            "reinvestment_rate": null,
            "research_to_sale_ratio": null,
            "price_fair": 3,
            "eps_avg_yearly": 1,
            "eps_latest_yearly": 1,
            "eps_growth_yearly": -161.9
        },
        "20033": {
            "year_quarter": 20033,
            "year": 2003,
            "quarter": 3,
            "eps": 0.82,
            "eps_growth_year": null,
            "eps_4q": null,
            "eps_4q_growth_year": null,
            "roe": 5.63,
            "roe_4q": 10.440000000000001,
            "gross_profit": 69004,
            "gross_margin": 36.6,
            "gross_margin_4q_avg": 24.03,
            "net_income": 22895,
            "net_income_4q": null,
            "revenue": 188528,
            "revenue_4q": null,
            "common_shares": 280000,
            "book_valuer_per_share": 14.84,
            "book_valuer_per_share_4q_avg": 14.16,
            "equity": 415387,
            "current_ratio": 203.33,
            "debt_ratio": 29.18,
            "inventory_turnover_ratio": 4.47,
            "account_receivable_turnover_ratio": null,
            "reinvestment_rate": null,
            "research_to_sale_ratio": null,
            "price_fair": 74.9,
            "eps_avg_yearly": 2.14,
            "eps_latest_yearly": 3.28,
            "eps_growth_yearly": 375.05
        },
        "20034": {
            "year_quarter": 20034,
            "year": 2003,
            "quarter": 4,
            "eps": 0.86,
            "eps_growth_year": null,
            "eps_4q": 2.21,
            "eps_4q_growth_year": null,
            "roe": 6.29,
            "roe_4q": 16.73,
            "gross_profit": 83215,
            "gross_margin": 39.8,
            "gross_margin_4q_avg": 33.98,
            "net_income": 26597,
            "net_income_4q": null,
            "revenue": 209105,
            "revenue_4q": null,
            "common_shares": 311000,
            "book_valuer_per_share": 13.84,
            "book_valuer_per_share_4q_avg": 14.23,
            "equity": 430317,
            "current_ratio": 197.52,
            "debt_ratio": 35.28,
            "inventory_turnover_ratio": 2.26,
            "account_receivable_turnover_ratio": null,
            "reinvestment_rate": null,
            "research_to_sale_ratio": null,
            "price_fair": 90.07,
            "eps_avg_yearly": 2.57,
            "eps_latest_yearly": 3.44,
            "eps_growth_yearly": 256.54
        },
        "20041": {
            "year_quarter": 20041,
            "year": 2004,
            "quarter": 1,
            "eps": 0.66,
            "eps_growth_year": 57.14,
            "eps_4q": 2.47,
            "eps_4q_growth_year": null,
            "roe": 4.71,
            "roe_4q": 18.4,
            "gross_profit": 80442,
            "gross_margin": 38.98,
            "gross_margin_4q_avg": 36.42,
            "net_income": 20634,
            "net_income_4q": null,
            "revenue": 206347,
            "revenue_4q": null,
            "common_shares": 311000,
            "book_valuer_per_share": 14.35,
            "book_valuer_per_share_4q_avg": 14.32,
            "equity": 446403,
            "current_ratio": 197.72,
            "debt_ratio": 27.74,
            "inventory_turnover_ratio": 2.11,
            "account_receivable_turnover_ratio": null,
            "reinvestment_rate": null,
            "research_to_sale_ratio": null,
            "price_fair": 90.65,
            "eps_avg_yearly": 2.59,
            "eps_latest_yearly": 2.64,
            "eps_growth_yearly": 169.15
        },
        "20042": {
            "year_quarter": 20042,
            "year": 2004,
            "quarter": 2,
            "eps": 0.56,
            "eps_growth_year": 124,
            "eps_4q": 2.57,
            "eps_4q_growth_year": null,
            "roe": 4.36,
            "roe_4q": 20.99,
            "gross_profit": 79192,
            "gross_margin": 35.59,
            "gross_margin_4q_avg": 37.74,
            "net_income": 19494,
            "net_income_4q": null,
            "revenue": 222534,
            "revenue_4q": null,
            "common_shares": 311000,
            "book_valuer_per_share": 14.38,
            "book_valuer_per_share_4q_avg": 14.35,
            "equity": 447332,
            "current_ratio": 234.81,
            "debt_ratio": 48.83,
            "inventory_turnover_ratio": 5.27,
            "account_receivable_turnover_ratio": null,
            "reinvestment_rate": null,
            "research_to_sale_ratio": null,
            "price_fair": 88.2,
            "eps_avg_yearly": 2.52,
            "eps_latest_yearly": 2.24,
            "eps_growth_yearly": 123.2
        },
        "20043": {
            "year_quarter": 20043,
            "year": 2004,
            "quarter": 3,
            "eps": 1.2,
            "eps_growth_year": 46.34,
            "eps_4q": 3.12,
            "eps_4q_growth_year": null,
            "roe": 8.88,
            "roe_4q": 24.240000000000002,
            "gross_profit": 105016,
            "gross_margin": 38.07,
            "gross_margin_4q_avg": 38.11,
            "net_income": 41664,
            "net_income_4q": null,
            "revenue": 275841,
            "revenue_4q": null,
            "common_shares": 348441,
            "book_valuer_per_share": 14.11,
            "book_valuer_per_share_4q_avg": 14.17,
            "equity": 491490,
            "current_ratio": 246.52,
            "debt_ratio": 46.75,
            "inventory_turnover_ratio": 8.74,
            "account_receivable_turnover_ratio": null,
            "reinvestment_rate": null,
            "research_to_sale_ratio": null,
            "price_fair": 101.5,
            "eps_avg_yearly": 2.9,
            "eps_latest_yearly": 4.8,
            "eps_growth_yearly": 178.85
        },
        "20044": {
            "year_quarter": 20044,
            "year": 2004,
            "quarter": 4,
            "eps": 0.22,
            "eps_growth_year": -74.42,
            "eps_4q": 2.52,
            "eps_4q_growth_year": 14.39,
            "roe": 1.6,
            "roe_4q": 19.55,
            "gross_profit": 79464,
            "gross_margin": 35.69,
            "gross_margin_4q_avg": 37.08,
            "net_income": 7815,
            "net_income_4q": null,
            "revenue": 222637,
            "revenue_4q": null,
            "common_shares": 348441,
            "book_valuer_per_share": 13.93,
            "book_valuer_per_share_4q_avg": 14.19,
            "equity": 485539,
            "current_ratio": 240.64,
            "debt_ratio": 49.01,
            "inventory_turnover_ratio": 2.69,
            "account_receivable_turnover_ratio": null,
            "reinvestment_rate": null,
            "research_to_sale_ratio": null,
            "price_fair": 91.4,
            "eps_avg_yearly": 2.61,
            "eps_latest_yearly": 0.88,
            "eps_growth_yearly": 106.64
        },
        "20051": {
            "year_quarter": 20051,
            "year": 2005,
            "quarter": 1,
            "eps": 0.14,
            "eps_growth_year": -78.79,
            "eps_4q": 2.19,
            "eps_4q_growth_year": -11.31,
            "roe": 0.91,
            "roe_4q": 15.75,
            "gross_profit": 52814,
            "gross_margin": 30.12,
            "gross_margin_4q_avg": 34.87,
            "net_income": 4716,
            "net_income_4q": null,
            "revenue": 175324,
            "revenue_4q": null,
            "common_shares": 385251,
            "book_valuer_per_share": 14.44,
            "book_valuer_per_share_4q_avg": 14.22,
            "equity": 556272,
            "current_ratio": 302.62,
            "debt_ratio": 33.95,
            "inventory_turnover_ratio": 2.28,
            "account_receivable_turnover_ratio": null,
            "reinvestment_rate": null,
            "research_to_sale_ratio": null,
            "price_fair": 82.43,
            "eps_avg_yearly": 2.36,
            "eps_latest_yearly": 0.56,
            "eps_growth_yearly": 75.12
        },
        "20052": {
            "year_quarter": 20052,
            "year": 2005,
            "quarter": 2,
            "eps": -0.01,
            "eps_growth_year": -101.79,
            "eps_4q": 1.38,
            "eps_4q_growth_year": -46.33,
            "roe": -0.08,
            "roe_4q": 11.31,
            "gross_profit": 50463,
            "gross_margin": 29.06,
            "gross_margin_4q_avg": 33.24,
            "net_income": -439,
            "net_income_4q": null,
            "revenue": 173679,
            "revenue_4q": null,
            "common_shares": 389035,
            "book_valuer_per_share": 13.69,
            "book_valuer_per_share_4q_avg": 14.04,
            "equity": 532659,
            "current_ratio": 229.08,
            "debt_ratio": 38.11,
            "inventory_turnover_ratio": 6.65,
            "account_receivable_turnover_ratio": null,
            "reinvestment_rate": null,
            "research_to_sale_ratio": null,
            "price_fair": 82.43,
            "eps_avg_yearly": 2.36,
            "eps_latest_yearly": 0.56,
            "eps_growth_yearly": 75.12
        },
        "20053": {
            "year_quarter": 20053,
            "year": 2005,
            "quarter": 3,
            "eps": 0.69,
            "eps_growth_year": -42.5,
            "eps_4q": 0.98,
            "eps_4q_growth_year": -68.53,
            "roe": 5.05,
            "roe_4q": 7.48,
            "gross_profit": 85919,
            "gross_margin": 30.3,
            "gross_margin_4q_avg": 31.29,
            "net_income": 28517,
            "net_income_4q": null,
            "revenue": 283524,
            "revenue_4q": null,
            "common_shares": 435711,
            "book_valuer_per_share": 13.7,
            "book_valuer_per_share_4q_avg": 13.94,
            "equity": 596799,
            "current_ratio": 196.08,
            "debt_ratio": 38.74,
            "inventory_turnover_ratio": 9.32,
            "account_receivable_turnover_ratio": null,
            "reinvestment_rate": null,
            "research_to_sale_ratio": null,
            "price_fair": 82.43,
            "eps_avg_yearly": 2.36,
            "eps_latest_yearly": 0.56,
            "eps_growth_yearly": 75.12
        },
        "20054": {
            "year_quarter": 20054,
            "year": 2005,
            "quarter": 4,
            "eps": -1.37,
            "eps_growth_year": -722.73,
            "eps_4q": -0.58,
            "eps_4q_growth_year": -122.99,
            "roe": -10.07,
            "roe_4q": -4.19,
            "gross_profit": 57677,
            "gross_margin": 31.56,
            "gross_margin_4q_avg": 30.26,
            "net_income": -57071,
            "net_income_4q": null,
            "revenue": 182764,
            "revenue_4q": null,
            "common_shares": 435711,
            "book_valuer_per_share": 12.31,
            "book_valuer_per_share_4q_avg": 13.54,
            "equity": 536537,
            "current_ratio": 240.26,
            "debt_ratio": 40.95,
            "inventory_turnover_ratio": 2.17,
            "account_receivable_turnover_ratio": null,
            "reinvestment_rate": null,
            "research_to_sale_ratio": null,
            "price_fair": 82.43,
            "eps_avg_yearly": 2.36,
            "eps_latest_yearly": 0.56,
            "eps_growth_yearly": 75.12
        },
        "20061": {
            "year_quarter": 20061,
            "year": 2006,
            "quarter": 1,
            "eps": 0.34,
            "eps_growth_year": 142.86,
            "eps_4q": -0.33,
            "eps_4q_growth_year": -115.2,
            "roe": 2.64,
            "roe_4q": -2.46,
            "gross_profit": 77366,
            "gross_margin": 33.39,
            "gross_margin_4q_avg": 31.08,
            "net_income": 14656,
            "net_income_4q": null,
            "revenue": 231698,
            "revenue_4q": null,
            "common_shares": 449261,
            "book_valuer_per_share": 12.76,
            "book_valuer_per_share_4q_avg": 13.12,
            "equity": 573150,
            "current_ratio": 222.73,
            "debt_ratio": 39.36,
            "inventory_turnover_ratio": 2.69,
            "account_receivable_turnover_ratio": null,
            "reinvestment_rate": null,
            "research_to_sale_ratio": null,
            "price_fair": 82.43,
            "eps_avg_yearly": 2.36,
            "eps_latest_yearly": 0.56,
            "eps_growth_yearly": 75.12
        },
        "20062": {
            "year_quarter": 20062,
            "year": 2006,
            "quarter": 2,
            "eps": 0.3,
            "eps_growth_year": null,
            "eps_4q": -0.01,
            "eps_4q_growth_year": -100.79,
            "roe": 2.28,
            "roe_4q": -0.10000000000000053,
            "gross_profit": 63280,
            "gross_margin": 29.84,
            "gross_margin_4q_avg": 31.27,
            "net_income": 13408,
            "net_income_4q": null,
            "revenue": 212060,
            "revenue_4q": null,
            "common_shares": 459912,
            "book_valuer_per_share": 13.16,
            "book_valuer_per_share_4q_avg": 12.98,
            "equity": 605247,
            "current_ratio": 147.12,
            "debt_ratio": 40.65,
            "inventory_turnover_ratio": 6.85,
            "account_receivable_turnover_ratio": null,
            "reinvestment_rate": null,
            "research_to_sale_ratio": null,
            "price_fair": 77.93,
            "eps_avg_yearly": 2.23,
            "eps_latest_yearly": 1.2,
            "eps_growth_yearly": 61.55
        },
        "20063": {
            "year_quarter": 20063,
            "year": 2006,
            "quarter": 3,
            "eps": -0.46,
            "eps_growth_year": -166.67,
            "eps_4q": -1.07,
            "eps_4q_growth_year": -209.39,
            "roe": -3.37,
            "roe_4q": -8.52,
            "gross_profit": 35734,
            "gross_margin": 22.7,
            "gross_margin_4q_avg": 29.37,
            "net_income": -20426,
            "net_income_4q": null,
            "revenue": 157424,
            "revenue_4q": null,
            "common_shares": 459912,
            "book_valuer_per_share": 13.17,
            "book_valuer_per_share_4q_avg": 12.85,
            "equity": 605791,
            "current_ratio": 150.57,
            "debt_ratio": 41.1,
            "inventory_turnover_ratio": 7.05,
            "account_receivable_turnover_ratio": null,
            "reinvestment_rate": null,
            "research_to_sale_ratio": null,
            "price_fair": 77.93,
            "eps_avg_yearly": 2.23,
            "eps_latest_yearly": 1.2,
            "eps_growth_yearly": 61.55
        },
        "20064": {
            "year_quarter": 20064,
            "year": 2006,
            "quarter": 4,
            "eps": -1.96,
            "eps_growth_year": null,
            "eps_4q": -1.79,
            "eps_4q_growth_year": null,
            "roe": -15.82,
            "roe_4q": -14.27,
            "gross_profit": 21534,
            "gross_margin": 21.13,
            "gross_margin_4q_avg": 26.77,
            "net_income": -88699,
            "net_income_4q": null,
            "revenue": 101891,
            "revenue_4q": null,
            "common_shares": 467605,
            "book_valuer_per_share": 11.03,
            "book_valuer_per_share_4q_avg": 12.53,
            "equity": 515604,
            "current_ratio": 145.95,
            "debt_ratio": 51.5,
            "inventory_turnover_ratio": 1.84,
            "account_receivable_turnover_ratio": null,
            "reinvestment_rate": 613.55,
            "research_to_sale_ratio": null,
            "price_fair": 77.93,
            "eps_avg_yearly": 2.23,
            "eps_latest_yearly": 1.2,
            "eps_growth_yearly": 61.55
        },
        "20071": {
            "year_quarter": 20071,
            "year": 2007,
            "quarter": 1,
            "eps": -1.66,
            "eps_growth_year": -588.24,
            "eps_4q": -3.71,
            "eps_4q_growth_year": null,
            "roe": -15.97,
            "roe_4q": -32.879999999999995,
            "gross_profit": 12436,
            "gross_margin": 13.7,
            "gross_margin_4q_avg": 21.84,
            "net_income": -77487,
            "net_income_4q": null,
            "revenue": 90750,
            "revenue_4q": null,
            "common_shares": 475988,
            "book_valuer_per_share": 9.55,
            "book_valuer_per_share_4q_avg": 11.73,
            "equity": 454739,
            "current_ratio": 117.79,
            "debt_ratio": 52.25,
            "inventory_turnover_ratio": 1.83,
            "account_receivable_turnover_ratio": null,
            "reinvestment_rate": null,
            "research_to_sale_ratio": null,
            "price_fair": 77.93,
            "eps_avg_yearly": 2.23,
            "eps_latest_yearly": 1.2,
            "eps_growth_yearly": 61.55
        },
        "20072": {
            "year_quarter": 20072,
            "year": 2007,
            "quarter": 2,
            "eps": -2.11,
            "eps_growth_year": -803.33,
            "eps_4q": -6,
            "eps_4q_growth_year": null,
            "roe": -24.51,
            "roe_4q": -59.67,
            "gross_profit": 29203,
            "gross_margin": 17.14,
            "gross_margin_4q_avg": 18.67,
            "net_income": -99429,
            "net_income_4q": null,
            "revenue": 170351,
            "revenue_4q": null,
            "common_shares": 476767,
            "book_valuer_per_share": 7.48,
            "book_valuer_per_share_4q_avg": 10.31,
            "equity": 356444,
            "current_ratio": 109.23,
            "debt_ratio": 61.56,
            "inventory_turnover_ratio": 9.9,
            "account_receivable_turnover_ratio": null,
            "reinvestment_rate": null,
            "research_to_sale_ratio": null,
            "price_fair": 83.3,
            "eps_avg_yearly": 2.38,
            "eps_latest_yearly": 1.2,
            "eps_growth_yearly": 89.48
        },
        "20073": {
            "year_quarter": 20073,
            "year": 2007,
            "quarter": 3,
            "eps": -1.1,
            "eps_growth_year": null,
            "eps_4q": -6.67,
            "eps_4q_growth_year": null,
            "roe": -15.8,
            "roe_4q": -72.1,
            "gross_profit": 53007,
            "gross_margin": 17.94,
            "gross_margin_4q_avg": 17.48,
            "net_income": -52205,
            "net_income_4q": null,
            "revenue": 295510,
            "revenue_4q": null,
            "common_shares": 476767,
            "book_valuer_per_share": 6.38,
            "book_valuer_per_share_4q_avg": 8.61,
            "equity": 304244,
            "current_ratio": 114.67,
            "debt_ratio": 70.91,
            "inventory_turnover_ratio": 15.97,
            "account_receivable_turnover_ratio": null,
            "reinvestment_rate": null,
            "research_to_sale_ratio": null,
            "price_fair": 6.75,
            "eps_avg_yearly": 2.25,
            "eps_latest_yearly": 1.2,
            "eps_growth_yearly": -28.02
        },
        "20074": {
            "year_quarter": 20074,
            "year": 2007,
            "quarter": 4,
            "eps": -0.95,
            "eps_growth_year": null,
            "eps_4q": -5.78,
            "eps_4q_growth_year": null,
            "roe": -15.98,
            "roe_4q": -72.26,
            "gross_profit": 63883,
            "gross_margin": 13.47,
            "gross_margin_4q_avg": 15.56,
            "net_income": -45221,
            "net_income_4q": null,
            "revenue": 474134,
            "revenue_4q": null,
            "common_shares": 476767,
            "book_valuer_per_share": 5.49,
            "book_valuer_per_share_4q_avg": 7.23,
            "equity": 261662,
            "current_ratio": 103.72,
            "debt_ratio": 80.72,
            "inventory_turnover_ratio": 3.95,
            "account_receivable_turnover_ratio": null,
            "reinvestment_rate": null,
            "research_to_sale_ratio": null,
            "price_fair": 6.16,
            "eps_avg_yearly": 2.05,
            "eps_latest_yearly": 1.2,
            "eps_growth_yearly": -35.94
        },
        "20081": {
            "year_quarter": 20081,
            "year": 2008,
            "quarter": 1,
            "eps": -1.18,
            "eps_growth_year": null,
            "eps_4q": -4.6,
            "eps_4q_growth_year": null,
            "roe": -22.3,
            "roe_4q": -78.59,
            "gross_profit": 14583,
            "gross_margin": 5.3,
            "gross_margin_4q_avg": 13.46,
            "net_income": -68017,
            "net_income_4q": null,
            "revenue": 274951,
            "revenue_4q": null,
            "common_shares": 626766,
            "book_valuer_per_share": 5.56,
            "book_valuer_per_share_4q_avg": 6.23,
            "equity": 348299,
            "current_ratio": 121.72,
            "debt_ratio": 72.02,
            "inventory_turnover_ratio": 1.33,
            "account_receivable_turnover_ratio": null,
            "reinvestment_rate": null,
            "research_to_sale_ratio": null,
            "price_fair": 5.81,
            "eps_avg_yearly": 1.94,
            "eps_latest_yearly": 1.2,
            "eps_growth_yearly": -24.53
        },
        "20082": {
            "year_quarter": 20082,
            "year": 2008,
            "quarter": 2,
            "eps": 0.1,
            "eps_growth_year": null,
            "eps_4q": -2.79,
            "eps_4q_growth_year": null,
            "roe": 1.63,
            "roe_4q": -52.45,
            "gross_profit": 44303,
            "gross_margin": 12.25,
            "gross_margin_4q_avg": 12.24,
            "net_income": 5723,
            "net_income_4q": null,
            "revenue": 361522,
            "revenue_4q": null,
            "common_shares": 626767,
            "book_valuer_per_share": 5.66,
            "book_valuer_per_share_4q_avg": 5.77,
            "equity": 354911,
            "current_ratio": 124.84,
            "debt_ratio": 70.92,
            "inventory_turnover_ratio": 1.6,
            "account_receivable_turnover_ratio": null,
            "reinvestment_rate": null,
            "research_to_sale_ratio": null,
            "price_fair": 5.58,
            "eps_avg_yearly": 1.86,
            "eps_latest_yearly": 1.2,
            "eps_growth_yearly": -15.51
        },
        "20083": {
            "year_quarter": 20083,
            "year": 2008,
            "quarter": 3,
            "eps": 0.48,
            "eps_growth_year": null,
            "eps_4q": -1.28,
            "eps_4q_growth_year": null,
            "roe": 7.9,
            "roe_4q": -28.75,
            "gross_profit": 66132,
            "gross_margin": 17.77,
            "gross_margin_4q_avg": 12.2,
            "net_income": 29314,
            "net_income_4q": null,
            "revenue": 372126,
            "revenue_4q": null,
            "common_shares": 626766,
            "book_valuer_per_share": 6.18,
            "book_valuer_per_share_4q_avg": 5.72,
            "equity": 387036,
            "current_ratio": 126.24,
            "debt_ratio": 70.05,
            "inventory_turnover_ratio": 1.54,
            "account_receivable_turnover_ratio": null,
            "reinvestment_rate": null,
            "research_to_sale_ratio": null,
            "price_fair": 39.9,
            "eps_avg_yearly": 1.14,
            "eps_latest_yearly": 1.92,
            "eps_growth_yearly": 250.2
        },
        "20084": {
            "year_quarter": 20084,
            "year": 2008,
            "quarter": 4,
            "eps": -1.28,
            "eps_growth_year": null,
            "eps_4q": -2.12,
            "eps_4q_growth_year": null,
            "roe": -13.78,
            "roe_4q": -26.55,
            "gross_profit": 14593,
            "gross_margin": 8.08,
            "gross_margin_4q_avg": 10.85,
            "net_income": -49881,
            "net_income_4q": null,
            "revenue": 180595,
            "revenue_4q": null,
            "common_shares": 403505,
            "book_valuer_per_share": 8.35,
            "book_valuer_per_share_4q_avg": 6.44,
            "equity": 336968,
            "current_ratio": 131.75,
            "debt_ratio": 67.14,
            "inventory_turnover_ratio": 0.93,
            "account_receivable_turnover_ratio": 1.78,
            "reinvestment_rate": null,
            "research_to_sale_ratio": null,
            "price_fair": 42.93,
            "eps_avg_yearly": 1.23,
            "eps_latest_yearly": 1.92,
            "eps_growth_yearly": 442.5
        },
        "20091": {
            "year_quarter": 20091,
            "year": 2009,
            "quarter": 1,
            "eps": -0.31,
            "eps_growth_year": null,
            "eps_4q": -0.67,
            "eps_4q_growth_year": null,
            "roe": -3.72,
            "roe_4q": -7.97,
            "gross_profit": 8769,
            "gross_margin": 6.75,
            "gross_margin_4q_avg": 11.21,
            "net_income": -12363,
            "net_income_4q": null,
            "revenue": 129873,
            "revenue_4q": null,
            "common_shares": 403505,
            "book_valuer_per_share": 8.1,
            "book_valuer_per_share_4q_avg": 7.07,
            "equity": 326946,
            "current_ratio": 145.47,
            "debt_ratio": 62.53,
            "inventory_turnover_ratio": 0.84,
            "account_receivable_turnover_ratio": 1.28,
            "reinvestment_rate": null,
            "research_to_sale_ratio": null,
            "price_fair": 54.6,
            "eps_avg_yearly": 1.56,
            "eps_latest_yearly": 1.92,
            "eps_growth_yearly": 736.47
        },
        "20092": {
            "year_quarter": 20092,
            "year": 2009,
            "quarter": 2,
            "eps": -1.33,
            "eps_growth_year": -1430,
            "eps_4q": -2.14,
            "eps_4q_growth_year": null,
            "roe": -17.87,
            "roe_4q": -27.47,
            "gross_profit": 4013,
            "gross_margin": 2.89,
            "gross_margin_4q_avg": 8.87,
            "net_income": -53472,
            "net_income_4q": null,
            "revenue": 138804,
            "revenue_4q": null,
            "common_shares": 403505,
            "book_valuer_per_share": 6.73,
            "book_valuer_per_share_4q_avg": 7.34,
            "equity": 271507,
            "current_ratio": 134.62,
            "debt_ratio": 65.65,
            "inventory_turnover_ratio": 1.33,
            "account_receivable_turnover_ratio": 1.95,
            "reinvestment_rate": null,
            "research_to_sale_ratio": null,
            "price_fair": 54.6,
            "eps_avg_yearly": 1.56,
            "eps_latest_yearly": 1.92,
            "eps_growth_yearly": 736.47
        },
        "20093": {
            "year_quarter": 20093,
            "year": 2009,
            "quarter": 3,
            "eps": -0.79,
            "eps_growth_year": -264.58,
            "eps_4q": -3.65,
            "eps_4q_growth_year": null,
            "roe": -12.44,
            "roe_4q": -47.81,
            "gross_profit": 2883,
            "gross_margin": 2.17,
            "gross_margin_4q_avg": 4.97,
            "net_income": -31693,
            "net_income_4q": null,
            "revenue": 132734,
            "revenue_4q": null,
            "common_shares": 403505,
            "book_valuer_per_share": 5.89,
            "book_valuer_per_share_4q_avg": 7.27,
            "equity": 237829,
            "current_ratio": 121.27,
            "debt_ratio": 69.46,
            "inventory_turnover_ratio": 1.75,
            "account_receivable_turnover_ratio": 0.96,
            "reinvestment_rate": null,
            "research_to_sale_ratio": null,
            "price_fair": 54.6,
            "eps_avg_yearly": 1.56,
            "eps_latest_yearly": 1.92,
            "eps_growth_yearly": 736.47
        },
        "20094": {
            "year_quarter": 20094,
            "year": 2009,
            "quarter": 4,
            "eps": -0.47,
            "eps_growth_year": null,
            "eps_4q": -2.89,
            "eps_4q_growth_year": null,
            "roe": -8.35,
            "roe_4q": -42.379999999999995,
            "gross_profit": 13092,
            "gross_margin": 10.9,
            "gross_margin_4q_avg": 5.68,
            "net_income": -19051,
            "net_income_4q": null,
            "revenue": 120094,
            "revenue_4q": null,
            "common_shares": 403505,
            "book_valuer_per_share": 5.42,
            "book_valuer_per_share_4q_avg": 6.54,
            "equity": 218745,
            "current_ratio": 115.44,
            "debt_ratio": 69.78,
            "inventory_turnover_ratio": 1.73,
            "account_receivable_turnover_ratio": 1.95,
            "reinvestment_rate": null,
            "research_to_sale_ratio": null,
            "price_fair": 54.6,
            "eps_avg_yearly": 1.56,
            "eps_latest_yearly": 1.92,
            "eps_growth_yearly": 736.47
        },
        "20101": {
            "year_quarter": 20101,
            "year": 2010,
            "quarter": 1,
            "eps": -0.16,
            "eps_growth_year": null,
            "eps_4q": -2.74,
            "eps_4q_growth_year": null,
            "roe": -2.99,
            "roe_4q": -41.650000000000006,
            "gross_profit": 8909,
            "gross_margin": 9.21,
            "gross_margin_4q_avg": 6.29,
            "net_income": -6443,
            "net_income_4q": null,
            "revenue": 96774,
            "revenue_4q": null,
            "common_shares": 403505,
            "book_valuer_per_share": 5.25,
            "book_valuer_per_share_4q_avg": 5.82,
            "equity": 211643,
            "current_ratio": 117.44,
            "debt_ratio": 69.73,
            "inventory_turnover_ratio": 1.43,
            "account_receivable_turnover_ratio": 0.86,
            "reinvestment_rate": null,
            "research_to_sale_ratio": 5.85,
            "price_fair": 54.6,
            "eps_avg_yearly": 1.56,
            "eps_latest_yearly": 1.92,
            "eps_growth_yearly": 736.47
        },
        "20102": {
            "year_quarter": 20102,
            "year": 2010,
            "quarter": 2,
            "eps": -0.25,
            "eps_growth_year": null,
            "eps_4q": -1.67,
            "eps_4q_growth_year": null,
            "roe": -4.85,
            "roe_4q": -28.629999999999995,
            "gross_profit": 13139,
            "gross_margin": 8.79,
            "gross_margin_4q_avg": 7.77,
            "net_income": -10082,
            "net_income_4q": null,
            "revenue": 149444,
            "revenue_4q": null,
            "common_shares": 403505,
            "book_valuer_per_share": 5.05,
            "book_valuer_per_share_4q_avg": 5.4,
            "equity": 203930,
            "current_ratio": 112.57,
            "debt_ratio": 72.68,
            "inventory_turnover_ratio": 1.84,
            "account_receivable_turnover_ratio": 1.2,
            "reinvestment_rate": null,
            "research_to_sale_ratio": 4.7,
            "price_fair": 67.2,
            "eps_avg_yearly": 1.92,
            "eps_latest_yearly": 1.92,
            "eps_growth_yearly": 1520
        },
        "20103": {
            "year_quarter": 20103,
            "year": 2010,
            "quarter": 3,
            "eps": 0.06,
            "eps_growth_year": null,
            "eps_4q": -0.82,
            "eps_4q_growth_year": null,
            "roe": 1.27,
            "roe_4q": -14.92,
            "gross_profit": 20397,
            "gross_margin": 12.12,
            "gross_margin_4q_avg": 10.26,
            "net_income": 2600,
            "net_income_4q": null,
            "revenue": 168267,
            "revenue_4q": null,
            "common_shares": 403505,
            "book_valuer_per_share": 5.08,
            "book_valuer_per_share_4q_avg": 5.2,
            "equity": 205157,
            "current_ratio": 114.53,
            "debt_ratio": 73.39,
            "inventory_turnover_ratio": 1.77,
            "account_receivable_turnover_ratio": 1.07,
            "reinvestment_rate": null,
            "research_to_sale_ratio": 5.16,
            "price_fair": 67.2,
            "eps_avg_yearly": 1.92,
            "eps_latest_yearly": 1.92,
            "eps_growth_yearly": 1520
        },
        "20104": {
            "year_quarter": 20104,
            "year": 2010,
            "quarter": 4,
            "eps": -1.91,
            "eps_growth_year": null,
            "eps_4q": -2.26,
            "eps_4q_growth_year": null,
            "roe": -46.85,
            "roe_4q": -53.42,
            "gross_profit": 9451,
            "gross_margin": 8.13,
            "gross_margin_4q_avg": 9.56,
            "net_income": -77141,
            "net_income_4q": null,
            "revenue": 116277,
            "revenue_4q": null,
            "common_shares": 403505,
            "book_valuer_per_share": 3.08,
            "book_valuer_per_share_4q_avg": 4.62,
            "equity": 124184,
            "current_ratio": 90.25,
            "debt_ratio": 80.36,
            "inventory_turnover_ratio": 1.24,
            "account_receivable_turnover_ratio": 0.91,
            "reinvestment_rate": null,
            "research_to_sale_ratio": 6.24,
            "price_fair": 67.2,
            "eps_avg_yearly": 1.92,
            "eps_latest_yearly": 1.92,
            "eps_growth_yearly": 1520
        },
        "20111": {
            "year_quarter": 20111,
            "year": 2011,
            "quarter": 1,
            "eps": -0.49,
            "eps_growth_year": null,
            "eps_4q": -2.59,
            "eps_4q_growth_year": null,
            "roe": -17.38,
            "roe_4q": -67.81,
            "gross_profit": 1178,
            "gross_margin": 2.25,
            "gross_margin_4q_avg": 7.82,
            "net_income": -19901,
            "net_income_4q": null,
            "revenue": 52425,
            "revenue_4q": null,
            "common_shares": 403505,
            "book_valuer_per_share": 2.6,
            "book_valuer_per_share_4q_avg": 3.95,
            "equity": 104762,
            "current_ratio": 77.74,
            "debt_ratio": 80.44,
            "inventory_turnover_ratio": 0.69,
            "account_receivable_turnover_ratio": 0.81,
            "reinvestment_rate": null,
            "research_to_sale_ratio": 12.21,
            "price_fair": 67.2,
            "eps_avg_yearly": 1.92,
            "eps_latest_yearly": 1.92,
            "eps_growth_yearly": 1520
        },
        "20112": {
            "year_quarter": 20112,
            "year": 2011,
            "quarter": 2,
            "eps": -0.46,
            "eps_growth_year": null,
            "eps_4q": -2.8,
            "eps_4q_growth_year": null,
            "roe": -19.45,
            "roe_4q": -82.41000000000001,
            "gross_profit": 441,
            "gross_margin": 0.73,
            "gross_margin_4q_avg": 5.81,
            "net_income": -18519,
            "net_income_4q": null,
            "revenue": 60223,
            "revenue_4q": null,
            "common_shares": 403505,
            "book_valuer_per_share": 2.12,
            "book_valuer_per_share_4q_avg": 3.22,
            "equity": 85642,
            "current_ratio": 72.02,
            "debt_ratio": 82.73,
            "inventory_turnover_ratio": 1.08,
            "account_receivable_turnover_ratio": 1.45,
            "reinvestment_rate": null,
            "research_to_sale_ratio": 3.76,
            "price_fair": 67.2,
            "eps_avg_yearly": 1.92,
            "eps_latest_yearly": 1.92,
            "eps_growth_yearly": 1520
        },
        "20113": {
            "year_quarter": 20113,
            "year": 2011,
            "quarter": 3,
            "eps": -0.71,
            "eps_growth_year": -1201.36,
            "eps_4q": -6.39,
            "eps_4q_growth_year": null,
            "roe": -18.04,
            "roe_4q": -101.72,
            "gross_profit": -1738,
            "gross_margin": -3.19,
            "gross_margin_4q_avg": 1.98,
            "net_income": -14442,
            "net_income_4q": null,
            "revenue": 54547,
            "revenue_4q": null,
            "common_shares": 203505,
            "book_valuer_per_share": 3.66,
            "book_valuer_per_share_4q_avg": 2.87,
            "equity": 74429,
            "current_ratio": 67.56,
            "debt_ratio": 84.8,
            "inventory_turnover_ratio": 1.22,
            "account_receivable_turnover_ratio": 1.15,
            "reinvestment_rate": null,
            "research_to_sale_ratio": 3.65,
            "price_fair": 67.2,
            "eps_avg_yearly": 1.92,
            "eps_latest_yearly": 1.92,
            "eps_growth_yearly": 1520
        },
        "20114": {
            "year_quarter": 20114,
            "year": 2011,
            "quarter": 4,
            "eps": 0.01,
            "eps_growth_year": null,
            "eps_4q": -1.3,
            "eps_4q_growth_year": null,
            "roe": 0.39,
            "roe_4q": -54.47999999999999,
            "gross_profit": -446,
            "gross_margin": -0.92,
            "gross_margin_4q_avg": -0.28,
            "net_income": 406,
            "net_income_4q": null,
            "revenue": 48217,
            "revenue_4q": null,
            "common_shares": 403505,
            "book_valuer_per_share": 3.31,
            "book_valuer_per_share_4q_avg": 2.92,
            "equity": 133395,
            "current_ratio": 83.46,
            "debt_ratio": 72.97,
            "inventory_turnover_ratio": 1.01,
            "account_receivable_turnover_ratio": 1.18,
            "reinvestment_rate": null,
            "research_to_sale_ratio": 2.84,
            "price_fair": 67.2,
            "eps_avg_yearly": 1.92,
            "eps_latest_yearly": 1.92,
            "eps_growth_yearly": 1520
        },
        "20121": {
            "year_quarter": 20121,
            "year": 2012,
            "quarter": 1,
            "eps": 0.12,
            "eps_growth_year": null,
            "eps_4q": -0.69,
            "eps_4q_growth_year": null,
            "roe": 3.52,
            "roe_4q": -33.58,
            "gross_profit": 8473,
            "gross_margin": 13.21,
            "gross_margin_4q_avg": 2.46,
            "net_income": 4803,
            "net_income_4q": null,
            "revenue": 64155,
            "revenue_4q": null,
            "common_shares": 403505,
            "book_valuer_per_share": 3.46,
            "book_valuer_per_share_4q_avg": 3.14,
            "equity": 139435,
            "current_ratio": 77.13,
            "debt_ratio": 69.32,
            "inventory_turnover_ratio": 1.31,
            "account_receivable_turnover_ratio": 1.85,
            "reinvestment_rate": null,
            "research_to_sale_ratio": 1.73,
            "price_fair": 42,
            "eps_avg_yearly": 1.2,
            "eps_latest_yearly": 0.48,
            "eps_growth_yearly": 2960
        },
        "20122": {
            "year_quarter": 20122,
            "year": 2012,
            "quarter": 2,
            "eps": 0.15,
            "eps_growth_year": null,
            "eps_4q": -0.08,
            "eps_4q_growth_year": null,
            "roe": 4.18,
            "roe_4q": -9.95,
            "gross_profit": 9249,
            "gross_margin": 12.31,
            "gross_margin_4q_avg": 5.35,
            "net_income": 5949,
            "net_income_4q": null,
            "revenue": 75155,
            "revenue_4q": null,
            "common_shares": 403504,
            "book_valuer_per_share": 3.61,
            "book_valuer_per_share_4q_avg": 3.51,
            "equity": 145503,
            "current_ratio": 86.64,
            "debt_ratio": 70.48,
            "inventory_turnover_ratio": 2.03,
            "account_receivable_turnover_ratio": 1.46,
            "reinvestment_rate": null,
            "research_to_sale_ratio": 0.2,
            "price_fair": 35,
            "eps_avg_yearly": 1,
            "eps_latest_yearly": 0.6,
            "eps_growth_yearly": 2006.67
        },
        "20123": {
            "year_quarter": 20123,
            "year": 2012,
            "quarter": 3,
            "eps": -0.24,
            "eps_growth_year": null,
            "eps_4q": 0.58,
            "eps_4q_growth_year": null,
            "roe": -2.26,
            "roe_4q": 5.829999999999999,
            "gross_profit": 7667,
            "gross_margin": 10,
            "gross_margin_4q_avg": 8.65,
            "net_income": -3257,
            "net_income_4q": null,
            "revenue": 76674,
            "revenue_4q": null,
            "common_shares": 136743,
            "book_valuer_per_share": 10.4,
            "book_valuer_per_share_4q_avg": 5.2,
            "equity": 142225,
            "current_ratio": 81.78,
            "debt_ratio": 69.45,
            "inventory_turnover_ratio": 2.52,
            "account_receivable_turnover_ratio": 1.12,
            "reinvestment_rate": null,
            "research_to_sale_ratio": 1.76,
            "price_fair": 18.9,
            "eps_avg_yearly": 0.54,
            "eps_latest_yearly": 0.6,
            "eps_growth_yearly": 2250
        },
        "20124": {
            "year_quarter": 20124,
            "year": 2012,
            "quarter": 4,
            "eps": -0.35,
            "eps_growth_year": -3545.73,
            "eps_4q": 0.2,
            "eps_4q_growth_year": null,
            "roe": -3.39,
            "roe_4q": 2.0499999999999994,
            "gross_profit": 5237,
            "gross_margin": 7.52,
            "gross_margin_4q_avg": 10.76,
            "net_income": -4741,
            "net_income_4q": null,
            "revenue": 69685,
            "revenue_4q": null,
            "common_shares": 136743,
            "book_valuer_per_share": 10.07,
            "book_valuer_per_share_4q_avg": 6.89,
            "equity": 137653,
            "current_ratio": 69.96,
            "debt_ratio": 69.37,
            "inventory_turnover_ratio": 2.35,
            "account_receivable_turnover_ratio": 1.17,
            "reinvestment_rate": null,
            "research_to_sale_ratio": 3.02,
            "price_fair": 18.9,
            "eps_avg_yearly": 0.54,
            "eps_latest_yearly": 0.6,
            "eps_growth_yearly": 2250
        },
        "20131": {
            "year_quarter": 20131,
            "year": 2013,
            "quarter": 1,
            "eps": -0.63,
            "eps_growth_year": -625,
            "eps_4q": -0.78,
            "eps_4q_growth_year": null,
            "roe": -6.48,
            "roe_4q": -7.950000000000001,
            "gross_profit": 4300,
            "gross_margin": 8.33,
            "gross_margin_4q_avg": 9.54,
            "net_income": -8672,
            "net_income_4q": null,
            "revenue": 51617,
            "revenue_4q": null,
            "common_shares": 136743,
            "book_valuer_per_share": 9.51,
            "book_valuer_per_share_4q_avg": 8.4,
            "equity": 130096,
            "current_ratio": 71.45,
            "debt_ratio": 71.47,
            "inventory_turnover_ratio": 1.47,
            "account_receivable_turnover_ratio": 1.07,
            "reinvestment_rate": null,
            "research_to_sale_ratio": 3.02,
            "price_fair": 18.9,
            "eps_avg_yearly": 0.54,
            "eps_latest_yearly": 0.6,
            "eps_growth_yearly": 2250
        },
        "20132": {
            "year_quarter": 20132,
            "year": 2013,
            "quarter": 2,
            "eps": -0.82,
            "eps_growth_year": -656.18,
            "eps_4q": -2.04,
            "eps_4q_growth_year": null,
            "roe": -8.96,
            "roe_4q": -21.090000000000003,
            "gross_profit": 4353,
            "gross_margin": 9.12,
            "gross_margin_4q_avg": 8.74,
            "net_income": -11179,
            "net_income_4q": null,
            "revenue": 47750,
            "revenue_4q": null,
            "common_shares": 136743,
            "book_valuer_per_share": 8.74,
            "book_valuer_per_share_4q_avg": 9.68,
            "equity": 119509,
            "current_ratio": 64.37,
            "debt_ratio": 73.94,
            "inventory_turnover_ratio": 1.32,
            "account_receivable_turnover_ratio": 0.88,
            "reinvestment_rate": null,
            "research_to_sale_ratio": 3.88,
            "price_fair": 18.9,
            "eps_avg_yearly": 0.54,
            "eps_latest_yearly": 0.6,
            "eps_growth_yearly": 2250
        },
        "20133": {
            "year_quarter": 20133,
            "year": 2013,
            "quarter": 3,
            "eps": -0.72,
            "eps_growth_year": null,
            "eps_4q": -2.52,
            "eps_4q_growth_year": -536.2,
            "roe": -8.63,
            "roe_4q": -27.460000000000004,
            "gross_profit": 4988,
            "gross_margin": 19.5,
            "gross_margin_4q_avg": 11.12,
            "net_income": -9872,
            "net_income_4q": null,
            "revenue": 25585,
            "revenue_4q": null,
            "common_shares": 136743,
            "book_valuer_per_share": 7.99,
            "book_valuer_per_share_4q_avg": 9.08,
            "equity": 109291,
            "current_ratio": 47.31,
            "debt_ratio": 74.33,
            "inventory_turnover_ratio": 0.7,
            "account_receivable_turnover_ratio": 0.62,
            "reinvestment_rate": null,
            "research_to_sale_ratio": 6.7,
            "price_fair": 18.9,
            "eps_avg_yearly": 0.54,
            "eps_latest_yearly": 0.6,
            "eps_growth_yearly": 2250
        },
        "20134": {
            "year_quarter": 20134,
            "year": 2013,
            "quarter": 4,
            "eps": -2.58,
            "eps_growth_year": null,
            "eps_4q": -4.75,
            "eps_4q_growth_year": -2459.91,
            "roe": -38.53,
            "roe_4q": -62.60000000000001,
            "gross_profit": -3038,
            "gross_margin": -11.67,
            "gross_margin_4q_avg": 6.32,
            "net_income": -35269,
            "net_income_4q": null,
            "revenue": 26035,
            "revenue_4q": null,
            "common_shares": 136743,
            "book_valuer_per_share": 5.39,
            "book_valuer_per_share_4q_avg": 7.91,
            "equity": 73766,
            "current_ratio": 28.2,
            "debt_ratio": 80.07,
            "inventory_turnover_ratio": 1.43,
            "account_receivable_turnover_ratio": 1.11,
            "reinvestment_rate": null,
            "research_to_sale_ratio": 5.68,
            "price_fair": 18.9,
            "eps_avg_yearly": 0.54,
            "eps_latest_yearly": 0.6,
            "eps_growth_yearly": 2250
        },
        "20141": {
            "year_quarter": 20141,
            "year": 2014,
            "quarter": 1,
            "eps": -0.4,
            "eps_growth_year": null,
            "eps_4q": -4.52,
            "eps_4q_growth_year": null,
            "roe": -3.8,
            "roe_4q": -59.92,
            "gross_profit": 4940,
            "gross_margin": 18.41,
            "gross_margin_4q_avg": 8.84,
            "net_income": -5530,
            "net_income_4q": null,
            "revenue": 26832,
            "revenue_4q": null,
            "common_shares": 136743,
            "book_valuer_per_share": 15.88,
            "book_valuer_per_share_4q_avg": 9.5,
            "equity": 217154,
            "current_ratio": 25.38,
            "debt_ratio": 57.61,
            "inventory_turnover_ratio": 2.28,
            "account_receivable_turnover_ratio": 1.15,
            "reinvestment_rate": null,
            "research_to_sale_ratio": 3.57,
            "price_fair": 18.9,
            "eps_avg_yearly": 0.54,
            "eps_latest_yearly": 0.6,
            "eps_growth_yearly": 2250
        },
        "20142": {
            "year_quarter": 20142,
            "year": 2014,
            "quarter": 2,
            "eps": -0.78,
            "eps_growth_year": null,
            "eps_4q": -4.48,
            "eps_4q_growth_year": null,
            "roe": -5.02,
            "roe_4q": -55.980000000000004,
            "gross_profit": 797,
            "gross_margin": 6.35,
            "gross_margin_4q_avg": 8.15,
            "net_income": -10622,
            "net_income_4q": null,
            "revenue": 12554,
            "revenue_4q": null,
            "common_shares": 136743,
            "book_valuer_per_share": 15.07,
            "book_valuer_per_share_4q_avg": 11.08,
            "equity": 206103,
            "current_ratio": 21.5,
            "debt_ratio": 58.8,
            "inventory_turnover_ratio": 1.19,
            "account_receivable_turnover_ratio": 0.64,
            "reinvestment_rate": null,
            "research_to_sale_ratio": 6.69,
            "price_fair": 18.9,
            "eps_avg_yearly": 0.54,
            "eps_latest_yearly": 0.6,
            "eps_growth_yearly": 2250
        },
        "20143": {
            "year_quarter": 20143,
            "year": 2014,
            "quarter": 3,
            "eps": -0.59,
            "eps_growth_year": null,
            "eps_4q": -4.35,
            "eps_4q_growth_year": null,
            "roe": -3.99,
            "roe_4q": -51.34,
            "gross_profit": 830,
            "gross_margin": 4.42,
            "gross_margin_4q_avg": 4.38,
            "net_income": -8055,
            "net_income_4q": null,
            "revenue": 18776,
            "revenue_4q": null,
            "common_shares": 136743,
            "book_valuer_per_share": 14.47,
            "book_valuer_per_share_4q_avg": 12.7,
            "equity": 197872,
            "current_ratio": 20.38,
            "debt_ratio": 60.08,
            "inventory_turnover_ratio": 1.62,
            "account_receivable_turnover_ratio": 1.13,
            "reinvestment_rate": null,
            "research_to_sale_ratio": 3.61,
            "price_fair": 18.9,
            "eps_avg_yearly": 0.54,
            "eps_latest_yearly": 0.6,
            "eps_growth_yearly": 2250
        },
        "20144": {
            "year_quarter": 20144,
            "year": 2014,
            "quarter": 4,
            "eps": -1.04,
            "eps_growth_year": null,
            "eps_4q": -2.81,
            "eps_4q_growth_year": null,
            "roe": -7.47,
            "roe_4q": -20.28,
            "gross_profit": 1043,
            "gross_margin": 6.2,
            "gross_margin_4q_avg": 8.85,
            "net_income": -14239,
            "net_income_4q": null,
            "revenue": 16829,
            "revenue_4q": null,
            "common_shares": 136743,
            "book_valuer_per_share": 13.41,
            "book_valuer_per_share_4q_avg": 14.71,
            "equity": 183388,
            "current_ratio": 15.37,
            "debt_ratio": 61.87,
            "inventory_turnover_ratio": 1.93,
            "account_receivable_turnover_ratio": 1.01,
            "reinvestment_rate": null,
            "research_to_sale_ratio": 6.9,
            "price_fair": 18.9,
            "eps_avg_yearly": 0.54,
            "eps_latest_yearly": 0.6,
            "eps_growth_yearly": 2250
        },
        "20151": {
            "year_quarter": 20151,
            "year": 2015,
            "quarter": 1,
            "eps": -0.17,
            "eps_growth_year": null,
            "eps_4q": -1.35,
            "eps_4q_growth_year": null,
            "roe": -1.36,
            "roe_4q": -17.84,
            "gross_profit": 3036,
            "gross_margin": 15.19,
            "gross_margin_4q_avg": 8.04,
            "net_income": -3147,
            "net_income_4q": null,
            "revenue": 19985,
            "revenue_4q": null,
            "common_shares": 266743,
            "book_valuer_per_share": 10.47,
            "book_valuer_per_share_4q_avg": 13.36,
            "equity": 279411,
            "current_ratio": 43.77,
            "debt_ratio": 43.64,
            "inventory_turnover_ratio": 3.04,
            "account_receivable_turnover_ratio": 1.1,
            "reinvestment_rate": null,
            "research_to_sale_ratio": 3.98,
            "price_fair": 18.9,
            "eps_avg_yearly": 0.54,
            "eps_latest_yearly": 0.6,
            "eps_growth_yearly": 2250
        },
        "20152": {
            "year_quarter": 20152,
            "year": 2015,
            "quarter": 2,
            "eps": -0.4,
            "eps_growth_year": null,
            "eps_4q": -1.29,
            "eps_4q_growth_year": null,
            "roe": -3.22,
            "roe_4q": -16.04,
            "gross_profit": 1846,
            "gross_margin": 12.69,
            "gross_margin_4q_avg": 9.63,
            "net_income": -8853,
            "net_income_4q": null,
            "revenue": 14545,
            "revenue_4q": null,
            "common_shares": 266743,
            "book_valuer_per_share": 10.15,
            "book_valuer_per_share_4q_avg": 12.13,
            "equity": 270708,
            "current_ratio": 20.5,
            "debt_ratio": 42,
            "inventory_turnover_ratio": 2.6,
            "account_receivable_turnover_ratio": 1.01,
            "reinvestment_rate": null,
            "research_to_sale_ratio": 7.01,
            "price_fair": 18.9,
            "eps_avg_yearly": 0.54,
            "eps_latest_yearly": 0.6,
            "eps_growth_yearly": 2250
        },
        "20153": {
            "year_quarter": 20153,
            "year": 2015,
            "quarter": 3,
            "eps": -0.17,
            "eps_growth_year": null,
            "eps_4q": -1.16,
            "eps_4q_growth_year": null,
            "roe": -1.76,
            "roe_4q": -13.81,
            "gross_profit": 2202,
            "gross_margin": 15.89,
            "gross_margin_4q_avg": 12.49,
            "net_income": -4718,
            "net_income_4q": null,
            "revenue": 13856,
            "revenue_4q": null,
            "common_shares": 266743,
            "book_valuer_per_share": 9.96,
            "book_valuer_per_share_4q_avg": 11,
            "equity": 265565,
            "current_ratio": 22.61,
            "debt_ratio": 43.09,
            "inventory_turnover_ratio": 2.86,
            "account_receivable_turnover_ratio": 1.34,
            "reinvestment_rate": null,
            "research_to_sale_ratio": 7.65,
            "price_fair": 18.9,
            "eps_avg_yearly": 0.54,
            "eps_latest_yearly": 0.6,
            "eps_growth_yearly": 2250
        },
        "20154": {
            "year_quarter": 20154,
            "year": 2015,
            "quarter": 4,
            "eps": -0.44,
            "eps_growth_year": null,
            "eps_4q": -1.06,
            "eps_4q_growth_year": null,
            "roe": -4.48,
            "roe_4q": -10.82,
            "gross_profit": 29,
            "gross_margin": 0.44,
            "gross_margin_4q_avg": 11.05,
            "net_income": -11640,
            "net_income_4q": null,
            "revenue": 6614,
            "revenue_4q": null,
            "common_shares": 266743,
            "book_valuer_per_share": 9.53,
            "book_valuer_per_share_4q_avg": 10.03,
            "equity": 254301,
            "current_ratio": 18.6,
            "debt_ratio": 44.07,
            "inventory_turnover_ratio": 1.55,
            "account_receivable_turnover_ratio": 0.63,
            "reinvestment_rate": null,
            "research_to_sale_ratio": 5.56,
            "price_fair": 18.9,
            "eps_avg_yearly": 0.54,
            "eps_latest_yearly": 0.6,
            "eps_growth_yearly": 2250
        },
        "20161": {
            "year_quarter": 20161,
            "year": 2016,
            "quarter": 1,
            "eps": 0.72,
            "eps_growth_year": null,
            "eps_4q": -0.23,
            "eps_4q_growth_year": null,
            "roe": 7.23,
            "roe_4q": -2.2300000000000004,
            "gross_profit": 2944,
            "gross_margin": 13.07,
            "gross_margin_4q_avg": 10.52,
            "net_income": 19089,
            "net_income_4q": null,
            "revenue": 22520,
            "revenue_4q": null,
            "common_shares": 266743,
            "book_valuer_per_share": 10.25,
            "book_valuer_per_share_4q_avg": 9.97,
            "equity": 273437,
            "current_ratio": 23.02,
            "debt_ratio": 43.06,
            "inventory_turnover_ratio": 5.95,
            "account_receivable_turnover_ratio": 1.68,
            "reinvestment_rate": null,
            "research_to_sale_ratio": 1.1,
            "price_fair": 21,
            "eps_avg_yearly": 0.6,
            "eps_latest_yearly": 0.6,
            "eps_growth_yearly": 100
        },
        "20162": {
            "year_quarter": 20162,
            "year": 2016,
            "quarter": 2,
            "eps": 0.09,
            "eps_growth_year": null,
            "eps_4q": 0.2,
            "eps_4q_growth_year": null,
            "roe": 0.96,
            "roe_4q": 1.9500000000000008,
            "gross_profit": 5824,
            "gross_margin": 29.72,
            "gross_margin_4q_avg": 14.78,
            "net_income": 2648,
            "net_income_4q": null,
            "revenue": 19593,
            "revenue_4q": null,
            "common_shares": 266743,
            "book_valuer_per_share": 10.36,
            "book_valuer_per_share_4q_avg": 10.03,
            "equity": 276349,
            "current_ratio": 29.05,
            "debt_ratio": 41.79,
            "inventory_turnover_ratio": 3.82,
            "account_receivable_turnover_ratio": 1.32,
            "reinvestment_rate": null,
            "research_to_sale_ratio": 0.92,
            "price_fair": 1.08,
            "eps_avg_yearly": 0.36,
            "eps_latest_yearly": 0.36,
            "eps_growth_yearly": -350
        },
        "20163": {
            "year_quarter": 20163,
            "year": 2016,
            "quarter": 3,
            "eps": -0.14,
            "eps_growth_year": null,
            "eps_4q": 0.24,
            "eps_4q_growth_year": null,
            "roe": -1.36,
            "roe_4q": 2.3499999999999996,
            "gross_profit": 2997,
            "gross_margin": 15.09,
            "gross_margin_4q_avg": 14.58,
            "net_income": -3742,
            "net_income_4q": null,
            "revenue": 19862,
            "revenue_4q": null,
            "common_shares": 266743,
            "book_valuer_per_share": 10.23,
            "book_valuer_per_share_4q_avg": 10.09,
            "equity": 272935,
            "current_ratio": 30.94,
            "debt_ratio": 43.82,
            "inventory_turnover_ratio": 1.41,
            "account_receivable_turnover_ratio": 1.7,
            "reinvestment_rate": null,
            "research_to_sale_ratio": 5.39,
            "price_fair": 1.08,
            "eps_avg_yearly": 0.36,
            "eps_latest_yearly": 0.36,
            "eps_growth_yearly": -350
        },
        "20164": {
            "year_quarter": 20164,
            "year": 2016,
            "quarter": 4,
            "eps": -0.02,
            "eps_growth_year": null,
            "eps_4q": 0.65,
            "eps_4q_growth_year": null,
            "roe": -0.22,
            "roe_4q": 6.61,
            "gross_profit": 2640,
            "gross_margin": 15.18,
            "gross_margin_4q_avg": 18.27,
            "net_income": -598,
            "net_income_4q": null,
            "revenue": 17390,
            "revenue_4q": null,
            "common_shares": 266743,
            "book_valuer_per_share": 10.22,
            "book_valuer_per_share_4q_avg": 10.27,
            "equity": 272504,
            "current_ratio": 27.56,
            "debt_ratio": 45.69,
            "inventory_turnover_ratio": 0.79,
            "account_receivable_turnover_ratio": 1.28,
            "reinvestment_rate": null,
            "research_to_sale_ratio": 7.34,
            "price_fair": 1.08,
            "eps_avg_yearly": 0.36,
            "eps_latest_yearly": 0.36,
            "eps_growth_yearly": -350
        },
        "20171": {
            "year_quarter": 20171,
            "year": 2017,
            "quarter": 1,
            "eps": -0.14,
            "eps_growth_year": -119.44,
            "eps_4q": -0.2,
            "eps_4q_growth_year": null,
            "roe": -1.38,
            "roe_4q": -2,
            "gross_profit": 2248,
            "gross_margin": 12.16,
            "gross_margin_4q_avg": 18.04,
            "net_income": -3739,
            "net_income_4q": null,
            "revenue": 18486,
            "revenue_4q": null,
            "common_shares": 266743,
            "book_valuer_per_share": 10.09,
            "book_valuer_per_share_4q_avg": 10.23,
            "equity": 269237,
            "current_ratio": 29.3,
            "debt_ratio": 47.98,
            "inventory_turnover_ratio": 0.83,
            "account_receivable_turnover_ratio": 1.2,
            "reinvestment_rate": null,
            "research_to_sale_ratio": 7.78,
            "price_fair": 1.08,
            "eps_avg_yearly": 0.36,
            "eps_latest_yearly": 0.36,
            "eps_growth_yearly": -350
        },
        "20172": {
            "year_quarter": 20172,
            "year": 2017,
            "quarter": 2,
            "eps": -0.04,
            "eps_growth_year": -144.44,
            "eps_4q": -0.34,
            "eps_4q_growth_year": -267.65,
            "roe": -0.35,
            "roe_4q": -3.31,
            "gross_profit": 5534,
            "gross_margin": 20.76,
            "gross_margin_4q_avg": 15.8,
            "net_income": -939,
            "net_income_4q": null,
            "revenue": 26654,
            "revenue_4q": null,
            "common_shares": 266743,
            "book_valuer_per_share": 10.05,
            "book_valuer_per_share_4q_avg": 10.15,
            "equity": 268118,
            "current_ratio": 37.4,
            "debt_ratio": 50.16,
            "inventory_turnover_ratio": 0.72,
            "account_receivable_turnover_ratio": 1.42,
            "reinvestment_rate": null,
            "research_to_sale_ratio": 3.61,
            "price_fair": 1.08,
            "eps_avg_yearly": 0.36,
            "eps_latest_yearly": 0.36,
            "eps_growth_yearly": -350
        },
        "20173": {
            "year_quarter": 20173,
            "year": 2017,
            "quarter": 3,
            "eps": -0.07,
            "eps_growth_year": null,
            "eps_4q": -0.28,
            "eps_4q_growth_year": -215.75,
            "roe": -0.78,
            "roe_4q": -2.73,
            "gross_profit": 4621,
            "gross_margin": 16.26,
            "gross_margin_4q_avg": 16.09,
            "net_income": -2080,
            "net_income_4q": null,
            "revenue": 28414,
            "revenue_4q": null,
            "common_shares": 266743,
            "book_valuer_per_share": 9.97,
            "book_valuer_per_share_4q_avg": 10.08,
            "equity": 265892,
            "current_ratio": 32.82,
            "debt_ratio": 50.22,
            "inventory_turnover_ratio": 0.7,
            "account_receivable_turnover_ratio": 1.38,
            "reinvestment_rate": null,
            "research_to_sale_ratio": 3.84,
            "price_fair": 1.08,
            "eps_avg_yearly": 0.36,
            "eps_latest_yearly": 0.36,
            "eps_growth_yearly": -350
        },
        "20174": {
            "year_quarter": 20174,
            "year": 2017,
            "quarter": 4,
            "eps": 3.57,
            "eps_growth_year": null,
            "eps_4q": 3.31,
            "eps_4q_growth_year": 408.04,
            "roe": 30.49,
            "roe_4q": 27.979999999999997,
            "gross_profit": 1025,
            "gross_margin": 5.39,
            "gross_margin_4q_avg": 13.64,
            "net_income": 95142,
            "net_income_4q": null,
            "revenue": 19011,
            "revenue_4q": null,
            "common_shares": 266743,
            "book_valuer_per_share": 13.43,
            "book_valuer_per_share_4q_avg": 10.89,
            "equity": 358251,
            "current_ratio": 27.18,
            "debt_ratio": 42.68,
            "inventory_turnover_ratio": 0.63,
            "account_receivable_turnover_ratio": 1.34,
            "reinvestment_rate": -68.18,
            "research_to_sale_ratio": 4.34,
            "price_fair": 1.08,
            "eps_avg_yearly": 0.36,
            "eps_latest_yearly": 0.36,
            "eps_growth_yearly": -350
        },
        "20181": {
            "year_quarter": 20181,
            "year": 2018,
            "quarter": 1,
            "eps": 0.03,
            "eps_growth_year": null,
            "eps_4q": 3.49,
            "eps_4q_growth_year": null,
            "roe": 0.26,
            "roe_4q": 29.619999999999997,
            "gross_profit": 8539,
            "gross_margin": 38.96,
            "gross_margin_4q_avg": 20.34,
            "net_income": 931,
            "net_income_4q": null,
            "revenue": 21915,
            "revenue_4q": null,
            "common_shares": 266743,
            "book_valuer_per_share": 13.47,
            "book_valuer_per_share_4q_avg": 11.73,
            "equity": 359182,
            "current_ratio": 60.43,
            "debt_ratio": 45.41,
            "inventory_turnover_ratio": 0.43,
            "account_receivable_turnover_ratio": 2.16,
            "reinvestment_rate": -57.68,
            "research_to_sale_ratio": 4.28,
            "price_fair": 0.72,
            "eps_avg_yearly": 0.24,
            "eps_latest_yearly": 0.12,
            "eps_growth_yearly": -373.32
        },
        "20182": {
            "year_quarter": 20182,
            "year": 2018,
            "quarter": 2,
            "eps": 0.33,
            "eps_growth_year": null,
            "eps_4q": 3.85,
            "eps_4q_growth_year": null,
            "roe": 2.4,
            "roe_4q": 32.37,
            "gross_profit": 6771,
            "gross_margin": 29.26,
            "gross_margin_4q_avg": 22.47,
            "net_income": 8713,
            "net_income_4q": null,
            "revenue": 23142,
            "revenue_4q": null,
            "common_shares": 266743,
            "book_valuer_per_share": 13.79,
            "book_valuer_per_share_4q_avg": 12.67,
            "equity": 367895,
            "current_ratio": 77.25,
            "debt_ratio": 44.44,
            "inventory_turnover_ratio": 0.44,
            "account_receivable_turnover_ratio": 1.82,
            "reinvestment_rate": -63.92,
            "research_to_sale_ratio": 5.39,
            "price_fair": 21,
            "eps_avg_yearly": 0.6,
            "eps_latest_yearly": 1.32,
            "eps_growth_yearly": 1084.45
        },
        "20183": {
            "year_quarter": 20183,
            "year": 2018,
            "quarter": 3,
            "eps": -0.09,
            "eps_growth_year": null,
            "eps_4q": 3.84,
            "eps_4q_growth_year": null,
            "roe": -0.66,
            "roe_4q": 32.489999999999995,
            "gross_profit": 5102,
            "gross_margin": 24.21,
            "gross_margin_4q_avg": 24.46,
            "net_income": -2405,
            "net_income_4q": null,
            "revenue": 21076,
            "revenue_4q": null,
            "common_shares": 266743,
            "book_valuer_per_share": 13.7,
            "book_valuer_per_share_4q_avg": 13.6,
            "equity": 365490,
            "current_ratio": 107.24,
            "debt_ratio": 42.52,
            "inventory_turnover_ratio": 0.42,
            "account_receivable_turnover_ratio": 1.68,
            "reinvestment_rate": -63.55,
            "research_to_sale_ratio": 6.26,
            "price_fair": 21,
            "eps_avg_yearly": 0.6,
            "eps_latest_yearly": 1.32,
            "eps_growth_yearly": 1084.45
        },
        "20184": {
            "year_quarter": 20184,
            "year": 2018,
            "quarter": 4,
            "eps": -0.28,
            "eps_growth_year": -107.73,
            "eps_4q": -0,
            "eps_4q_growth_year": -100.13,
            "roe": -2.03,
            "roe_4q": -0.030000000000000027,
            "gross_profit": 1647,
            "gross_margin": 8.49,
            "gross_margin_4q_avg": 25.23,
            "net_income": -7355,
            "net_income_4q": null,
            "revenue": 19407,
            "revenue_4q": null,
            "common_shares": 266743,
            "book_valuer_per_share": 13.43,
            "book_valuer_per_share_4q_avg": 13.6,
            "equity": 358135,
            "current_ratio": 160.87,
            "debt_ratio": 41.9,
            "inventory_turnover_ratio": 0.52,
            "account_receivable_turnover_ratio": 1.79,
            "reinvestment_rate": -62.61,
            "research_to_sale_ratio": 9.89,
            "price_fair": 21,
            "eps_avg_yearly": 0.6,
            "eps_latest_yearly": 1.32,
            "eps_growth_yearly": 1084.45
        },
        "20191": {
            "year_quarter": 20191,
            "year": 2019,
            "quarter": 1,
            "eps": -0.24,
            "eps_growth_year": -900,
            "eps_4q": -0.28,
            "eps_4q_growth_year": -107.9,
            "roe": -1.82,
            "roe_4q": -2.11,
            "gross_profit": 3150,
            "gross_margin": 19.57,
            "gross_margin_4q_avg": 20.38,
            "net_income": -6304,
            "net_income_4q": null,
            "revenue": 16098,
            "revenue_4q": null,
            "common_shares": 266743,
            "book_valuer_per_share": 12.6,
            "book_valuer_per_share_4q_avg": 13.38,
            "equity": 336025,
            "current_ratio": 148.31,
            "debt_ratio": 46.11,
            "inventory_turnover_ratio": 0.36,
            "account_receivable_turnover_ratio": 1.61,
            "reinvestment_rate": -74.74,
            "research_to_sale_ratio": 8.09,
            "price_fair": 21,
            "eps_avg_yearly": 0.6,
            "eps_latest_yearly": 1.32,
            "eps_growth_yearly": 1084.45
        },
        "20192": {
            "year_quarter": 20192,
            "year": 2019,
            "quarter": 2,
            "eps": -0.25,
            "eps_growth_year": -175.76,
            "eps_4q": -0.85,
            "eps_4q_growth_year": -122.1,
            "roe": -1.99,
            "roe_4q": -6.5,
            "gross_profit": 1202,
            "gross_margin": 7.88,
            "gross_margin_4q_avg": 15.04,
            "net_income": -6634,
            "net_income_4q": null,
            "revenue": 15247,
            "revenue_4q": null,
            "common_shares": 266743,
            "book_valuer_per_share": 12.35,
            "book_valuer_per_share_4q_avg": 13.02,
            "equity": 329391,
            "current_ratio": 150.05,
            "debt_ratio": 45.71,
            "inventory_turnover_ratio": 0.36,
            "account_receivable_turnover_ratio": 2.22,
            "reinvestment_rate": -80.55,
            "research_to_sale_ratio": 12.3,
            "price_fair": 21,
            "eps_avg_yearly": 0.6,
            "eps_latest_yearly": 1.32,
            "eps_growth_yearly": 1084.45
        },
        "20193": {
            "year_quarter": 20193,
            "year": 2019,
            "quarter": 3,
            "eps": -0.85,
            "eps_growth_year": null,
            "eps_4q": -1.62,
            "eps_4q_growth_year": -142.09,
            "roe": -7.17,
            "roe_4q": -13.01,
            "gross_profit": -13645,
            "gross_margin": -96.86,
            "gross_margin_4q_avg": -15.23,
            "net_income": -22802,
            "net_income_4q": null,
            "revenue": 14087,
            "revenue_4q": null,
            "common_shares": 266743,
            "book_valuer_per_share": 11.49,
            "book_valuer_per_share_4q_avg": 12.47,
            "equity": 306589,
            "current_ratio": 104.46,
            "debt_ratio": 46.88,
            "inventory_turnover_ratio": 0.96,
            "account_receivable_turnover_ratio": 2.86,
            "reinvestment_rate": -111.42,
            "research_to_sale_ratio": 13.65,
            "price_fair": 21,
            "eps_avg_yearly": 0.6,
            "eps_latest_yearly": 1.32,
            "eps_growth_yearly": 1084.45
        },
        "20194": {
            "year_quarter": 20194,
            "year": 2019,
            "quarter": 4,
            "eps": -0.53,
            "eps_growth_year": null,
            "eps_4q": -1.87,
            "eps_4q_growth_year": null,
            "roe": -4.68,
            "roe_4q": -15.66,
            "gross_profit": 7098,
            "gross_margin": 54.68,
            "gross_margin_4q_avg": -3.68,
            "net_income": -14026,
            "net_income_4q": null,
            "revenue": 12981,
            "revenue_4q": null,
            "common_shares": 266743,
            "book_valuer_per_share": 10.97,
            "book_valuer_per_share_4q_avg": 11.85,
            "equity": 292563,
            "current_ratio": 74.04,
            "debt_ratio": 47.76,
            "inventory_turnover_ratio": 0.4,
            "account_receivable_turnover_ratio": 2.34,
            "reinvestment_rate": -118.44,
            "research_to_sale_ratio": 11.82,
            "price_fair": 21,
            "eps_avg_yearly": 0.6,
            "eps_latest_yearly": 1.32,
            "eps_growth_yearly": 1084.45
        },
        "20201": {
            "year_quarter": 20201,
            "year": 2020,
            "quarter": 1,
            "eps": -0.13,
            "eps_growth_year": null,
            "eps_4q": -1.75,
            "eps_4q_growth_year": null,
            "roe": -1.15,
            "roe_4q": -14.99,
            "gross_profit": 3164,
            "gross_margin": 18.35,
            "gross_margin_4q_avg": -3.99,
            "net_income": -3342,
            "net_income_4q": null,
            "revenue": 17241,
            "revenue_4q": null,
            "common_shares": 266743,
            "book_valuer_per_share": 10.84,
            "book_valuer_per_share_4q_avg": 11.41,
            "equity": 289221,
            "current_ratio": 86.12,
            "debt_ratio": 48.05,
            "inventory_turnover_ratio": 1.52,
            "account_receivable_turnover_ratio": 2.46,
            "reinvestment_rate": -193.58,
            "research_to_sale_ratio": 7.3,
            "price_fair": 21,
            "eps_avg_yearly": 0.6,
            "eps_latest_yearly": 1.32,
            "eps_growth_yearly": 1084.45
        },
        "20202": {
            "year_quarter": 20202,
            "year": 2020,
            "quarter": 2,
            "eps": -0.02,
            "eps_growth_year": null,
            "eps_4q": -1.54,
            "eps_4q_growth_year": null,
            "roe": -0.27,
            "roe_4q": -13.27,
            "gross_profit": 6121,
            "gross_margin": 34.38,
            "gross_margin_4q_avg": 2.64,
            "net_income": -784,
            "net_income_4q": null,
            "revenue": 17806,
            "revenue_4q": null,
            "common_shares": 266743,
            "book_valuer_per_share": 10.81,
            "book_valuer_per_share_4q_avg": 11.03,
            "equity": 288437,
            "current_ratio": 104.55,
            "debt_ratio": 48.68,
            "inventory_turnover_ratio": 1.12,
            "account_receivable_turnover_ratio": 1.63,
            "reinvestment_rate": -192.54,
            "research_to_sale_ratio": 12.39,
            "price_fair": 25.2,
            "eps_avg_yearly": 0.72,
            "eps_latest_yearly": 1.32,
            "eps_growth_yearly": 1801.68
        },
        "20203": {
            "year_quarter": 20203,
            "year": 2020,
            "quarter": 3,
            "eps": -0.07,
            "eps_growth_year": null,
            "eps_4q": -0.75,
            "eps_4q_growth_year": null,
            "roe": -0.63,
            "roe_4q": -6.7299999999999995,
            "gross_profit": 6630,
            "gross_margin": 27.06,
            "gross_margin_4q_avg": 33.62,
            "net_income": -1811,
            "net_income_4q": null,
            "revenue": 24501,
            "revenue_4q": null,
            "common_shares": 266743,
            "book_valuer_per_share": 10.75,
            "book_valuer_per_share_4q_avg": 10.84,
            "equity": 286626,
            "current_ratio": 146.27,
            "debt_ratio": 50.99,
            "inventory_turnover_ratio": 1.19,
            "account_receivable_turnover_ratio": 1.49,
            "reinvestment_rate": -192.97,
            "research_to_sale_ratio": 12.51,
            "price_fair": 25.2,
            "eps_avg_yearly": 0.72,
            "eps_latest_yearly": 1.32,
            "eps_growth_yearly": 1801.68
        },
        "20204": {
            "year_quarter": 20204,
            "year": 2020,
            "quarter": 4,
            "eps": -0.15,
            "eps_growth_year": null,
            "eps_4q": -0.37,
            "eps_4q_growth_year": null,
            "roe": -1.4,
            "roe_4q": -3.4499999999999997,
            "gross_profit": 3049,
            "gross_margin": 14.68,
            "gross_margin_4q_avg": 23.62,
            "net_income": -3986,
            "net_income_4q": null,
            "revenue": 20773,
            "revenue_4q": null,
            "common_shares": 266743,
            "book_valuer_per_share": 10.6,
            "book_valuer_per_share_4q_avg": 10.75,
            "equity": 282640,
            "current_ratio": 122.84,
            "debt_ratio": 51,
            "inventory_turnover_ratio": 1.11,
            "account_receivable_turnover_ratio": 1.26,
            "reinvestment_rate": -265.49,
            "research_to_sale_ratio": 8.57,
            "price_fair": 25.2,
            "eps_avg_yearly": 0.72,
            "eps_latest_yearly": 1.32,
            "eps_growth_yearly": 1801.68
        },
        "20211": {
            "year_quarter": 20211,
            "year": 2021,
            "quarter": 1,
            "eps": 0.09,
            "eps_growth_year": null,
            "eps_4q": -0.12,
            "eps_4q_growth_year": null,
            "roe": 0.94,
            "roe_4q": -1.3599999999999999,
            "gross_profit": 10489,
            "gross_margin": 21.85,
            "gross_margin_4q_avg": 24.49,
            "net_income": 2848,
            "net_income_4q": null,
            "revenue": 47997,
            "revenue_4q": null,
            "common_shares": 306743,
            "book_valuer_per_share": 10.61,
            "book_valuer_per_share_4q_avg": 10.69,
            "equity": 325488,
            "current_ratio": 198.74,
            "debt_ratio": 46.85,
            "inventory_turnover_ratio": 2.46,
            "account_receivable_turnover_ratio": 1.48,
            "reinvestment_rate": -244.5,
            "research_to_sale_ratio": 3.25,
            "price_fair": 25.2,
            "eps_avg_yearly": 0.72,
            "eps_latest_yearly": 1.32,
            "eps_growth_yearly": 1801.68
        },
        "20212": {
            "year_quarter": 20212,
            "year": 2021,
            "quarter": 2,
            "eps": -0.17,
            "eps_growth_year": null,
            "eps_4q": -0.26,
            "eps_4q_growth_year": null,
            "roe": -1.53,
            "roe_4q": -2.62,
            "gross_profit": 12398,
            "gross_margin": 17.1,
            "gross_margin_4q_avg": 20.17,
            "net_income": -5071,
            "net_income_4q": null,
            "revenue": 72511,
            "revenue_4q": null,
            "common_shares": 306743,
            "book_valuer_per_share": 10.95,
            "book_valuer_per_share_4q_avg": 10.73,
            "equity": 335814,
            "current_ratio": 217.97,
            "debt_ratio": 60.43,
            "inventory_turnover_ratio": 3.56,
            "account_receivable_turnover_ratio": 1.09,
            "reinvestment_rate": -277.04,
            "research_to_sale_ratio": 8.22,
            "price_fair": 25.2,
            "eps_avg_yearly": 0.72,
            "eps_latest_yearly": 1.32,
            "eps_growth_yearly": 1801.68
        },
        "20213": {
            "year_quarter": 20213,
            "year": 2021,
            "quarter": 3,
            "eps": -0.04,
            "eps_growth_year": null,
            "eps_4q": -0.19,
            "eps_4q_growth_year": null,
            "roe": -0.31,
            "roe_4q": -2.3,
            "gross_profit": 11860,
            "gross_margin": 11.42,
            "gross_margin_4q_avg": 16.26,
            "net_income": -1261,
            "net_income_4q": null,
            "revenue": 103893,
            "revenue_4q": null,
            "common_shares": 386743,
            "book_valuer_per_share": 12.15,
            "book_valuer_per_share_4q_avg": 11.08,
            "equity": 469930,
            "current_ratio": 285.67,
            "debt_ratio": 53.59,
            "inventory_turnover_ratio": 4.93,
            "account_receivable_turnover_ratio": 1.09,
            "reinvestment_rate": -290.2,
            "research_to_sale_ratio": 2.73,
            "price_fair": 25.2,
            "eps_avg_yearly": 0.72,
            "eps_latest_yearly": 1.32,
            "eps_growth_yearly": 1801.68
        },
        "20214": {
            "year_quarter": 20214,
            "year": 2021,
            "quarter": 4,
            "eps": -0.18,
            "eps_growth_year": null,
            "eps_4q": -0.27,
            "eps_4q_growth_year": null,
            "roe": -1.5,
            "roe_4q": -2.4,
            "gross_profit": 5857,
            "gross_margin": 6.25,
            "gross_margin_4q_avg": 14.16,
            "net_income": -7186,
            "net_income_4q": null,
            "revenue": 93645,
            "revenue_4q": null,
            "common_shares": 399513,
            "book_valuer_per_share": 12.22,
            "book_valuer_per_share_4q_avg": 11.48,
            "equity": 488201,
            "current_ratio": 246.8,
            "debt_ratio": 52.38,
            "inventory_turnover_ratio": 1.48,
            "account_receivable_turnover_ratio": 0.84,
            "reinvestment_rate": null,
            "research_to_sale_ratio": 2.66,
            "price_fair": 25.2,
            "eps_avg_yearly": 0.72,
            "eps_latest_yearly": 1.32,
            "eps_growth_yearly": 1801.68
        },
        "20221": {
            "year_quarter": 20221,
            "year": 2022,
            "quarter": 1,
            "eps": 0.57,
            "eps_growth_year": 533.33,
            "eps_4q": 0.24,
            "eps_4q_growth_year": null,
            "roe": 4.47,
            "roe_4q": 1.1299999999999997,
            "gross_profit": 38766,
            "gross_margin": 24.1,
            "gross_margin_4q_avg": 14.72,
            "net_income": 23757,
            "net_income_4q": null,
            "revenue": 160825,
            "revenue_4q": null,
            "common_shares": 430827,
            "book_valuer_per_share": 13.34,
            "book_valuer_per_share_4q_avg": 12.17,
            "equity": 574583,
            "current_ratio": 212.64,
            "debt_ratio": 48.98,
            "inventory_turnover_ratio": 0.98,
            "account_receivable_turnover_ratio": 1.04,
            "reinvestment_rate": null,
            "research_to_sale_ratio": 3.16,
            "price_fair": 46.2,
            "eps_avg_yearly": 1.32,
            "eps_latest_yearly": 1.32,
            "eps_growth_yearly": 4000
        },
        "20222": {
            "year_quarter": 20222,
            "year": 2022,
            "quarter": 2,
            "eps": 2.98,
            "eps_growth_year": null,
            "eps_4q": 3.3,
            "eps_4q_growth_year": null,
            "roe": 19.88,
            "roe_4q": 22.54,
            "gross_profit": 156088,
            "gross_margin": 23.98,
            "gross_margin_4q_avg": 16.44,
            "net_income": 127085,
            "net_income_4q": null,
            "revenue": 650927,
            "revenue_4q": null,
            "common_shares": 431672,
            "book_valuer_per_share": 16.3,
            "book_valuer_per_share_4q_avg": 13.5,
            "equity": 703766,
            "current_ratio": 229.12,
            "debt_ratio": 46.5,
            "inventory_turnover_ratio": 4.35,
            "account_receivable_turnover_ratio": 1.68,
            "reinvestment_rate": -40.93,
            "research_to_sale_ratio": 0.58,
            "price_fair": 417.2,
            "eps_avg_yearly": 11.92,
            "eps_latest_yearly": 11.92,
            "eps_growth_yearly": 1691.23
        },
        "20223": {
            "year_quarter": 20223,
            "year": 2022,
            "quarter": 3,
            "eps": 2.51,
            "eps_growth_year": null,
            "eps_4q": 5.37,
            "eps_4q_growth_year": null,
            "roe": 13.75,
            "roe_4q": 36.599999999999994,
            "gross_profit": 110959,
            "gross_margin": 19.91,
            "gross_margin_4q_avg": 18.56,
            "net_income": 110024,
            "net_income_4q": null,
            "revenue": 557315,
            "revenue_4q": null,
            "common_shares": 472564,
            "book_valuer_per_share": 18.98,
            "book_valuer_per_share_4q_avg": 15.21,
            "equity": 896994,
            "current_ratio": 175.7,
            "debt_ratio": 39.89,
            "inventory_turnover_ratio": 7.52,
            "account_receivable_turnover_ratio": 0.83,
            "reinvestment_rate": -11.12,
            "research_to_sale_ratio": 0.96,
            "price_fair": 384.3,
            "eps_avg_yearly": 10.98,
            "eps_latest_yearly": 10.04,
            "eps_growth_yearly": 814.07
        },
        "20224": {
            "year_quarter": 20224,
            "year": 2022,
            "quarter": 4,
            "eps": 0.08,
            "eps_growth_year": null,
            "eps_4q": 3.88,
            "eps_4q_growth_year": null,
            "roe": 0.55,
            "roe_4q": 38.65,
            "gross_profit": 74279,
            "gross_margin": 24.92,
            "gross_margin_4q_avg": 23.23,
            "net_income": 5668,
            "net_income_4q": null,
            "revenue": 298130,
            "revenue_4q": null,
            "common_shares": 480545,
            "book_valuer_per_share": 21.82,
            "book_valuer_per_share_4q_avg": 17.61,
            "equity": 1146208,
            "current_ratio": 277.84,
            "debt_ratio": 25.9,
            "inventory_turnover_ratio": 8.76,
            "account_receivable_turnover_ratio": 0.5,
            "reinvestment_rate": -6.14,
            "research_to_sale_ratio": 5.01,
            "price_fair": 259.93,
            "eps_avg_yearly": 7.43,
            "eps_latest_yearly": 0.32,
            "eps_growth_yearly": 413.63
        },
        "20231": {
            "year_quarter": 20231,
            "year": 2023,
            "quarter": 1,
            "eps": 0.09,
            "eps_growth_year": -84.21,
            "eps_4q": 4.13,
            "eps_4q_growth_year": 1637.52,
            "roe": 0.4,
            "roe_4q": 34.58,
            "gross_profit": 29373,
            "gross_margin": 22.67,
            "gross_margin_4q_avg": 22.87,
            "net_income": 5252,
            "net_income_4q": null,
            "revenue": 129561,
            "revenue_4q": null,
            "common_shares": 600645,
            "book_valuer_per_share": 24.9,
            "book_valuer_per_share_4q_avg": 20.5,
            "equity": 1495792,
            "current_ratio": 915.07,
            "debt_ratio": 8.12,
            "inventory_turnover_ratio": 13.41,
            "account_receivable_turnover_ratio": 0.41,
            "reinvestment_rate": -1.03,
            "research_to_sale_ratio": 6.31,
            "price_fair": 198.1,
            "eps_avg_yearly": 5.66,
            "eps_latest_yearly": 0.36,
            "eps_growth_yearly": 322.72
        },
        "20232": {
            "year_quarter": 20232,
            "year": 2023,
            "quarter": 2,
            "eps": 0.07,
            "eps_growth_year": -97.65,
            "eps_4q": 1.84,
            "eps_4q_growth_year": -44.22,
            "roe": 0.27,
            "roe_4q": 14.97,
            "gross_profit": 11024,
            "gross_margin": 12.64,
            "gross_margin_4q_avg": 20.04,
            "net_income": 4284,
            "net_income_4q": null,
            "revenue": 87239,
            "revenue_4q": null,
            "common_shares": 680645,
            "book_valuer_per_share": 24.58,
            "book_valuer_per_share_4q_avg": 22.57,
            "equity": 1672910,
            "current_ratio": 682.48,
            "debt_ratio": 11.22,
            "inventory_turnover_ratio": 15.25,
            "account_receivable_turnover_ratio": 0.48,
            "reinvestment_rate": 1.74,
            "research_to_sale_ratio": 9.02,
            "price_fair": 160.44,
            "eps_avg_yearly": 4.58,
            "eps_latest_yearly": 0.28,
            "eps_growth_yearly": 240.4
        }
    },
    "months": {
        "2003-12": {
            "month": "2003-12",
            "price": "25.88",
            "revenue": 56844
        },
        "2004-01": {
            "month": "2004-01",
            "price": "27.80",
            "revenue": 63123
        },
        "2004-02": {
            "month": "2004-02",
            "price": "32.91",
            "revenue": 72298
        },
        "2004-03": {
            "month": "2004-03",
            "price": "32.07",
            "revenue": 70859
        },
        "2004-04": {
            "month": "2004-04",
            "price": "30.56",
            "revenue": 73630
        },
        "2004-05": {
            "month": "2004-05",
            "price": "27.81",
            "revenue": 75991
        },
        "2004-06": {
            "month": "2004-06",
            "price": "27.02",
            "revenue": 73285
        },
        "2004-07": {
            "month": "2004-07",
            "price": "24.27",
            "revenue": 81933
        },
        "2004-08": {
            "month": "2004-08",
            "price": "21.83",
            "revenue": 95689
        },
        "2004-09": {
            "month": "2004-09",
            "price": "22.53",
            "revenue": 97894
        },
        "2004-10": {
            "month": "2004-10",
            "price": "22.46",
            "revenue": 82742
        },
        "2004-11": {
            "month": "2004-11",
            "price": "20.11",
            "revenue": 73155
        },
        "2004-12": {
            "month": "2004-12",
            "price": "18.89",
            "revenue": 66759
        },
        "2005-01": {
            "month": "2005-01",
            "price": "18.60",
            "revenue": 64797
        },
        "2005-02": {
            "month": "2005-02",
            "price": "20.71",
            "revenue": 43604
        },
        "2005-03": {
            "month": "2005-03",
            "price": "25.79",
            "revenue": 66709
        },
        "2005-04": {
            "month": "2005-04",
            "price": "23.36",
            "revenue": 48919
        },
        "2005-05": {
            "month": "2005-05",
            "price": "21.37",
            "revenue": 61346
        },
        "2005-06": {
            "month": "2005-06",
            "price": "24.60",
            "revenue": 69379
        },
        "2005-07": {
            "month": "2005-07",
            "price": "26.42",
            "revenue": 72393
        },
        "2005-08": {
            "month": "2005-08",
            "price": "22.38",
            "revenue": 85334
        },
        "2005-09": {
            "month": "2005-09",
            "price": "22.70",
            "revenue": 119778
        },
        "2005-10": {
            "month": "2005-10",
            "price": "20.80",
            "revenue": 68195
        },
        "2005-11": {
            "month": "2005-11",
            "price": "19.66",
            "revenue": 62888
        },
        "2005-12": {
            "month": "2005-12",
            "price": "19.84",
            "revenue": 51949
        },
        "2006-01": {
            "month": "2006-01",
            "price": "19.09",
            "revenue": 71271
        },
        "2006-02": {
            "month": "2006-02",
            "price": "18.66",
            "revenue": 80649
        },
        "2006-03": {
            "month": "2006-03",
            "price": "20.80",
            "revenue": 79471
        },
        "2006-04": {
            "month": "2006-04",
            "price": "20.82",
            "revenue": 83978
        },
        "2006-05": {
            "month": "2006-05",
            "price": "19.06",
            "revenue": 75666
        },
        "2006-06": {
            "month": "2006-06",
            "price": "16.12",
            "revenue": 58205
        },
        "2006-07": {
            "month": "2006-07",
            "price": "16.34",
            "revenue": 56903
        },
        "2006-08": {
            "month": "2006-08",
            "price": "14.76",
            "revenue": 52772
        },
        "2006-09": {
            "month": "2006-09",
            "price": "13.17",
            "revenue": 47700
        },
        "2006-10": {
            "month": "2006-10",
            "price": "13.77",
            "revenue": 33915
        },
        "2006-11": {
            "month": "2006-11",
            "price": "13.00",
            "revenue": 33548
        },
        "2006-12": {
            "month": "2006-12",
            "price": "16.35",
            "revenue": 34495
        },
        "2007-01": {
            "month": "2007-01",
            "price": "17.56",
            "revenue": 22360
        },
        "2007-02": {
            "month": "2007-02",
            "price": "15.79",
            "revenue": 20176
        },
        "2007-03": {
            "month": "2007-03",
            "price": "16.55",
            "revenue": 48203
        },
        "2007-04": {
            "month": "2007-04",
            "price": "16.35",
            "revenue": 61996
        },
        "2007-05": {
            "month": "2007-05",
            "price": "14.57",
            "revenue": 60865
        },
        "2007-06": {
            "month": "2007-06",
            "price": "15.46",
            "revenue": 47501
        },
        "2007-07": {
            "month": "2007-07",
            "price": "15.96",
            "revenue": 64498
        },
        "2007-08": {
            "month": "2007-08",
            "price": "17.37",
            "revenue": 96656
        },
        "2007-09": {
            "month": "2007-09",
            "price": "14.43",
            "revenue": 134356
        },
        "2007-10": {
            "month": "2007-10",
            "price": "14.28",
            "revenue": 144495
        },
        "2007-11": {
            "month": "2007-11",
            "price": "11.19",
            "revenue": 166425
        },
        "2007-12": {
            "month": "2007-12",
            "price": "11.35",
            "revenue": 163213
        },
        "2008-01": {
            "month": "2008-01",
            "price": "11.44",
            "revenue": 101913
        },
        "2008-02": {
            "month": "2008-02",
            "price": "9.18",
            "revenue": 92446
        },
        "2008-03": {
            "month": "2008-03",
            "price": "9.48",
            "revenue": 79844
        },
        "2008-04": {
            "month": "2008-04",
            "price": "9.50",
            "revenue": 107223
        },
        "2008-05": {
            "month": "2008-05",
            "price": "8.30",
            "revenue": 119959
        },
        "2008-06": {
            "month": "2008-06",
            "price": "6.57",
            "revenue": 120095
        },
        "2008-07": {
            "month": "2008-07",
            "price": "6.01",
            "revenue": 109979
        },
        "2008-08": {
            "month": "2008-08",
            "price": "5.47",
            "revenue": 117469
        },
        "2008-09": {
            "month": "2008-09",
            "price": "3.89",
            "revenue": 129574
        },
        "2008-10": {
            "month": "2008-10",
            "price": "3.34",
            "revenue": 69615
        },
        "2008-11": {
            "month": "2008-11",
            "price": "2.67",
            "revenue": 51973
        },
        "2008-12": {
            "month": "2008-12",
            "price": "2.32",
            "revenue": 40920
        },
        "2009-01": {
            "month": "2009-01",
            "price": "2.31",
            "revenue": 25813
        },
        "2009-02": {
            "month": "2009-02",
            "price": "2.31",
            "revenue": 25940
        },
        "2009-03": {
            "month": "2009-03",
            "price": "2.84",
            "revenue": 73906
        },
        "2009-04": {
            "month": "2009-04",
            "price": "3.83",
            "revenue": 42512
        },
        "2009-05": {
            "month": "2009-05",
            "price": "3.70",
            "revenue": 32895
        },
        "2009-06": {
            "month": "2009-06",
            "price": "3.35",
            "revenue": 61641
        },
        "2009-07": {
            "month": "2009-07",
            "price": "3.53",
            "revenue": 27865
        },
        "2009-08": {
            "month": "2009-08",
            "price": "3.72",
            "revenue": 34781
        },
        "2009-09": {
            "month": "2009-09",
            "price": "4.25",
            "revenue": 64319
        },
        "2009-10": {
            "month": "2009-10",
            "price": "4.96",
            "revenue": 26125
        },
        "2009-11": {
            "month": "2009-11",
            "price": "5.97",
            "revenue": 37671
        },
        "2009-12": {
            "month": "2009-12",
            "price": "5.89",
            "revenue": 65861
        },
        "2010-01": {
            "month": "2010-01",
            "price": "6.85",
            "revenue": 20844
        },
        "2010-02": {
            "month": "2010-02",
            "price": "6.31",
            "revenue": 20650
        },
        "2010-03": {
            "month": "2010-03",
            "price": "6.60",
            "revenue": 55280
        },
        "2010-04": {
            "month": "2010-04",
            "price": "6.90",
            "revenue": 41057
        },
        "2010-05": {
            "month": "2010-05",
            "price": "6.08",
            "revenue": 55043
        },
        "2010-06": {
            "month": "2010-06",
            "price": "7.46",
            "revenue": 52845
        },
        "2010-07": {
            "month": "2010-07",
            "price": "9.20",
            "revenue": 39379
        },
        "2010-08": {
            "month": "2010-08",
            "price": "8.55",
            "revenue": 62267
        },
        "2010-09": {
            "month": "2010-09",
            "price": "7.09",
            "revenue": 65467
        },
        "2010-10": {
            "month": "2010-10",
            "price": "6.22",
            "revenue": 49340
        },
        "2010-11": {
            "month": "2010-11",
            "price": "6.08",
            "revenue": 38320
        },
        "2010-12": {
            "month": "2010-12",
            "price": "8.45",
            "revenue": 28400
        },
        "2011-01": {
            "month": "2011-01",
            "price": "7.33",
            "revenue": 27809
        },
        "2011-02": {
            "month": "2011-02",
            "price": "7.32",
            "revenue": 8740
        },
        "2011-03": {
            "month": "2011-03",
            "price": "6.80",
            "revenue": 15870
        },
        "2011-04": {
            "month": "2011-04",
            "price": "6.25",
            "revenue": 15290
        },
        "2011-05": {
            "month": "2011-05",
            "price": "3.71",
            "revenue": 20405
        },
        "2011-06": {
            "month": "2011-06",
            "price": "3.04",
            "revenue": 24469
        },
        "2011-07": {
            "month": "2011-07",
            "price": "3.14",
            "revenue": 21556
        },
        "2011-08": {
            "month": "2011-08",
            "price": "2.86",
            "revenue": 12305
        },
        "2011-09": {
            "month": "2011-09",
            "price": "3.04",
            "revenue": 20674
        },
        "2011-10": {
            "month": "2011-10",
            "price": "4.17",
            "revenue": 17908
        },
        "2011-11": {
            "month": "2011-11",
            "price": "5.66",
            "revenue": 12665
        },
        "2011-12": {
            "month": "2011-12",
            "price": "6.73",
            "revenue": 17457
        },
        "2012-01": {
            "month": "2012-01",
            "price": "6.46",
            "revenue": 18054
        },
        "2012-02": {
            "month": "2012-02",
            "price": "6.50",
            "revenue": 14939
        },
        "2012-03": {
            "month": "2012-03",
            "price": "6.53",
            "revenue": 21480
        },
        "2012-04": {
            "month": "2012-04",
            "price": "5.61",
            "revenue": 16696
        },
        "2012-05": {
            "month": "2012-05",
            "price": "5.32",
            "revenue": 31241
        },
        "2012-06": {
            "month": "2012-06",
            "price": "5.52",
            "revenue": 39402
        },
        "2012-07": {
            "month": "2012-07",
            "price": "5.23",
            "revenue": 27559
        },
        "2012-08": {
            "month": "2012-08",
            "price": "5.01",
            "revenue": 29848
        },
        "2012-09": {
            "month": "2012-09",
            "price": "5.12",
            "revenue": 29809
        },
        "2012-10": {
            "month": "2012-10",
            "price": "11.94",
            "revenue": 22673
        },
        "2012-11": {
            "month": "2012-11",
            "price": "11.68",
            "revenue": 23620
        },
        "2012-12": {
            "month": "2012-12",
            "price": "10.70",
            "revenue": 27583
        },
        "2013-01": {
            "month": "2013-01",
            "price": "10.86",
            "revenue": 16352
        },
        "2013-02": {
            "month": "2013-02",
            "price": "11.50",
            "revenue": 15370
        },
        "2013-03": {
            "month": "2013-03",
            "price": "11.20",
            "revenue": 20078
        },
        "2013-04": {
            "month": "2013-04",
            "price": "8.93",
            "revenue": 18089
        },
        "2013-05": {
            "month": "2013-05",
            "price": "9.83",
            "revenue": 14022
        },
        "2013-06": {
            "month": "2013-06",
            "price": "8.94",
            "revenue": 15975
        },
        "2013-07": {
            "month": "2013-07",
            "price": "8.48",
            "revenue": 10398
        },
        "2013-08": {
            "month": "2013-08",
            "price": "7.86",
            "revenue": 8994
        },
        "2013-09": {
            "month": "2013-09",
            "price": "7.82",
            "revenue": 7511
        },
        "2013-10": {
            "month": "2013-10",
            "price": "7.41",
            "revenue": 8826
        },
        "2013-11": {
            "month": "2013-11",
            "price": "6.95",
            "revenue": 9137
        },
        "2013-12": {
            "month": "2013-12",
            "price": "6.94",
            "revenue": 6577
        },
        "2014-01": {
            "month": "2014-01",
            "price": "8.25",
            "revenue": 13683
        },
        "2014-02": {
            "month": "2014-02",
            "price": "8.66",
            "revenue": 5355
        },
        "2014-03": {
            "month": "2014-03",
            "price": "8.80",
            "revenue": 7871
        },
        "2014-04": {
            "month": "2014-04",
            "price": "8.15",
            "revenue": 4665
        },
        "2014-05": {
            "month": "2014-05",
            "price": "9.52",
            "revenue": 4469
        },
        "2014-06": {
            "month": "2014-06",
            "price": "18.15",
            "revenue": 3473
        },
        "2014-07": {
            "month": "2014-07",
            "price": "19.70",
            "revenue": 6925
        },
        "2014-08": {
            "month": "2014-08",
            "price": "15.79",
            "revenue": 8227
        },
        "2014-09": {
            "month": "2014-09",
            "price": "18.19",
            "revenue": 3500
        },
        "2014-10": {
            "month": "2014-10",
            "price": "18.30",
            "revenue": 10502
        },
        "2014-11": {
            "month": "2014-11",
            "price": "15.81",
            "revenue": 3880
        },
        "2014-12": {
            "month": "2014-12",
            "price": "11.78",
            "revenue": 2291
        },
        "2015-01": {
            "month": "2015-01",
            "price": "9.54",
            "revenue": 1097
        },
        "2015-02": {
            "month": "2015-02",
            "price": "9.43",
            "revenue": 15170
        },
        "2015-03": {
            "month": "2015-03",
            "price": "14.54",
            "revenue": 3718
        },
        "2015-04": {
            "month": "2015-04",
            "price": "19.11",
            "revenue": 4128
        },
        "2015-05": {
            "month": "2015-05",
            "price": "18.27",
            "revenue": 7072
        },
        "2015-06": {
            "month": "2015-06",
            "price": "18.49",
            "revenue": 3345
        },
        "2015-07": {
            "month": "2015-07",
            "price": "17.14",
            "revenue": 4244
        },
        "2015-08": {
            "month": "2015-08",
            "price": "14.91",
            "revenue": 3474
        },
        "2015-09": {
            "month": "2015-09",
            "price": "14.15",
            "revenue": 6138
        },
        "2015-10": {
            "month": "2015-10",
            "price": "13.51",
            "revenue": 3720
        },
        "2015-11": {
            "month": "2015-11",
            "price": "12.66",
            "revenue": 1022
        },
        "2015-12": {
            "month": "2015-12",
            "price": "11.06",
            "revenue": 1871
        },
        "2016-01": {
            "month": "2016-01",
            "price": "9.00",
            "revenue": 11917
        },
        "2016-02": {
            "month": "2016-02",
            "price": "8.42",
            "revenue": 1927
        },
        "2016-03": {
            "month": "2016-03",
            "price": "10.74",
            "revenue": 8676
        },
        "2016-04": {
            "month": "2016-04",
            "price": "13.20",
            "revenue": 7962
        },
        "2016-05": {
            "month": "2016-05",
            "price": "13.65",
            "revenue": 2751
        },
        "2016-06": {
            "month": "2016-06",
            "price": "13.36",
            "revenue": 8881
        },
        "2016-07": {
            "month": "2016-07",
            "price": "14.33",
            "revenue": 10517
        },
        "2016-08": {
            "month": "2016-08",
            "price": "13.37",
            "revenue": 5821
        },
        "2016-09": {
            "month": "2016-09",
            "price": "12.62",
            "revenue": 3524
        },
        "2016-10": {
            "month": "2016-10",
            "price": "11.32",
            "revenue": 8484
        },
        "2016-11": {
            "month": "2016-11",
            "price": "10.65",
            "revenue": 5301
        },
        "2016-12": {
            "month": "2016-12",
            "price": "12.22",
            "revenue": 3605
        },
        "2017-01": {
            "month": "2017-01",
            "price": "12.54",
            "revenue": 4816
        },
        "2017-02": {
            "month": "2017-02",
            "price": "12.51",
            "revenue": 4364
        },
        "2017-03": {
            "month": "2017-03",
            "price": "12.84",
            "revenue": 9344
        },
        "2017-04": {
            "month": "2017-04",
            "price": "12.05",
            "revenue": 9863
        },
        "2017-05": {
            "month": "2017-05",
            "price": "11.92",
            "revenue": 10422
        },
        "2017-06": {
            "month": "2017-06",
            "price": "11.91",
            "revenue": 6375
        },
        "2017-07": {
            "month": "2017-07",
            "price": "11.62",
            "revenue": 13484
        },
        "2017-08": {
            "month": "2017-08",
            "price": "11.07",
            "revenue": 8144
        },
        "2017-09": {
            "month": "2017-09",
            "price": "10.99",
            "revenue": 6785
        },
        "2017-10": {
            "month": "2017-10",
            "price": "10.75",
            "revenue": 6030
        },
        "2017-11": {
            "month": "2017-11",
            "price": "10.66",
            "revenue": 6673
        },
        "2017-12": {
            "month": "2017-12",
            "price": "10.96",
            "revenue": 6307
        },
        "2018-01": {
            "month": "2018-01",
            "price": "10.87",
            "revenue": 5064
        },
        "2018-02": {
            "month": "2018-02",
            "price": "10.03",
            "revenue": 10444
        },
        "2018-03": {
            "month": "2018-03",
            "price": "11.18",
            "revenue": 6407
        },
        "2018-04": {
            "month": "2018-04",
            "price": "13.55",
            "revenue": 6508
        },
        "2018-05": {
            "month": "2018-05",
            "price": "11.95",
            "revenue": 8323
        },
        "2018-06": {
            "month": "2018-06",
            "price": "16.65",
            "revenue": 8313
        },
        "2018-07": {
            "month": "2018-07",
            "price": "16.28",
            "revenue": 7489
        },
        "2018-08": {
            "month": "2018-08",
            "price": "15.47",
            "revenue": 8639
        },
        "2018-09": {
            "month": "2018-09",
            "price": "14.53",
            "revenue": 4969
        },
        "2018-10": {
            "month": "2018-10",
            "price": "11.29",
            "revenue": 7721
        },
        "2018-11": {
            "month": "2018-11",
            "price": "10.09",
            "revenue": 4869
        },
        "2018-12": {
            "month": "2018-12",
            "price": "10.11",
            "revenue": 6816
        },
        "2019-01": {
            "month": "2019-01",
            "price": "11.09",
            "revenue": 6184
        },
        "2019-02": {
            "month": "2019-02",
            "price": "11.57",
            "revenue": 3683
        },
        "2019-03": {
            "month": "2019-03",
            "price": "12.10",
            "revenue": 6231
        },
        "2019-04": {
            "month": "2019-04",
            "price": "11.70",
            "revenue": 5686
        },
        "2019-05": {
            "month": "2019-05",
            "price": "10.70",
            "revenue": 5921
        },
        "2019-06": {
            "month": "2019-06",
            "price": "10.21",
            "revenue": 3640
        },
        "2019-07": {
            "month": "2019-07",
            "price": "9.92",
            "revenue": 4191
        },
        "2019-08": {
            "month": "2019-08",
            "price": "10.67",
            "revenue": 5310
        },
        "2019-09": {
            "month": "2019-09",
            "price": "12.92",
            "revenue": 4587
        },
        "2019-10": {
            "month": "2019-10",
            "price": "16.51",
            "revenue": 6380
        },
        "2019-11": {
            "month": "2019-11",
            "price": "15.34",
            "revenue": 2734
        },
        "2019-12": {
            "month": "2019-12",
            "price": "15.50",
            "revenue": 3867
        },
        "2020-01": {
            "month": "2020-01",
            "price": "14.09",
            "revenue": 6756
        },
        "2020-02": {
            "month": "2020-02",
            "price": "14.23",
            "revenue": 3781
        },
        "2020-03": {
            "month": "2020-03",
            "price": "12.18",
            "revenue": 6704
        },
        "2020-04": {
            "month": "2020-04",
            "price": "11.40",
            "revenue": 5130
        },
        "2020-05": {
            "month": "2020-05",
            "price": "12.78",
            "revenue": 6101
        },
        "2020-06": {
            "month": "2020-06",
            "price": "12.47",
            "revenue": 6576
        },
        "2020-07": {
            "month": "2020-07",
            "price": "12.14",
            "revenue": 11096
        },
        "2020-08": {
            "month": "2020-08",
            "price": "12.31",
            "revenue": 7588
        },
        "2020-09": {
            "month": "2020-09",
            "price": "12.18",
            "revenue": 5817
        },
        "2020-10": {
            "month": "2020-10",
            "price": "11.68",
            "revenue": 5872
        },
        "2020-11": {
            "month": "2020-11",
            "price": "11.40",
            "revenue": 3784
        },
        "2020-12": {
            "month": "2020-12",
            "price": "12.55",
            "revenue": 11117
        },
        "2021-01": {
            "month": "2021-01",
            "price": "14.61",
            "revenue": 4235
        },
        "2021-02": {
            "month": "2021-02",
            "price": "16.38",
            "revenue": 10762
        },
        "2021-03": {
            "month": "2021-03",
            "price": "17.84",
            "revenue": 32999
        },
        "2021-04": {
            "month": "2021-04",
            "price": "19.13",
            "revenue": 34533
        },
        "2021-05": {
            "month": "2021-05",
            "price": "22.45",
            "revenue": 8391
        },
        "2021-06": {
            "month": "2021-06",
            "price": "25.78",
            "revenue": 29587
        },
        "2021-07": {
            "month": "2021-07",
            "price": "28.59",
            "revenue": 30124
        },
        "2021-08": {
            "month": "2021-08",
            "price": "25.22",
            "revenue": 48603
        },
        "2021-09": {
            "month": "2021-09",
            "price": "25.36",
            "revenue": 25165
        },
        "2021-10": {
            "month": "2021-10",
            "price": "20.67",
            "revenue": 29790
        },
        "2021-11": {
            "month": "2021-11",
            "price": "24.68",
            "revenue": 54261
        },
        "2021-12": {
            "month": "2021-12",
            "price": "31.53",
            "revenue": 9594
        },
        "2022-01": {
            "month": "2022-01",
            "price": "32.79",
            "revenue": 35352
        },
        "2022-02": {
            "month": "2022-02",
            "price": "39.49",
            "revenue": 33573
        },
        "2022-03": {
            "month": "2022-03",
            "price": "39.41",
            "revenue": 91900
        },
        "2022-04": {
            "month": "2022-04",
            "price": "45.34",
            "revenue": 242318
        },
        "2022-05": {
            "month": "2022-05",
            "price": "57.45",
            "revenue": 224287
        },
        "2022-06": {
            "month": "2022-06",
            "price": "81.17",
            "revenue": 184322
        },
        "2022-07": {
            "month": "2022-07",
            "price": "74.09",
            "revenue": 156012
        },
        "2022-08": {
            "month": "2022-08",
            "price": "80.95",
            "revenue": 194313
        },
        "2022-09": {
            "month": "2022-09",
            "price": "75.92",
            "revenue": 206990
        },
        "2022-10": {
            "month": "2022-10",
            "price": "61.93",
            "revenue": 119027
        },
        "2022-11": {
            "month": "2022-11",
            "price": "61.49",
            "revenue": 92320
        },
        "2022-12": {
            "month": "2022-12",
            "price": "63.84",
            "revenue": 86782
        },
        "2023-01": {
            "month": "2023-01",
            "price": "60.15",
            "revenue": 71953
        },
        "2023-02": {
            "month": "2023-02",
            "price": "59.41",
            "revenue": 56848
        },
        "2023-03": {
            "month": "2023-03",
            "price": "51.23",
            "revenue": 761
        },
        "2023-04": {
            "month": "2023-04",
            "price": "47.84",
            "revenue": 258
        },
        "2023-05": {
            "month": "2023-05",
            "price": "56.16",
            "revenue": 43186
        },
        "2023-06": {
            "month": "2023-06",
            "price": "58.34",
            "revenue": 43796
        },
        "2023-07": {
            "month": "2023-07",
            "price": "51.77",
            "revenue": 968
        },
        "2023-08": {
            "month": "2023-08",
            "price": "51.82",
            "revenue": 1595
        },
        "2023-09": {
            "month": "2023-09",
            "price": "53.70",
            "revenue": 1944
        }
    }
}
