{
    "summary": {
        "stock_name": "華冠",
        "stock_id": "8101",
        "category": "通信網路",
        "main_business": "無線通信機械器材之製造及銷售<br>電信管制射頻器材之製造及銷售<br>電子零組件之製造及銷售",
        "website_url": "http://www.arimacomm.com.tw",
        "ceo": "周照程",
        "pe_ratio": -3,
        "report_year_from": 2001,
        "report_year_to": 2023,
        "age": 22,
        "eps_negative_percentage": 57,
        "eps_growth_avg": {
            "last_all": -21.14,
            "last_2y": -100,
            "last_4y": -100,
            "last_8y": -63.41,
            "last_12y": -15.04,
            "last_16y": -27.18,
            "last_20y": null,
            "at_2006_last_3y": null,
            "at_2007_last_3y": -33.33,
            "at_2008_last_3y": -100,
            "at_2009_last_3y": -100,
            "at_2010_last_3y": 0,
            "at_2011_last_3y": 100,
            "at_2012_last_3y": 33.33,
            "at_2013_last_3y": 33.33,
            "at_2014_last_3y": 3.25,
            "at_2015_last_3y": -63.41,
            "at_2016_last_3y": -45.12,
            "at_2017_last_3y": -45.12,
            "at_2018_last_3y": -100,
            "at_2019_last_3y": null,
            "at_2020_last_3y": null,
            "at_2021_last_3y": null,
            "at_2022_last_3y": -100,
            "at_2023_last_3y": -100,
            "at_2006_last_all": 0,
            "at_2007_last_all": -33.33,
            "at_2008_last_all": -33.33,
            "at_2009_last_all": -33.33,
            "at_2010_last_all": 0,
            "at_2011_last_all": 20,
            "at_2012_last_all": 0,
            "at_2013_last_all": 0,
            "at_2014_last_all": 1.39,
            "at_2015_last_all": -11.28,
            "at_2016_last_all": -11.28,
            "at_2017_last_all": -11.28,
            "at_2018_last_all": -11.28,
            "at_2019_last_all": -11.28,
            "at_2020_last_all": -11.28,
            "at_2021_last_all": -11.28,
            "at_2022_last_all": -21.14,
            "at_2023_last_all": -21.14
        },
        "latest_eps": -1.84,
        "latest_price": 4.72,
        "latest_roe": -46.67,
        "latest_gross_margin": -14.67,
        "latest_equity": 242184,
        "latest_revenue": 48288,
        "latest_gross_profit": -7086,
        "latest_net_income": -65010,
        "latest_debt_ratio": 69.05,
        "latest_current_ratio": 62.27,
        "latest_account_receivable_turnover_ratio": 0.52,
        "latest_inventory_turnover_ratio": 0.53,
        "latest_reinvestment_rate": null,
        "latest_research_to_sale_ratio": 49.02
    },
    "eps_dividends": {
        "2001": {
            "cash": 0,
            "stock": 0,
            "eps": 0
        },
        "2002": {
            "cash": 0,
            "stock": 0,
            "eps": 0
        },
        "2003": {
            "cash": 0,
            "stock": 0,
            "eps": 1.12
        },
        "2004": {
            "cash": 0,
            "stock": 1.2,
            "eps": 2.24
        },
        "2005": {
            "cash": 1,
            "stock": 1,
            "eps": 0
        },
        "2006": {
            "cash": 0,
            "stock": 0,
            "eps": 0.99
        },
        "2007": {
            "cash": 0.5,
            "stock": 0.3,
            "eps": -1.74
        },
        "2008": {
            "cash": 0,
            "stock": 0,
            "eps": -1.66
        },
        "2009": {
            "cash": 0,
            "stock": 0,
            "eps": 0.06
        },
        "2010": {
            "cash": 0,
            "stock": 0,
            "eps": 0.15
        },
        "2011": {
            "cash": 0.3,
            "stock": 0.3,
            "eps": 1.08
        },
        "2012": {
            "cash": 0,
            "stock": 0,
            "eps": -1.15
        },
        "2013": {
            "cash": 0,
            "stock": 0,
            "eps": 0.41
        },
        "2014": {
            "cash": 0,
            "stock": 0,
            "eps": 0.45
        },
        "2015": {
            "cash": 0,
            "stock": 0,
            "eps": -0.86
        },
        "2016": {
            "cash": 0,
            "stock": 0,
            "eps": -3.73
        },
        "2017": {
            "cash": 0,
            "stock": 0,
            "eps": -1.64
        },
        "2018": {
            "cash": 0,
            "stock": 0,
            "eps": -3.05
        },
        "2019": {
            "cash": 0,
            "stock": 0,
            "eps": -0.22
        },
        "2020": {
            "cash": 0,
            "stock": 0,
            "eps": -3.06
        },
        "2021": {
            "cash": 0,
            "stock": 0,
            "eps": 0.03
        },
        "2022": {
            "cash": 0,
            "stock": 0,
            "eps": -2.04
        },
        "2023": {
            "cash": 0,
            "stock": 0,
            "eps": -0.89
        }
    },
    "dividends": {
        "2004-05-28": {
            "cash": 0,
            "stock": 1.2
        },
        "2005-03-18": {
            "cash": 1,
            "stock": 1
        },
        "2007-04-17": {
            "cash": 0.5,
            "stock": 0.3
        },
        "2011-01-01": {
            "cash": 0.3,
            "stock": 0.3
        }
    },
    "prices": {
        "200101": "無",
        "200102": "無",
        "200103": "無",
        "200104": "無",
        "200105": "無",
        "200106": "無",
        "200107": "無",
        "200108": "無",
        "200109": "無",
        "200110": "無",
        "200111": "無",
        "200112": "無",
        "200201": "無",
        "200202": "無",
        "200203": "無",
        "200204": "無",
        "200205": "無",
        "200206": "無",
        "200207": "無",
        "200208": "無",
        "200209": "無",
        "200210": "無",
        "200211": "無",
        "200212": "無",
        "200301": "無",
        "200302": "無",
        "200303": "無",
        "200304": "無",
        "200305": "無",
        "200306": "無",
        "200307": "無",
        "200308": "無",
        "200309": "62.00",
        "200310": "54.49",
        "200311": "52.93",
        "200312": "53.90",
        "200401": "51.24",
        "200402": "50.25",
        "200403": "47.64",
        "200404": "48.20",
        "200405": "44.79",
        "200406": "44.17",
        "200407": "28.58",
        "200408": "20.97",
        "200409": "20.65",
        "200410": "19.59",
        "200411": "16.54",
        "200412": "16.87",
        "200501": "17.06",
        "200502": "19.45",
        "200503": "25.57",
        "200504": "27.29",
        "200505": "25.74",
        "200506": "26.67",
        "200507": "24.26",
        "200508": "19.06",
        "200509": "16.22",
        "200510": "18.52",
        "200511": "20.29",
        "200512": "29.30",
        "200601": "35.18",
        "200602": "33.52",
        "200603": "40.27",
        "200604": "48.78",
        "200605": "50.00",
        "200606": "35.29",
        "200607": "33.05",
        "200608": "30.45",
        "200609": "27.02",
        "200610": "26.07",
        "200611": "26.25",
        "200612": "26.68",
        "200701": "29.18",
        "200702": "28.51",
        "200703": "29.26",
        "200704": "33.93",
        "200705": "34.14",
        "200706": "37.48",
        "200707": "39.76",
        "200708": "30.30",
        "200709": "25.72",
        "200710": "30.15",
        "200711": "25.83",
        "200712": "21.07",
        "200801": "17.82",
        "200802": "14.76",
        "200803": "19.19",
        "200804": "23.72",
        "200805": "23.83",
        "200806": "16.74",
        "200807": "13.14",
        "200808": "14.78",
        "200809": "12.72",
        "200810": "8.65",
        "200811": "5.23",
        "200812": "4.90",
        "200901": "5.02",
        "200902": "5.81",
        "200903": "7.64",
        "200904": "9.94",
        "200905": "10.93",
        "200906": "10.86",
        "200907": "11.86",
        "200908": "11.31",
        "200909": "11.58",
        "200910": "12.52",
        "200911": "12.40",
        "200912": "13.03",
        "201001": "15.07",
        "201002": "13.05",
        "201003": "13.43",
        "201004": "14.02",
        "201005": "11.60",
        "201006": "10.95",
        "201007": "11.24",
        "201008": "11.59",
        "201009": "11.78",
        "201010": "11.99",
        "201011": "11.45",
        "201012": "14.87",
        "201101": "19.54",
        "201102": "17.55",
        "201103": "15.61",
        "201104": "14.09",
        "201105": "15.55",
        "201106": "19.74",
        "201107": "21.67",
        "201108": "18.55",
        "201109": "18.41",
        "201110": "19.94",
        "201111": "19.31",
        "201112": "18.92",
        "201201": "20.91",
        "201202": "27.20",
        "201203": "25.50",
        "201204": "21.13",
        "201205": "17.67",
        "201206": "16.76",
        "201207": "14.73",
        "201208": "13.35",
        "201209": "14.19",
        "201210": "13.41",
        "201211": "12.95",
        "201212": "15.76",
        "201301": "15.26",
        "201302": "14.20",
        "201303": "15.25",
        "201304": "13.93",
        "201305": "13.99",
        "201306": "12.55",
        "201307": "12.57",
        "201308": "12.16",
        "201309": "13.64",
        "201310": "15.65",
        "201311": "14.15",
        "201312": "13.26",
        "201401": "13.91",
        "201402": "13.82",
        "201403": "15.42",
        "201404": "17.07",
        "201405": "17.57",
        "201406": "16.70",
        "201407": "15.61",
        "201408": "14.49",
        "201409": "14.43",
        "201410": "14.18",
        "201411": "12.98",
        "201412": "11.79",
        "201501": "12.15",
        "201502": "12.31",
        "201503": "12.43",
        "201504": "11.69",
        "201505": "10.84",
        "201506": "9.98",
        "201507": "9.74",
        "201508": "9.10",
        "201509": "9.78",
        "201510": "9.40",
        "201511": "8.63",
        "201512": "7.95",
        "201601": "6.95",
        "201602": "7.09",
        "201603": "7.52",
        "201604": "6.61",
        "201605": "6.53",
        "201606": "6.30",
        "201607": "5.92",
        "201608": "6.18",
        "201609": "5.96",
        "201610": "5.23",
        "201611": "4.40",
        "201612": "5.06",
        "201701": "5.16",
        "201702": "5.47",
        "201703": "5.23",
        "201704": "4.94",
        "201705": "4.69",
        "201706": "4.66",
        "201707": "4.49",
        "201708": "4.18",
        "201709": "4.28",
        "201710": "4.20",
        "201711": "3.84",
        "201712": "3.84",
        "201801": "3.87",
        "201802": "3.50",
        "201803": "3.58",
        "201804": "2.63",
        "201805": "2.51",
        "201806": "2.65",
        "201807": "2.34",
        "201808": "2.28",
        "201809": "4.03",
        "201810": "3.42",
        "201811": "3.32",
        "201812": "3.38",
        "201901": "3.20",
        "201902": "3.19",
        "201903": "3.15",
        "201904": "3.16",
        "201905": "3.08",
        "201906": "2.77",
        "201907": "2.64",
        "201908": "2.64",
        "201909": "2.67",
        "201910": "2.58",
        "201911": "3.01",
        "201912": "5.16",
        "202001": "6.38",
        "202002": "6.19",
        "202003": "4.61",
        "202004": "4.50",
        "202005": "4.38",
        "202006": "3.94",
        "202007": "3.90",
        "202008": "3.61",
        "202009": "5.55",
        "202010": "5.63",
        "202011": "4.59",
        "202012": "4.09",
        "202101": "3.53",
        "202102": "3.43",
        "202103": "3.41",
        "202104": "3.02",
        "202105": "2.82",
        "202106": "2.67",
        "202107": "2.76",
        "202108": "2.57",
        "202109": "2.47",
        "202110": "2.47",
        "202111": "2.45",
        "202112": "2.73",
        "202201": "3.00",
        "202202": "2.93",
        "202203": "2.82",
        "202204": "2.51",
        "202205": "2.39",
        "202206": "2.42",
        "202207": "2.27",
        "202208": "2.31",
        "202209": "2.67",
        "202210": "6.06",
        "202211": "6.11",
        "202212": "5.98",
        "202301": "5.96",
        "202302": "5.92",
        "202303": "5.87",
        "202304": "5.38",
        "202305": "4.97"
    },
    "quarters": {
        "20011": {
            "year_quarter": 20011,
            "year": 2001,
            "quarter": 1,
            "eps": null,
            "eps_growth_year": null,
            "eps_4q": null,
            "eps_4q_growth_year": null,
            "roe": null,
            "roe_4q": 0,
            "gross_profit": null,
            "gross_margin": null,
            "gross_margin_4q_avg": 0,
            "net_income": null,
            "revenue": null,
            "common_shares": null,
            "book_valuer_per_share": null,
            "book_valuer_per_share_4q_avg": 0,
            "equity": null,
            "current_ratio": null,
            "debt_ratio": null,
            "inventory_turnover_ratio": null,
            "account_receivable_turnover_ratio": null,
            "reinvestment_rate": null,
            "research_to_sale_ratio": null,
            "price_fair": 0,
            "eps_avg_yearly": 0,
            "eps_latest_yearly": 0,
            "eps_growth_yearly": 0
        },
        "20012": {
            "year_quarter": 20012,
            "year": 2001,
            "quarter": 2,
            "eps": null,
            "eps_growth_year": null,
            "eps_4q": null,
            "eps_4q_growth_year": null,
            "roe": null,
            "roe_4q": 0,
            "gross_profit": null,
            "gross_margin": null,
            "gross_margin_4q_avg": 0,
            "net_income": null,
            "revenue": null,
            "common_shares": null,
            "book_valuer_per_share": null,
            "book_valuer_per_share_4q_avg": 0,
            "equity": null,
            "current_ratio": null,
            "debt_ratio": null,
            "inventory_turnover_ratio": null,
            "account_receivable_turnover_ratio": null,
            "reinvestment_rate": null,
            "research_to_sale_ratio": null,
            "price_fair": 0,
            "eps_avg_yearly": 0,
            "eps_latest_yearly": 0,
            "eps_growth_yearly": 0
        },
        "20013": {
            "year_quarter": 20013,
            "year": 2001,
            "quarter": 3,
            "eps": null,
            "eps_growth_year": null,
            "eps_4q": null,
            "eps_4q_growth_year": null,
            "roe": null,
            "roe_4q": 0,
            "gross_profit": null,
            "gross_margin": null,
            "gross_margin_4q_avg": 0,
            "net_income": null,
            "revenue": null,
            "common_shares": null,
            "book_valuer_per_share": null,
            "book_valuer_per_share_4q_avg": 0,
            "equity": null,
            "current_ratio": null,
            "debt_ratio": null,
            "inventory_turnover_ratio": null,
            "account_receivable_turnover_ratio": null,
            "reinvestment_rate": null,
            "research_to_sale_ratio": null,
            "price_fair": 0,
            "eps_avg_yearly": 0,
            "eps_latest_yearly": 0,
            "eps_growth_yearly": 0
        },
        "20014": {
            "year_quarter": 20014,
            "year": 2001,
            "quarter": 4,
            "eps": null,
            "eps_growth_year": null,
            "eps_4q": null,
            "eps_4q_growth_year": null,
            "roe": null,
            "roe_4q": 0,
            "gross_profit": null,
            "gross_margin": null,
            "gross_margin_4q_avg": 0,
            "net_income": null,
            "revenue": null,
            "common_shares": 2500000,
            "book_valuer_per_share": 10.3,
            "book_valuer_per_share_4q_avg": 2.58,
            "equity": 2576164,
            "current_ratio": 201.66,
            "debt_ratio": 30,
            "inventory_turnover_ratio": null,
            "account_receivable_turnover_ratio": null,
            "reinvestment_rate": null,
            "research_to_sale_ratio": null,
            "price_fair": 0,
            "eps_avg_yearly": 0,
            "eps_latest_yearly": 0,
            "eps_growth_yearly": 0
        },
        "20021": {
            "year_quarter": 20021,
            "year": 2002,
            "quarter": 1,
            "eps": null,
            "eps_growth_year": null,
            "eps_4q": null,
            "eps_4q_growth_year": null,
            "roe": null,
            "roe_4q": 0,
            "gross_profit": null,
            "gross_margin": null,
            "gross_margin_4q_avg": 0,
            "net_income": null,
            "revenue": null,
            "common_shares": null,
            "book_valuer_per_share": null,
            "book_valuer_per_share_4q_avg": 2.58,
            "equity": null,
            "current_ratio": null,
            "debt_ratio": null,
            "inventory_turnover_ratio": null,
            "account_receivable_turnover_ratio": null,
            "reinvestment_rate": null,
            "research_to_sale_ratio": null,
            "price_fair": 0,
            "eps_avg_yearly": 0,
            "eps_latest_yearly": 0,
            "eps_growth_yearly": 0
        },
        "20022": {
            "year_quarter": 20022,
            "year": 2002,
            "quarter": 2,
            "eps": null,
            "eps_growth_year": null,
            "eps_4q": null,
            "eps_4q_growth_year": null,
            "roe": null,
            "roe_4q": 0,
            "gross_profit": null,
            "gross_margin": null,
            "gross_margin_4q_avg": 0,
            "net_income": null,
            "revenue": null,
            "common_shares": null,
            "book_valuer_per_share": null,
            "book_valuer_per_share_4q_avg": 2.58,
            "equity": null,
            "current_ratio": null,
            "debt_ratio": null,
            "inventory_turnover_ratio": null,
            "account_receivable_turnover_ratio": null,
            "reinvestment_rate": null,
            "research_to_sale_ratio": null,
            "price_fair": 0,
            "eps_avg_yearly": 0,
            "eps_latest_yearly": 0,
            "eps_growth_yearly": 0
        },
        "20023": {
            "year_quarter": 20023,
            "year": 2002,
            "quarter": 3,
            "eps": null,
            "eps_growth_year": null,
            "eps_4q": null,
            "eps_4q_growth_year": null,
            "roe": null,
            "roe_4q": 0,
            "gross_profit": null,
            "gross_margin": null,
            "gross_margin_4q_avg": 0,
            "net_income": null,
            "revenue": null,
            "common_shares": null,
            "book_valuer_per_share": null,
            "book_valuer_per_share_4q_avg": 2.58,
            "equity": null,
            "current_ratio": null,
            "debt_ratio": null,
            "inventory_turnover_ratio": null,
            "account_receivable_turnover_ratio": null,
            "reinvestment_rate": null,
            "research_to_sale_ratio": null,
            "price_fair": 0,
            "eps_avg_yearly": 0,
            "eps_latest_yearly": 0,
            "eps_growth_yearly": 0
        },
        "20024": {
            "year_quarter": 20024,
            "year": 2002,
            "quarter": 4,
            "eps": null,
            "eps_growth_year": null,
            "eps_4q": null,
            "eps_4q_growth_year": null,
            "roe": null,
            "roe_4q": 0,
            "gross_profit": null,
            "gross_margin": null,
            "gross_margin_4q_avg": 0,
            "net_income": null,
            "revenue": null,
            "common_shares": 2500000,
            "book_valuer_per_share": 9.36,
            "book_valuer_per_share_4q_avg": 2.34,
            "equity": 2339150,
            "current_ratio": 113.07,
            "debt_ratio": 62.73,
            "inventory_turnover_ratio": null,
            "account_receivable_turnover_ratio": null,
            "reinvestment_rate": null,
            "research_to_sale_ratio": null,
            "price_fair": 0,
            "eps_avg_yearly": 0,
            "eps_latest_yearly": 0,
            "eps_growth_yearly": 0
        },
        "20031": {
            "year_quarter": 20031,
            "year": 2003,
            "quarter": 1,
            "eps": null,
            "eps_growth_year": null,
            "eps_4q": null,
            "eps_4q_growth_year": null,
            "roe": null,
            "roe_4q": 0,
            "gross_profit": null,
            "gross_margin": null,
            "gross_margin_4q_avg": 0,
            "net_income": null,
            "revenue": null,
            "common_shares": null,
            "book_valuer_per_share": null,
            "book_valuer_per_share_4q_avg": 2.34,
            "equity": null,
            "current_ratio": null,
            "debt_ratio": null,
            "inventory_turnover_ratio": null,
            "account_receivable_turnover_ratio": null,
            "reinvestment_rate": null,
            "research_to_sale_ratio": null,
            "price_fair": 0,
            "eps_avg_yearly": 0,
            "eps_latest_yearly": 0,
            "eps_growth_yearly": 0
        },
        "20032": {
            "year_quarter": 20032,
            "year": 2003,
            "quarter": 2,
            "eps": null,
            "eps_growth_year": null,
            "eps_4q": null,
            "eps_4q_growth_year": null,
            "roe": null,
            "roe_4q": 0,
            "gross_profit": null,
            "gross_margin": null,
            "gross_margin_4q_avg": 0,
            "net_income": null,
            "revenue": null,
            "common_shares": null,
            "book_valuer_per_share": null,
            "book_valuer_per_share_4q_avg": 2.34,
            "equity": null,
            "current_ratio": null,
            "debt_ratio": null,
            "inventory_turnover_ratio": null,
            "account_receivable_turnover_ratio": null,
            "reinvestment_rate": null,
            "research_to_sale_ratio": null,
            "price_fair": 0,
            "eps_avg_yearly": 0,
            "eps_latest_yearly": 0,
            "eps_growth_yearly": 0
        },
        "20033": {
            "year_quarter": 20033,
            "year": 2003,
            "quarter": 3,
            "eps": 0.46,
            "eps_growth_year": null,
            "eps_4q": null,
            "eps_4q_growth_year": null,
            "roe": 2.9,
            "roe_4q": 2.9,
            "gross_profit": 324905,
            "gross_margin": 9.68,
            "gross_margin_4q_avg": 2.42,
            "net_income": 117194,
            "revenue": 3356545,
            "common_shares": 2800000,
            "book_valuer_per_share": 14.43,
            "book_valuer_per_share_4q_avg": 5.95,
            "equity": 4041102,
            "current_ratio": 163.41,
            "debt_ratio": 42.78,
            "inventory_turnover_ratio": 3.34,
            "account_receivable_turnover_ratio": null,
            "reinvestment_rate": null,
            "research_to_sale_ratio": null,
            "price_fair": 0,
            "eps_avg_yearly": 0,
            "eps_latest_yearly": 0,
            "eps_growth_yearly": 0
        },
        "20034": {
            "year_quarter": 20034,
            "year": 2003,
            "quarter": 4,
            "eps": 0.66,
            "eps_growth_year": null,
            "eps_4q": null,
            "eps_4q_growth_year": null,
            "roe": 4.17,
            "roe_4q": 7.07,
            "gross_profit": 240679,
            "gross_margin": 6.91,
            "gross_margin_4q_avg": 4.15,
            "net_income": 172916,
            "revenue": 3481536,
            "common_shares": 2800000,
            "book_valuer_per_share": 15.2,
            "book_valuer_per_share_4q_avg": 7.41,
            "equity": 4256117,
            "current_ratio": 128.07,
            "debt_ratio": 62.54,
            "inventory_turnover_ratio": 1.97,
            "account_receivable_turnover_ratio": null,
            "reinvestment_rate": null,
            "research_to_sale_ratio": null,
            "price_fair": 92.4,
            "eps_avg_yearly": 2.64,
            "eps_latest_yearly": 2.64,
            "eps_growth_yearly": 173.91
        },
        "20041": {
            "year_quarter": 20041,
            "year": 2004,
            "quarter": 1,
            "eps": 0.88,
            "eps_growth_year": null,
            "eps_4q": null,
            "eps_4q_growth_year": null,
            "roe": 5.64,
            "roe_4q": 12.709999999999999,
            "gross_profit": 364107,
            "gross_margin": 7.9,
            "gross_margin_4q_avg": 6.12,
            "net_income": 246231,
            "revenue": 4608654,
            "common_shares": 2800000,
            "book_valuer_per_share": 16,
            "book_valuer_per_share_4q_avg": 11.41,
            "equity": 4480543,
            "current_ratio": 141.82,
            "debt_ratio": 45.35,
            "inventory_turnover_ratio": 2.13,
            "account_receivable_turnover_ratio": null,
            "reinvestment_rate": null,
            "research_to_sale_ratio": null,
            "price_fair": 107.8,
            "eps_avg_yearly": 3.08,
            "eps_latest_yearly": 3.52,
            "eps_growth_yearly": 153.62
        },
        "20042": {
            "year_quarter": 20042,
            "year": 2004,
            "quarter": 2,
            "eps": 0.62,
            "eps_growth_year": null,
            "eps_4q": 2.32,
            "eps_4q_growth_year": null,
            "roe": 4.25,
            "roe_4q": 16.96,
            "gross_profit": 315383,
            "gross_margin": 7.15,
            "gross_margin_4q_avg": 7.91,
            "net_income": 195100,
            "revenue": 4413235,
            "common_shares": 2800000,
            "book_valuer_per_share": 16.77,
            "book_valuer_per_share_4q_avg": 15.6,
            "equity": 4696215,
            "current_ratio": 160.03,
            "debt_ratio": 39.04,
            "inventory_turnover_ratio": 2.68,
            "account_receivable_turnover_ratio": null,
            "reinvestment_rate": null,
            "research_to_sale_ratio": null,
            "price_fair": 100.8,
            "eps_avg_yearly": 2.88,
            "eps_latest_yearly": 2.48,
            "eps_growth_yearly": 63.02
        },
        "20043": {
            "year_quarter": 20043,
            "year": 2004,
            "quarter": 3,
            "eps": 0.56,
            "eps_growth_year": 21.74,
            "eps_4q": 2.51,
            "eps_4q_growth_year": null,
            "roe": 3.69,
            "roe_4q": 17.75,
            "gross_profit": 361600,
            "gross_margin": 11.07,
            "gross_margin_4q_avg": 8.26,
            "net_income": 176743,
            "revenue": 3267658,
            "common_shares": 3155656,
            "book_valuer_per_share": 15.45,
            "book_valuer_per_share_4q_avg": 15.86,
            "equity": 4874768,
            "current_ratio": 185.11,
            "debt_ratio": 31.26,
            "inventory_turnover_ratio": 2.32,
            "account_receivable_turnover_ratio": null,
            "reinvestment_rate": null,
            "research_to_sale_ratio": null,
            "price_fair": 95.2,
            "eps_avg_yearly": 2.72,
            "eps_latest_yearly": 2.24,
            "eps_growth_yearly": 37.59
        },
        "20044": {
            "year_quarter": 20044,
            "year": 2004,
            "quarter": 4,
            "eps": 0.18,
            "eps_growth_year": -72.73,
            "eps_4q": 2.12,
            "eps_4q_growth_year": null,
            "roe": 1.18,
            "roe_4q": 14.760000000000002,
            "gross_profit": 384223,
            "gross_margin": 10.79,
            "gross_margin_4q_avg": 9.23,
            "net_income": 57346,
            "revenue": 3562182,
            "common_shares": 3155656,
            "book_valuer_per_share": 15.36,
            "book_valuer_per_share_4q_avg": 15.9,
            "equity": 4847612,
            "current_ratio": 146.09,
            "debt_ratio": 51.97,
            "inventory_turnover_ratio": 1.88,
            "account_receivable_turnover_ratio": null,
            "reinvestment_rate": null,
            "research_to_sale_ratio": null,
            "price_fair": 6.96,
            "eps_avg_yearly": 2.32,
            "eps_latest_yearly": 0.72,
            "eps_growth_yearly": -24.21
        },
        "20051": {
            "year_quarter": 20051,
            "year": 2005,
            "quarter": 1,
            "eps": -0.32,
            "eps_growth_year": -136.36,
            "eps_4q": 1.05,
            "eps_4q_growth_year": null,
            "roe": -2.1,
            "roe_4q": 7.02,
            "gross_profit": 231709,
            "gross_margin": 9.27,
            "gross_margin_4q_avg": 9.57,
            "net_income": -100381,
            "revenue": 2500142,
            "common_shares": 3155656,
            "book_valuer_per_share": 15,
            "book_valuer_per_share_4q_avg": 15.65,
            "equity": 4733352,
            "current_ratio": 150.12,
            "debt_ratio": 39.5,
            "inventory_turnover_ratio": 1.12,
            "account_receivable_turnover_ratio": null,
            "reinvestment_rate": null,
            "research_to_sale_ratio": null,
            "price_fair": 6.96,
            "eps_avg_yearly": 2.32,
            "eps_latest_yearly": 0.72,
            "eps_growth_yearly": -24.21
        },
        "20052": {
            "year_quarter": 20052,
            "year": 2005,
            "quarter": 2,
            "eps": -1.54,
            "eps_growth_year": -348.39,
            "eps_4q": -1.29,
            "eps_4q_growth_year": -155.53,
            "roe": -12.6,
            "roe_4q": -9.83,
            "gross_profit": 382110,
            "gross_margin": 6.03,
            "gross_margin_4q_avg": 9.29,
            "net_income": -540994,
            "revenue": 6334508,
            "common_shares": 3155656,
            "book_valuer_per_share": 12.21,
            "book_valuer_per_share_4q_avg": 14.51,
            "equity": 3852017,
            "current_ratio": 115.45,
            "debt_ratio": 54.29,
            "inventory_turnover_ratio": 4.2,
            "account_receivable_turnover_ratio": null,
            "reinvestment_rate": null,
            "research_to_sale_ratio": null,
            "price_fair": 6.96,
            "eps_avg_yearly": 2.32,
            "eps_latest_yearly": 0.72,
            "eps_growth_yearly": -24.21
        },
        "20053": {
            "year_quarter": 20053,
            "year": 2005,
            "quarter": 3,
            "eps": 0.73,
            "eps_growth_year": 30.36,
            "eps_4q": -0.93,
            "eps_4q_growth_year": -137,
            "roe": 6.41,
            "roe_4q": -7.109999999999999,
            "gross_profit": 429793,
            "gross_margin": 6.95,
            "gross_margin_4q_avg": 8.26,
            "net_income": 257240,
            "revenue": 6183588,
            "common_shares": 3508311,
            "book_valuer_per_share": 11.9,
            "book_valuer_per_share_4q_avg": 13.62,
            "equity": 4173816,
            "current_ratio": 122.09,
            "debt_ratio": 53.68,
            "inventory_turnover_ratio": 5.64,
            "account_receivable_turnover_ratio": null,
            "reinvestment_rate": null,
            "research_to_sale_ratio": null,
            "price_fair": 6.96,
            "eps_avg_yearly": 2.32,
            "eps_latest_yearly": 0.72,
            "eps_growth_yearly": -24.21
        },
        "20054": {
            "year_quarter": 20054,
            "year": 2005,
            "quarter": 4,
            "eps": 1.13,
            "eps_growth_year": 527.78,
            "eps_4q": 0.03,
            "eps_4q_growth_year": -98.37,
            "roe": 9.16,
            "roe_4q": 0.8700000000000006,
            "gross_profit": 660017,
            "gross_margin": 7.7,
            "gross_margin_4q_avg": 7.49,
            "net_income": 396277,
            "revenue": 8569781,
            "common_shares": 3513691,
            "book_valuer_per_share": 12.75,
            "book_valuer_per_share_4q_avg": 12.97,
            "equity": 4478432,
            "current_ratio": 123.87,
            "debt_ratio": 66.74,
            "inventory_turnover_ratio": 5.85,
            "account_receivable_turnover_ratio": null,
            "reinvestment_rate": null,
            "research_to_sale_ratio": null,
            "price_fair": 70.8,
            "eps_avg_yearly": 2.69,
            "eps_latest_yearly": 4.52,
            "eps_growth_yearly": 16.35
        },
        "20061": {
            "year_quarter": 20061,
            "year": 2006,
            "quarter": 1,
            "eps": 0.98,
            "eps_growth_year": null,
            "eps_4q": 1.3,
            "eps_4q_growth_year": 24,
            "roe": 7.33,
            "roe_4q": 10.300000000000002,
            "gross_profit": 621895,
            "gross_margin": 7.89,
            "gross_margin_4q_avg": 7.14,
            "net_income": 344832,
            "revenue": 7878556,
            "common_shares": 3522311,
            "book_valuer_per_share": 13.99,
            "book_valuer_per_share_4q_avg": 12.71,
            "equity": 4928004,
            "current_ratio": 154.7,
            "debt_ratio": 54.16,
            "inventory_turnover_ratio": 5.05,
            "account_receivable_turnover_ratio": null,
            "reinvestment_rate": null,
            "research_to_sale_ratio": null,
            "price_fair": 47.04,
            "eps_avg_yearly": 2.86,
            "eps_latest_yearly": 3.92,
            "eps_growth_yearly": 6.43
        },
        "20062": {
            "year_quarter": 20062,
            "year": 2006,
            "quarter": 2,
            "eps": 0.27,
            "eps_growth_year": null,
            "eps_4q": 3.14,
            "eps_4q_growth_year": null,
            "roe": 1.9,
            "roe_4q": 24.8,
            "gross_profit": 571346,
            "gross_margin": 7.12,
            "gross_margin_4q_avg": 7.42,
            "net_income": 93776,
            "revenue": 8026364,
            "common_shares": 3522961,
            "book_valuer_per_share": 14.01,
            "book_valuer_per_share_4q_avg": 13.16,
            "equity": 4934744,
            "current_ratio": 161.91,
            "debt_ratio": 51.3,
            "inventory_turnover_ratio": 8.32,
            "account_receivable_turnover_ratio": null,
            "reinvestment_rate": null,
            "research_to_sale_ratio": null,
            "price_fair": 7.92,
            "eps_avg_yearly": 2.64,
            "eps_latest_yearly": 1.08,
            "eps_growth_yearly": -30.6
        },
        "20063": {
            "year_quarter": 20063,
            "year": 2006,
            "quarter": 3,
            "eps": -0.17,
            "eps_growth_year": -123.29,
            "eps_4q": 2.21,
            "eps_4q_growth_year": null,
            "roe": -1.17,
            "roe_4q": 17.22,
            "gross_profit": 236897,
            "gross_margin": 6.79,
            "gross_margin_4q_avg": 7.38,
            "net_income": -57824,
            "revenue": 3489100,
            "common_shares": 3522961,
            "book_valuer_per_share": 13.93,
            "book_valuer_per_share_4q_avg": 13.67,
            "equity": 4908215,
            "current_ratio": 203.23,
            "debt_ratio": 40.16,
            "inventory_turnover_ratio": 5.4,
            "account_receivable_turnover_ratio": null,
            "reinvestment_rate": null,
            "research_to_sale_ratio": null,
            "price_fair": 7.92,
            "eps_avg_yearly": 2.64,
            "eps_latest_yearly": 1.08,
            "eps_growth_yearly": -30.6
        },
        "20064": {
            "year_quarter": 20064,
            "year": 2006,
            "quarter": 4,
            "eps": -0.09,
            "eps_growth_year": -107.96,
            "eps_4q": 1.01,
            "eps_4q_growth_year": 2817.14,
            "roe": -0.67,
            "roe_4q": 7.390000000000001,
            "gross_profit": 267295,
            "gross_margin": 6.45,
            "gross_margin_4q_avg": 7.06,
            "net_income": -32627,
            "revenue": 4144467,
            "common_shares": 3524871,
            "book_valuer_per_share": 13.86,
            "book_valuer_per_share_4q_avg": 13.95,
            "equity": 4884282,
            "current_ratio": 166.94,
            "debt_ratio": 51.33,
            "inventory_turnover_ratio": 6.72,
            "account_receivable_turnover_ratio": null,
            "reinvestment_rate": null,
            "research_to_sale_ratio": null,
            "price_fair": 7.92,
            "eps_avg_yearly": 2.64,
            "eps_latest_yearly": 1.08,
            "eps_growth_yearly": -30.6
        },
        "20071": {
            "year_quarter": 20071,
            "year": 2007,
            "quarter": 1,
            "eps": -0.53,
            "eps_growth_year": -154.08,
            "eps_4q": -0.52,
            "eps_4q_growth_year": -140.04,
            "roe": -3.79,
            "roe_4q": -3.73,
            "gross_profit": 182337,
            "gross_margin": 6.05,
            "gross_margin_4q_avg": 6.6,
            "net_income": -183086,
            "revenue": 3014997,
            "common_shares": 3528525,
            "book_valuer_per_share": 13.53,
            "book_valuer_per_share_4q_avg": 13.83,
            "equity": 4775139,
            "current_ratio": 155.81,
            "debt_ratio": 39.01,
            "inventory_turnover_ratio": 6.33,
            "account_receivable_turnover_ratio": null,
            "reinvestment_rate": null,
            "research_to_sale_ratio": null,
            "price_fair": 7.92,
            "eps_avg_yearly": 2.64,
            "eps_latest_yearly": 1.08,
            "eps_growth_yearly": -30.6
        },
        "20072": {
            "year_quarter": 20072,
            "year": 2007,
            "quarter": 2,
            "eps": -0.69,
            "eps_growth_year": -355.56,
            "eps_4q": -1.48,
            "eps_4q_growth_year": -147.16,
            "roe": -5.51,
            "roe_4q": -11.14,
            "gross_profit": 277506,
            "gross_margin": 8.71,
            "gross_margin_4q_avg": 7,
            "net_income": -250003,
            "revenue": 3187485,
            "common_shares": 3530475,
            "book_valuer_per_share": 12.18,
            "book_valuer_per_share_4q_avg": 13.38,
            "equity": 4300678,
            "current_ratio": 123.05,
            "debt_ratio": 44.78,
            "inventory_turnover_ratio": 10.6,
            "account_receivable_turnover_ratio": null,
            "reinvestment_rate": 96.57,
            "research_to_sale_ratio": null,
            "price_fair": 7.92,
            "eps_avg_yearly": 2.64,
            "eps_latest_yearly": 1.08,
            "eps_growth_yearly": -30.6
        },
        "20073": {
            "year_quarter": 20073,
            "year": 2007,
            "quarter": 3,
            "eps": -0.12,
            "eps_growth_year": null,
            "eps_4q": -1.38,
            "eps_4q_growth_year": -162.39,
            "roe": -0.99,
            "roe_4q": -10.959999999999999,
            "gross_profit": 311081,
            "gross_margin": 5.97,
            "gross_margin_4q_avg": 6.8,
            "net_income": -42619,
            "revenue": 5210977,
            "common_shares": 3694097,
            "book_valuer_per_share": 11.64,
            "book_valuer_per_share_4q_avg": 12.8,
            "equity": 4300182,
            "current_ratio": 109.72,
            "debt_ratio": 60.88,
            "inventory_turnover_ratio": 5.58,
            "account_receivable_turnover_ratio": null,
            "reinvestment_rate": 19.87,
            "research_to_sale_ratio": null,
            "price_fair": 7.92,
            "eps_avg_yearly": 2.64,
            "eps_latest_yearly": 1.08,
            "eps_growth_yearly": -30.6
        },
        "20074": {
            "year_quarter": 20074,
            "year": 2007,
            "quarter": 4,
            "eps": -0.4,
            "eps_growth_year": null,
            "eps_4q": -1.71,
            "eps_4q_growth_year": -269.31,
            "roe": -3.35,
            "roe_4q": -13.64,
            "gross_profit": 243638,
            "gross_margin": 3.54,
            "gross_margin_4q_avg": 6.07,
            "net_income": -143509,
            "revenue": 6883255,
            "common_shares": 3714559,
            "book_valuer_per_share": 11.47,
            "book_valuer_per_share_4q_avg": 12.21,
            "equity": 4261224,
            "current_ratio": 119.39,
            "debt_ratio": 64.22,
            "inventory_turnover_ratio": 4.69,
            "account_receivable_turnover_ratio": null,
            "reinvestment_rate": 94.28,
            "research_to_sale_ratio": null,
            "price_fair": 7.92,
            "eps_avg_yearly": 2.64,
            "eps_latest_yearly": 1.08,
            "eps_growth_yearly": -59.81
        },
        "20081": {
            "year_quarter": 20081,
            "year": 2008,
            "quarter": 1,
            "eps": -0.35,
            "eps_growth_year": null,
            "eps_4q": -1.57,
            "eps_4q_growth_year": null,
            "roe": -3.07,
            "roe_4q": -12.92,
            "gross_profit": 197313,
            "gross_margin": 5.47,
            "gross_margin_4q_avg": 5.92,
            "net_income": -125557,
            "revenue": 3606217,
            "common_shares": 3716419,
            "book_valuer_per_share": 10.58,
            "book_valuer_per_share_4q_avg": 11.47,
            "equity": 3931294,
            "current_ratio": 121.38,
            "debt_ratio": 61.27,
            "inventory_turnover_ratio": 2.58,
            "account_receivable_turnover_ratio": null,
            "reinvestment_rate": 2232.85,
            "research_to_sale_ratio": null,
            "price_fair": 7.48,
            "eps_avg_yearly": 2.49,
            "eps_latest_yearly": 1.08,
            "eps_growth_yearly": -92.01
        },
        "20082": {
            "year_quarter": 20082,
            "year": 2008,
            "quarter": 2,
            "eps": -0.17,
            "eps_growth_year": null,
            "eps_4q": -1,
            "eps_4q_growth_year": null,
            "roe": -1.56,
            "roe_4q": -8.97,
            "gross_profit": 353501,
            "gross_margin": 7.33,
            "gross_margin_4q_avg": 5.58,
            "net_income": -61292,
            "revenue": 4820057,
            "common_shares": 3716419,
            "book_valuer_per_share": 10.5,
            "book_valuer_per_share_4q_avg": 11.05,
            "equity": 3901579,
            "current_ratio": 117.89,
            "debt_ratio": 66.62,
            "inventory_turnover_ratio": 2.89,
            "account_receivable_turnover_ratio": null,
            "reinvestment_rate": null,
            "research_to_sale_ratio": null,
            "price_fair": 7.49,
            "eps_avg_yearly": 2.5,
            "eps_latest_yearly": 1.08,
            "eps_growth_yearly": -86.77
        },
        "20083": {
            "year_quarter": 20083,
            "year": 2008,
            "quarter": 3,
            "eps": 0.2,
            "eps_growth_year": null,
            "eps_4q": -0.75,
            "eps_4q_growth_year": null,
            "roe": 1.72,
            "roe_4q": -6.26,
            "gross_profit": 520301,
            "gross_margin": 7,
            "gross_margin_4q_avg": 5.84,
            "net_income": 68410,
            "revenue": 7436736,
            "common_shares": 3717619,
            "book_valuer_per_share": 10.66,
            "book_valuer_per_share_4q_avg": 10.8,
            "equity": 4063082,
            "current_ratio": 107.74,
            "debt_ratio": 70.73,
            "inventory_turnover_ratio": 3.81,
            "account_receivable_turnover_ratio": null,
            "reinvestment_rate": null,
            "research_to_sale_ratio": null,
            "price_fair": 7.68,
            "eps_avg_yearly": 2.56,
            "eps_latest_yearly": 1.08,
            "eps_growth_yearly": -98.79
        },
        "20084": {
            "year_quarter": 20084,
            "year": 2008,
            "quarter": 4,
            "eps": -1.34,
            "eps_growth_year": null,
            "eps_4q": -1.6,
            "eps_4q_growth_year": null,
            "roe": -13,
            "roe_4q": -15.91,
            "gross_profit": 130346,
            "gross_margin": 2.48,
            "gross_margin_4q_avg": 5.57,
            "net_income": -492021,
            "revenue": 5250606,
            "common_shares": 3715914,
            "book_valuer_per_share": 9.24,
            "book_valuer_per_share_4q_avg": 10.25,
            "equity": 3503763,
            "current_ratio": 100.36,
            "debt_ratio": 67.98,
            "inventory_turnover_ratio": 3.71,
            "account_receivable_turnover_ratio": 4.48,
            "reinvestment_rate": null,
            "research_to_sale_ratio": null,
            "price_fair": 9.52,
            "eps_avg_yearly": 3.17,
            "eps_latest_yearly": 1.08,
            "eps_growth_yearly": -41.24
        },
        "20091": {
            "year_quarter": 20091,
            "year": 2009,
            "quarter": 1,
            "eps": 0.19,
            "eps_growth_year": null,
            "eps_4q": -1.24,
            "eps_4q_growth_year": null,
            "roe": 1.73,
            "roe_4q": -11.11,
            "gross_profit": 290111,
            "gross_margin": 7.04,
            "gross_margin_4q_avg": 5.96,
            "net_income": 61525,
            "revenue": 4121649,
            "common_shares": 3715914,
            "book_valuer_per_share": 9.57,
            "book_valuer_per_share_4q_avg": 9.99,
            "equity": 3624938,
            "current_ratio": 101.94,
            "debt_ratio": 64.38,
            "inventory_turnover_ratio": 3.42,
            "account_receivable_turnover_ratio": 1.58,
            "reinvestment_rate": null,
            "research_to_sale_ratio": null,
            "price_fair": 9.52,
            "eps_avg_yearly": 3.17,
            "eps_latest_yearly": 1.08,
            "eps_growth_yearly": -41.24
        },
        "20092": {
            "year_quarter": 20092,
            "year": 2009,
            "quarter": 2,
            "eps": 0.06,
            "eps_growth_year": null,
            "eps_4q": -0.77,
            "eps_4q_growth_year": null,
            "roe": 0.68,
            "roe_4q": -8.87,
            "gross_profit": 384976,
            "gross_margin": 8.61,
            "gross_margin_4q_avg": 6.28,
            "net_income": 24665,
            "revenue": 4469623,
            "common_shares": 3715914,
            "book_valuer_per_share": 9.56,
            "book_valuer_per_share_4q_avg": 9.76,
            "equity": 3620544,
            "current_ratio": 105.26,
            "debt_ratio": 66.75,
            "inventory_turnover_ratio": 3.03,
            "account_receivable_turnover_ratio": 1.57,
            "reinvestment_rate": null,
            "research_to_sale_ratio": null,
            "price_fair": 7.32,
            "eps_avg_yearly": 2.44,
            "eps_latest_yearly": 0.24,
            "eps_growth_yearly": -99.35
        },
        "20093": {
            "year_quarter": 20093,
            "year": 2009,
            "quarter": 3,
            "eps": 0,
            "eps_growth_year": -100,
            "eps_4q": -1.05,
            "eps_4q_growth_year": null,
            "roe": 0.08,
            "roe_4q": -10.51,
            "gross_profit": 298560,
            "gross_margin": 8.09,
            "gross_margin_4q_avg": 6.56,
            "net_income": 2983,
            "revenue": 3691896,
            "common_shares": 3684784,
            "book_valuer_per_share": 9.61,
            "book_valuer_per_share_4q_avg": 9.5,
            "equity": 3612325,
            "current_ratio": 104.58,
            "debt_ratio": 61.12,
            "inventory_turnover_ratio": 2.66,
            "account_receivable_turnover_ratio": 1.29,
            "reinvestment_rate": null,
            "research_to_sale_ratio": null,
            "price_fair": 7.32,
            "eps_avg_yearly": 2.44,
            "eps_latest_yearly": 0.24,
            "eps_growth_yearly": -99.35
        },
        "20094": {
            "year_quarter": 20094,
            "year": 2009,
            "quarter": 4,
            "eps": -0.19,
            "eps_growth_year": null,
            "eps_4q": 0.06,
            "eps_4q_growth_year": null,
            "roe": -1.88,
            "roe_4q": 0.6100000000000003,
            "gross_profit": 128056,
            "gross_margin": 4.18,
            "gross_margin_4q_avg": 6.98,
            "net_income": -67641,
            "revenue": 3060022,
            "common_shares": 3684784,
            "book_valuer_per_share": 9.88,
            "book_valuer_per_share_4q_avg": 9.66,
            "equity": 3578583,
            "current_ratio": 108.93,
            "debt_ratio": 58.36,
            "inventory_turnover_ratio": 2.54,
            "account_receivable_turnover_ratio": 5.31,
            "reinvestment_rate": null,
            "research_to_sale_ratio": null,
            "price_fair": 5.24,
            "eps_avg_yearly": 1.75,
            "eps_latest_yearly": 0.24,
            "eps_growth_yearly": -205.53
        },
        "20101": {
            "year_quarter": 20101,
            "year": 2010,
            "quarter": 1,
            "eps": -0.56,
            "eps_growth_year": -394.74,
            "eps_4q": -0.69,
            "eps_4q_growth_year": null,
            "roe": -5.8,
            "roe_4q": -6.92,
            "gross_profit": 96261,
            "gross_margin": 3.43,
            "gross_margin_4q_avg": 6.08,
            "net_income": -199728,
            "revenue": 2804253,
            "common_shares": 3684784,
            "book_valuer_per_share": 9.13,
            "book_valuer_per_share_4q_avg": 9.55,
            "equity": 3308024,
            "current_ratio": 108.96,
            "debt_ratio": 63.3,
            "inventory_turnover_ratio": 2.48,
            "account_receivable_turnover_ratio": 1.6,
            "reinvestment_rate": null,
            "research_to_sale_ratio": 6.66,
            "price_fair": 1.98,
            "eps_avg_yearly": 0.66,
            "eps_latest_yearly": 0.24,
            "eps_growth_yearly": -281.74
        },
        "20102": {
            "year_quarter": 20102,
            "year": 2010,
            "quarter": 2,
            "eps": -0.47,
            "eps_growth_year": -879.16,
            "eps_4q": -1.22,
            "eps_4q_growth_year": null,
            "roe": -5.15,
            "roe_4q": -12.749999999999998,
            "gross_profit": 187098,
            "gross_margin": 5.44,
            "gross_margin_4q_avg": 5.29,
            "net_income": -166257,
            "revenue": 3437840,
            "common_shares": 3684784,
            "book_valuer_per_share": 8.66,
            "book_valuer_per_share_4q_avg": 9.32,
            "equity": 3144231,
            "current_ratio": 107.52,
            "debt_ratio": 65.56,
            "inventory_turnover_ratio": 2.53,
            "account_receivable_turnover_ratio": 1.36,
            "reinvestment_rate": null,
            "research_to_sale_ratio": 4.57,
            "price_fair": 0.72,
            "eps_avg_yearly": 0.24,
            "eps_latest_yearly": 0.24,
            "eps_growth_yearly": -273.68
        },
        "20103": {
            "year_quarter": 20103,
            "year": 2010,
            "quarter": 3,
            "eps": 0.26,
            "eps_growth_year": null,
            "eps_4q": -0.83,
            "eps_4q_growth_year": null,
            "roe": 3.15,
            "roe_4q": -9.68,
            "gross_profit": 426754,
            "gross_margin": 7.65,
            "gross_margin_4q_avg": 5.18,
            "net_income": 106917,
            "revenue": 5578986,
            "common_shares": 4094784,
            "book_valuer_per_share": 9.04,
            "book_valuer_per_share_4q_avg": 9.18,
            "equity": 3652367,
            "current_ratio": 109.1,
            "debt_ratio": 72.41,
            "inventory_turnover_ratio": 2.86,
            "account_receivable_turnover_ratio": 1.59,
            "reinvestment_rate": null,
            "research_to_sale_ratio": 3.73,
            "price_fair": 0.72,
            "eps_avg_yearly": 0.24,
            "eps_latest_yearly": 0.24,
            "eps_growth_yearly": -273.68
        },
        "20104": {
            "year_quarter": 20104,
            "year": 2010,
            "quarter": 4,
            "eps": 0.92,
            "eps_growth_year": null,
            "eps_4q": 0.26,
            "eps_4q_growth_year": 333.26,
            "roe": 9.63,
            "roe_4q": 1.830000000000001,
            "gross_profit": 639460,
            "gross_margin": 8.34,
            "gross_margin_4q_avg": 6.22,
            "net_income": 365885,
            "revenue": 7666073,
            "common_shares": 4094784,
            "book_valuer_per_share": 9.79,
            "book_valuer_per_share_4q_avg": 9.16,
            "equity": 3946732,
            "current_ratio": 112.99,
            "debt_ratio": 71.54,
            "inventory_turnover_ratio": 3.49,
            "account_receivable_turnover_ratio": 1.7,
            "reinvestment_rate": null,
            "research_to_sale_ratio": 1.8,
            "price_fair": 68.6,
            "eps_avg_yearly": 1.96,
            "eps_latest_yearly": 3.68,
            "eps_growth_yearly": 370.85
        },
        "20111": {
            "year_quarter": 20111,
            "year": 2011,
            "quarter": 1,
            "eps": 0.12,
            "eps_growth_year": null,
            "eps_4q": 0.88,
            "eps_4q_growth_year": null,
            "roe": 1.13,
            "roe_4q": 8.760000000000002,
            "gross_profit": 334912,
            "gross_margin": 6.43,
            "gross_margin_4q_avg": 6.97,
            "net_income": 45095,
            "revenue": 5212576,
            "common_shares": 4002094,
            "book_valuer_per_share": 10.03,
            "book_valuer_per_share_4q_avg": 9.38,
            "equity": 4045308,
            "current_ratio": 113.4,
            "debt_ratio": 69.83,
            "inventory_turnover_ratio": 2.53,
            "account_receivable_turnover_ratio": 1.17,
            "reinvestment_rate": null,
            "research_to_sale_ratio": 3.1,
            "price_fair": 51.33,
            "eps_avg_yearly": 1.47,
            "eps_latest_yearly": 0.48,
            "eps_growth_yearly": 131.29
        },
        "20112": {
            "year_quarter": 20112,
            "year": 2011,
            "quarter": 2,
            "eps": 0.24,
            "eps_growth_year": null,
            "eps_4q": 1.52,
            "eps_4q_growth_year": null,
            "roe": 2.28,
            "roe_4q": 16.19,
            "gross_profit": 474628,
            "gross_margin": 6.73,
            "gross_margin_4q_avg": 7.29,
            "net_income": 93281,
            "revenue": 7053569,
            "common_shares": 4002094,
            "book_valuer_per_share": 10.16,
            "book_valuer_per_share_4q_avg": 9.76,
            "equity": 4125807,
            "current_ratio": 118.22,
            "debt_ratio": 67.7,
            "inventory_turnover_ratio": 3.81,
            "account_receivable_turnover_ratio": 1.42,
            "reinvestment_rate": null,
            "research_to_sale_ratio": 2.54,
            "price_fair": 46.9,
            "eps_avg_yearly": 1.34,
            "eps_latest_yearly": 0.96,
            "eps_growth_yearly": 198.47
        },
        "20113": {
            "year_quarter": 20113,
            "year": 2011,
            "quarter": 3,
            "eps": 0.73,
            "eps_growth_year": 180.04,
            "eps_4q": 1.99,
            "eps_4q_growth_year": null,
            "roe": 6.75,
            "roe_4q": 19.79,
            "gross_profit": 734316,
            "gross_margin": 8.24,
            "gross_margin_4q_avg": 7.44,
            "net_income": 290553,
            "revenue": 8914770,
            "common_shares": 4002094,
            "book_valuer_per_share": 11.01,
            "book_valuer_per_share_4q_avg": 10.25,
            "equity": 4476924,
            "current_ratio": 111.48,
            "debt_ratio": 74.72,
            "inventory_turnover_ratio": 3.86,
            "account_receivable_turnover_ratio": 1.36,
            "reinvestment_rate": null,
            "research_to_sale_ratio": 2.62,
            "price_fair": 57.96,
            "eps_avg_yearly": 1.66,
            "eps_latest_yearly": 2.92,
            "eps_growth_yearly": 322.11
        },
        "20114": {
            "year_quarter": 20114,
            "year": 2011,
            "quarter": 4,
            "eps": -0.01,
            "eps_growth_year": -101.35,
            "eps_4q": 1.07,
            "eps_4q_growth_year": 317.76,
            "roe": 0.01,
            "roe_4q": 10.169999999999998,
            "gross_profit": 374081,
            "gross_margin": 6.37,
            "gross_margin_4q_avg": 6.94,
            "net_income": 250,
            "revenue": 5876735,
            "common_shares": 3989884,
            "book_valuer_per_share": 11.06,
            "book_valuer_per_share_4q_avg": 10.57,
            "equity": 4494692,
            "current_ratio": 113.77,
            "debt_ratio": 65.46,
            "inventory_turnover_ratio": 2.57,
            "account_receivable_turnover_ratio": 1,
            "reinvestment_rate": null,
            "research_to_sale_ratio": 2.71,
            "price_fair": 57.96,
            "eps_avg_yearly": 1.66,
            "eps_latest_yearly": 2.92,
            "eps_growth_yearly": 322.11
        },
        "20121": {
            "year_quarter": 20121,
            "year": 2012,
            "quarter": 1,
            "eps": -0.14,
            "eps_growth_year": -216.67,
            "eps_4q": 0.81,
            "eps_4q_growth_year": -7.65,
            "roe": -1.3,
            "roe_4q": 7.74,
            "gross_profit": 294825,
            "gross_margin": 6.07,
            "gross_margin_4q_avg": 6.85,
            "net_income": -57911,
            "revenue": 4854057,
            "common_shares": 3989884,
            "book_valuer_per_share": 10.92,
            "book_valuer_per_share_4q_avg": 10.79,
            "equity": 4442072,
            "current_ratio": 114.55,
            "debt_ratio": 63.61,
            "inventory_turnover_ratio": 2.92,
            "account_receivable_turnover_ratio": 1.16,
            "reinvestment_rate": 40900,
            "research_to_sale_ratio": 4.25,
            "price_fair": 57.96,
            "eps_avg_yearly": 1.66,
            "eps_latest_yearly": 2.92,
            "eps_growth_yearly": 322.11
        },
        "20122": {
            "year_quarter": 20122,
            "year": 2012,
            "quarter": 2,
            "eps": -0.22,
            "eps_growth_year": -194.4,
            "eps_4q": 0.34,
            "eps_4q_growth_year": -77.93,
            "roe": -2.1,
            "roe_4q": 3.3599999999999994,
            "gross_profit": 378551,
            "gross_margin": 7.24,
            "gross_margin_4q_avg": 6.98,
            "net_income": -91037,
            "revenue": 5229071,
            "common_shares": 3993354,
            "book_valuer_per_share": 10.33,
            "book_valuer_per_share_4q_avg": 10.83,
            "equity": 4207601,
            "current_ratio": 115.19,
            "debt_ratio": 68.31,
            "inventory_turnover_ratio": 3.06,
            "account_receivable_turnover_ratio": 1.15,
            "reinvestment_rate": null,
            "research_to_sale_ratio": 4.52,
            "price_fair": 57.96,
            "eps_avg_yearly": 1.66,
            "eps_latest_yearly": 2.92,
            "eps_growth_yearly": 322.11
        },
        "20123": {
            "year_quarter": 20123,
            "year": 2012,
            "quarter": 3,
            "eps": -0.47,
            "eps_growth_year": -164.19,
            "eps_4q": -0.84,
            "eps_4q_growth_year": -142.38,
            "roe": -4.91,
            "roe_4q": -8.3,
            "gross_profit": 172042,
            "gross_margin": 5.99,
            "gross_margin_4q_avg": 6.42,
            "net_income": -200713,
            "revenue": 2870512,
            "common_shares": 4113051,
            "book_valuer_per_share": 9.47,
            "book_valuer_per_share_4q_avg": 10.45,
            "equity": 3967929,
            "current_ratio": 119.78,
            "debt_ratio": 60.84,
            "inventory_turnover_ratio": 1.65,
            "account_receivable_turnover_ratio": 0.73,
            "reinvestment_rate": null,
            "research_to_sale_ratio": 6.25,
            "price_fair": 57.96,
            "eps_avg_yearly": 1.66,
            "eps_latest_yearly": 2.92,
            "eps_growth_yearly": 322.11
        },
        "20124": {
            "year_quarter": 20124,
            "year": 2012,
            "quarter": 4,
            "eps": -0.32,
            "eps_growth_year": null,
            "eps_4q": -1.14,
            "eps_4q_growth_year": -206.24,
            "roe": -3.99,
            "roe_4q": -12.3,
            "gross_profit": 293135,
            "gross_margin": 3.52,
            "gross_margin_4q_avg": 5.71,
            "net_income": -155394,
            "revenue": 8315812,
            "common_shares": 4208481,
            "book_valuer_per_share": 8.94,
            "book_valuer_per_share_4q_avg": 9.92,
            "equity": 3817591,
            "current_ratio": 109.49,
            "debt_ratio": 75.39,
            "inventory_turnover_ratio": 4.79,
            "account_receivable_turnover_ratio": 1.53,
            "reinvestment_rate": 2089.74,
            "research_to_sale_ratio": 2.31,
            "price_fair": 57.96,
            "eps_avg_yearly": 1.66,
            "eps_latest_yearly": 2.92,
            "eps_growth_yearly": 322.11
        },
        "20131": {
            "year_quarter": 20131,
            "year": 2013,
            "quarter": 1,
            "eps": -0.08,
            "eps_growth_year": null,
            "eps_4q": -1.08,
            "eps_4q_growth_year": -233.01,
            "roe": -0.76,
            "roe_4q": -11.76,
            "gross_profit": 342636,
            "gross_margin": 6.76,
            "gross_margin_4q_avg": 5.88,
            "net_income": -29272,
            "revenue": 5069193,
            "common_shares": 4208481,
            "book_valuer_per_share": 9.05,
            "book_valuer_per_share_4q_avg": 9.45,
            "equity": 3865555,
            "current_ratio": 109.24,
            "debt_ratio": 75,
            "inventory_turnover_ratio": 2.19,
            "account_receivable_turnover_ratio": 0.81,
            "reinvestment_rate": null,
            "research_to_sale_ratio": 3.59,
            "price_fair": 57.96,
            "eps_avg_yearly": 1.66,
            "eps_latest_yearly": 2.92,
            "eps_growth_yearly": 322.11
        },
        "20132": {
            "year_quarter": 20132,
            "year": 2013,
            "quarter": 2,
            "eps": 0.03,
            "eps_growth_year": null,
            "eps_4q": -0.83,
            "eps_4q_growth_year": -347.85,
            "roe": 0.09,
            "roe_4q": -9.57,
            "gross_profit": 484862,
            "gross_margin": 5.71,
            "gross_margin_4q_avg": 5.5,
            "net_income": 3541,
            "revenue": 8493590,
            "common_shares": 4206831,
            "book_valuer_per_share": 9.22,
            "book_valuer_per_share_4q_avg": 9.17,
            "equity": 3928714,
            "current_ratio": 109.82,
            "debt_ratio": 76.16,
            "inventory_turnover_ratio": 3.66,
            "account_receivable_turnover_ratio": 1.43,
            "reinvestment_rate": null,
            "research_to_sale_ratio": 2.83,
            "price_fair": 70.35,
            "eps_avg_yearly": 2.01,
            "eps_latest_yearly": 2.92,
            "eps_growth_yearly": 471.06
        },
        "20133": {
            "year_quarter": 20133,
            "year": 2013,
            "quarter": 3,
            "eps": 0.42,
            "eps_growth_year": null,
            "eps_4q": 0.04,
            "eps_4q_growth_year": null,
            "roe": 3.92,
            "roe_4q": -0.7400000000000002,
            "gross_profit": 593042,
            "gross_margin": 6,
            "gross_margin_4q_avg": 5.5,
            "net_income": 157402,
            "revenue": 9889348,
            "common_shares": 4206831,
            "book_valuer_per_share": 9.67,
            "book_valuer_per_share_4q_avg": 9.22,
            "equity": 4101608,
            "current_ratio": 109.6,
            "debt_ratio": 79.54,
            "inventory_turnover_ratio": 4.28,
            "account_receivable_turnover_ratio": 1.25,
            "reinvestment_rate": -40.98,
            "research_to_sale_ratio": 2.25,
            "price_fair": 68.04,
            "eps_avg_yearly": 1.94,
            "eps_latest_yearly": 1.68,
            "eps_growth_yearly": 1416.85
        },
        "20134": {
            "year_quarter": 20134,
            "year": 2013,
            "quarter": 4,
            "eps": 0.04,
            "eps_growth_year": null,
            "eps_4q": 0.4,
            "eps_4q_growth_year": null,
            "roe": 0.17,
            "roe_4q": 3.42,
            "gross_profit": 491957,
            "gross_margin": 6.78,
            "gross_margin_4q_avg": 6.31,
            "net_income": 6958,
            "revenue": 7258056,
            "common_shares": 4202701,
            "book_valuer_per_share": 9.84,
            "book_valuer_per_share_4q_avg": 9.45,
            "equity": 4137110,
            "current_ratio": 114.19,
            "debt_ratio": 73.97,
            "inventory_turnover_ratio": 2.78,
            "account_receivable_turnover_ratio": 1.05,
            "reinvestment_rate": -1138.95,
            "research_to_sale_ratio": 3.06,
            "price_fair": 57.63,
            "eps_avg_yearly": 1.65,
            "eps_latest_yearly": 0.16,
            "eps_growth_yearly": 1120.39
        },
        "20141": {
            "year_quarter": 20141,
            "year": 2014,
            "quarter": 1,
            "eps": 0.2,
            "eps_growth_year": null,
            "eps_4q": 0.67,
            "eps_4q_growth_year": null,
            "roe": 1.93,
            "roe_4q": 6.109999999999999,
            "gross_profit": 499262,
            "gross_margin": 7.39,
            "gross_margin_4q_avg": 6.47,
            "net_income": 81156,
            "revenue": 6755694,
            "common_shares": 4196231,
            "book_valuer_per_share": 10.16,
            "book_valuer_per_share_4q_avg": 9.72,
            "equity": 4262238,
            "current_ratio": 112.49,
            "debt_ratio": 77.13,
            "inventory_turnover_ratio": 2.79,
            "account_receivable_turnover_ratio": 1.17,
            "reinvestment_rate": -515.33,
            "research_to_sale_ratio": 2.8,
            "price_fair": 53.4,
            "eps_avg_yearly": 1.53,
            "eps_latest_yearly": 0.8,
            "eps_growth_yearly": 1188.9
        },
        "20142": {
            "year_quarter": 20142,
            "year": 2014,
            "quarter": 2,
            "eps": -0.18,
            "eps_growth_year": -700,
            "eps_4q": 0.47,
            "eps_4q_growth_year": null,
            "roe": -1.8,
            "roe_4q": 4.22,
            "gross_profit": 410393,
            "gross_margin": 7.09,
            "gross_margin_4q_avg": 6.82,
            "net_income": -75618,
            "revenue": 5787821,
            "common_shares": 4196231,
            "book_valuer_per_share": 9.86,
            "book_valuer_per_share_4q_avg": 9.88,
            "equity": 4136023,
            "current_ratio": 117.04,
            "debt_ratio": 72.99,
            "inventory_turnover_ratio": 2.43,
            "account_receivable_turnover_ratio": 1.16,
            "reinvestment_rate": -376.53,
            "research_to_sale_ratio": 3.7,
            "price_fair": 53.4,
            "eps_avg_yearly": 1.53,
            "eps_latest_yearly": 0.8,
            "eps_growth_yearly": 1188.9
        },
        "20143": {
            "year_quarter": 20143,
            "year": 2014,
            "quarter": 3,
            "eps": 0.03,
            "eps_growth_year": -92.86,
            "eps_4q": 0.08,
            "eps_4q_growth_year": 101.65,
            "roe": 0.27,
            "roe_4q": 0.57,
            "gross_profit": 446530,
            "gross_margin": 6.52,
            "gross_margin_4q_avg": 6.95,
            "net_income": 11364,
            "revenue": 6845795,
            "common_shares": 4187636,
            "book_valuer_per_share": 9.99,
            "book_valuer_per_share_4q_avg": 9.96,
            "equity": 4206700,
            "current_ratio": 115.48,
            "debt_ratio": 74.94,
            "inventory_turnover_ratio": 2.16,
            "account_receivable_turnover_ratio": 1.32,
            "reinvestment_rate": -428.44,
            "research_to_sale_ratio": 3.26,
            "price_fair": 53.4,
            "eps_avg_yearly": 1.53,
            "eps_latest_yearly": 0.8,
            "eps_growth_yearly": 1188.9
        },
        "20144": {
            "year_quarter": 20144,
            "year": 2014,
            "quarter": 4,
            "eps": 0.4,
            "eps_growth_year": 916.44,
            "eps_4q": 0.44,
            "eps_4q_growth_year": 9.7,
            "roe": 3.88,
            "roe_4q": 4.28,
            "gross_profit": 692641,
            "gross_margin": 9.05,
            "gross_margin_4q_avg": 7.51,
            "net_income": 167920,
            "revenue": 7653261,
            "common_shares": 4187636,
            "book_valuer_per_share": 10.55,
            "book_valuer_per_share_4q_avg": 10.14,
            "equity": 4442063,
            "current_ratio": 118.5,
            "debt_ratio": 71.41,
            "inventory_turnover_ratio": 2.27,
            "account_receivable_turnover_ratio": 1.34,
            "reinvestment_rate": -767.97,
            "research_to_sale_ratio": 3.07,
            "price_fair": 43,
            "eps_avg_yearly": 1.23,
            "eps_latest_yearly": 1.6,
            "eps_growth_yearly": 1748.61
        },
        "20151": {
            "year_quarter": 20151,
            "year": 2015,
            "quarter": 1,
            "eps": -0.16,
            "eps_growth_year": -180,
            "eps_4q": 0.09,
            "eps_4q_growth_year": -86.84,
            "roe": -1.55,
            "roe_4q": 0.8,
            "gross_profit": 373082,
            "gross_margin": 7.7,
            "gross_margin_4q_avg": 7.59,
            "net_income": -68168,
            "revenue": 4847686,
            "common_shares": 4186276,
            "book_valuer_per_share": 10.36,
            "book_valuer_per_share_4q_avg": 10.19,
            "equity": 4361066,
            "current_ratio": 121.36,
            "debt_ratio": 68.13,
            "inventory_turnover_ratio": 2.07,
            "account_receivable_turnover_ratio": 1.12,
            "reinvestment_rate": -1212.13,
            "research_to_sale_ratio": 4.18,
            "price_fair": 47.37,
            "eps_avg_yearly": 1.35,
            "eps_latest_yearly": 1.6,
            "eps_growth_yearly": 2098.02
        },
        "20152": {
            "year_quarter": 20152,
            "year": 2015,
            "quarter": 2,
            "eps": -0.21,
            "eps_growth_year": null,
            "eps_4q": 0.06,
            "eps_4q_growth_year": -86.88,
            "roe": -2,
            "roe_4q": 0.6000000000000001,
            "gross_profit": 276515,
            "gross_margin": 6.42,
            "gross_margin_4q_avg": 7.42,
            "net_income": -85940,
            "revenue": 4305791,
            "common_shares": 4186276,
            "book_valuer_per_share": 10.07,
            "book_valuer_per_share_4q_avg": 10.24,
            "equity": 4238514,
            "current_ratio": 128.75,
            "debt_ratio": 65.64,
            "inventory_turnover_ratio": 2.06,
            "account_receivable_turnover_ratio": 1.21,
            "reinvestment_rate": -22710.03,
            "research_to_sale_ratio": 4.58,
            "price_fair": 50.12,
            "eps_avg_yearly": 1.43,
            "eps_latest_yearly": 1.6,
            "eps_growth_yearly": 2437.62
        },
        "20153": {
            "year_quarter": 20153,
            "year": 2015,
            "quarter": 3,
            "eps": -0.23,
            "eps_growth_year": -866.67,
            "eps_4q": -0.2,
            "eps_4q_growth_year": -346.11,
            "roe": -2.3,
            "roe_4q": -1.9699999999999998,
            "gross_profit": 342815,
            "gross_margin": 5.27,
            "gross_margin_4q_avg": 7.11,
            "net_income": -96781,
            "revenue": 6510824,
            "common_shares": 4186276,
            "book_valuer_per_share": 10.01,
            "book_valuer_per_share_4q_avg": 10.25,
            "equity": 4191366,
            "current_ratio": 119.27,
            "debt_ratio": 71.95,
            "inventory_turnover_ratio": 2.72,
            "account_receivable_turnover_ratio": 1.6,
            "reinvestment_rate": null,
            "research_to_sale_ratio": 3.16,
            "price_fair": 37.1,
            "eps_avg_yearly": 1.06,
            "eps_latest_yearly": 1.6,
            "eps_growth_yearly": 2842.86
        },
        "20154": {
            "year_quarter": 20154,
            "year": 2015,
            "quarter": 4,
            "eps": -0.26,
            "eps_growth_year": -165.35,
            "eps_4q": -0.86,
            "eps_4q_growth_year": -294.82,
            "roe": -2.68,
            "roe_4q": -8.530000000000001,
            "gross_profit": 289721,
            "gross_margin": 5.94,
            "gross_margin_4q_avg": 6.33,
            "net_income": -110517,
            "revenue": 4875291,
            "common_shares": 4186276,
            "book_valuer_per_share": 9.65,
            "book_valuer_per_share_4q_avg": 10.02,
            "equity": 4042860,
            "current_ratio": 115.47,
            "debt_ratio": 69.45,
            "inventory_turnover_ratio": 1.92,
            "account_receivable_turnover_ratio": 1.28,
            "reinvestment_rate": null,
            "research_to_sale_ratio": 5.17,
            "price_fair": 37.1,
            "eps_avg_yearly": 1.06,
            "eps_latest_yearly": 1.6,
            "eps_growth_yearly": 2842.86
        },
        "20161": {
            "year_quarter": 20161,
            "year": 2016,
            "quarter": 1,
            "eps": -0.35,
            "eps_growth_year": null,
            "eps_4q": -1.05,
            "eps_4q_growth_year": -1288.93,
            "roe": -3.65,
            "roe_4q": -10.629999999999999,
            "gross_profit": 247519,
            "gross_margin": 6.52,
            "gross_margin_4q_avg": 6.04,
            "net_income": -144582,
            "revenue": 3796659,
            "common_shares": 4161776,
            "book_valuer_per_share": 9.3,
            "book_valuer_per_share_4q_avg": 9.76,
            "equity": 3873141,
            "current_ratio": 110.27,
            "debt_ratio": 73.19,
            "inventory_turnover_ratio": 1.03,
            "account_receivable_turnover_ratio": 1.55,
            "reinvestment_rate": null,
            "research_to_sale_ratio": 5.11,
            "price_fair": 37.1,
            "eps_avg_yearly": 1.06,
            "eps_latest_yearly": 1.6,
            "eps_growth_yearly": 2842.86
        },
        "20162": {
            "year_quarter": 20162,
            "year": 2016,
            "quarter": 2,
            "eps": -0.83,
            "eps_growth_year": null,
            "eps_4q": -1.67,
            "eps_4q_growth_year": -2837.41,
            "roe": -9.36,
            "roe_4q": -17.99,
            "gross_profit": 205825,
            "gross_margin": 3.58,
            "gross_margin_4q_avg": 5.33,
            "net_income": -344727,
            "revenue": 5751177,
            "common_shares": 4161776,
            "book_valuer_per_share": 8.38,
            "book_valuer_per_share_4q_avg": 9.34,
            "equity": 3490139,
            "current_ratio": 106.86,
            "debt_ratio": 76.23,
            "inventory_turnover_ratio": 1.23,
            "account_receivable_turnover_ratio": 3.26,
            "reinvestment_rate": null,
            "research_to_sale_ratio": 4.26,
            "price_fair": 37.1,
            "eps_avg_yearly": 1.06,
            "eps_latest_yearly": 1.6,
            "eps_growth_yearly": 2842.86
        },
        "20163": {
            "year_quarter": 20163,
            "year": 2016,
            "quarter": 3,
            "eps": -0.91,
            "eps_growth_year": null,
            "eps_4q": -2.35,
            "eps_4q_growth_year": null,
            "roe": -11.48,
            "roe_4q": -27.169999999999998,
            "gross_profit": -39054,
            "gross_margin": -0.68,
            "gross_margin_4q_avg": 3.84,
            "net_income": -377737,
            "revenue": 5750608,
            "common_shares": 4161776,
            "book_valuer_per_share": 7.42,
            "book_valuer_per_share_4q_avg": 8.69,
            "equity": 3089236,
            "current_ratio": 104.23,
            "debt_ratio": 79.4,
            "inventory_turnover_ratio": 1.33,
            "account_receivable_turnover_ratio": 2.93,
            "reinvestment_rate": null,
            "research_to_sale_ratio": 3.13,
            "price_fair": 37.1,
            "eps_avg_yearly": 1.06,
            "eps_latest_yearly": 1.6,
            "eps_growth_yearly": 2842.86
        },
        "20164": {
            "year_quarter": 20164,
            "year": 2016,
            "quarter": 4,
            "eps": -1.64,
            "eps_growth_year": null,
            "eps_4q": -3.73,
            "eps_4q_growth_year": null,
            "roe": -24.49,
            "roe_4q": -48.98,
            "gross_profit": 122572,
            "gross_margin": 2.11,
            "gross_margin_4q_avg": 2.88,
            "net_income": -684002,
            "revenue": 5810986,
            "common_shares": 4161776,
            "book_valuer_per_share": 5.99,
            "book_valuer_per_share_4q_avg": 7.77,
            "equity": 2497027,
            "current_ratio": 100.42,
            "debt_ratio": 80.96,
            "inventory_turnover_ratio": 1.62,
            "account_receivable_turnover_ratio": 2.3,
            "reinvestment_rate": null,
            "research_to_sale_ratio": 3.34,
            "price_fair": 37.1,
            "eps_avg_yearly": 1.06,
            "eps_latest_yearly": 1.6,
            "eps_growth_yearly": 2842.86
        },
        "20171": {
            "year_quarter": 20171,
            "year": 2017,
            "quarter": 1,
            "eps": -0.47,
            "eps_growth_year": null,
            "eps_4q": -3.85,
            "eps_4q_growth_year": null,
            "roe": -8.3,
            "roe_4q": -53.629999999999995,
            "gross_profit": 57587,
            "gross_margin": 1.6,
            "gross_margin_4q_avg": 1.65,
            "net_income": -196834,
            "revenue": 3587936,
            "common_shares": 4161776,
            "book_valuer_per_share": 5.39,
            "book_valuer_per_share_4q_avg": 6.8,
            "equity": 2246099,
            "current_ratio": 98.44,
            "debt_ratio": 81.76,
            "inventory_turnover_ratio": 1.21,
            "account_receivable_turnover_ratio": 1.85,
            "reinvestment_rate": null,
            "research_to_sale_ratio": 5.29,
            "price_fair": 37.1,
            "eps_avg_yearly": 1.06,
            "eps_latest_yearly": 1.6,
            "eps_growth_yearly": 2842.86
        },
        "20172": {
            "year_quarter": 20172,
            "year": 2017,
            "quarter": 2,
            "eps": 0.01,
            "eps_growth_year": null,
            "eps_4q": -3.01,
            "eps_4q_growth_year": null,
            "roe": 0.22,
            "roe_4q": -44.05,
            "gross_profit": 213960,
            "gross_margin": 4.26,
            "gross_margin_4q_avg": 1.82,
            "net_income": 5098,
            "revenue": 5024761,
            "common_shares": 4161776,
            "book_valuer_per_share": 5.47,
            "book_valuer_per_share_4q_avg": 6.07,
            "equity": 2288615,
            "current_ratio": 98.61,
            "debt_ratio": 81.39,
            "inventory_turnover_ratio": 1.72,
            "account_receivable_turnover_ratio": 2.91,
            "reinvestment_rate": null,
            "research_to_sale_ratio": 2.86,
            "price_fair": 37.1,
            "eps_avg_yearly": 1.06,
            "eps_latest_yearly": 1.6,
            "eps_growth_yearly": 2842.86
        },
        "20173": {
            "year_quarter": 20173,
            "year": 2017,
            "quarter": 3,
            "eps": -0.55,
            "eps_growth_year": null,
            "eps_4q": -2.65,
            "eps_4q_growth_year": null,
            "roe": -10.36,
            "roe_4q": -42.92999999999999,
            "gross_profit": 86328,
            "gross_margin": 1.87,
            "gross_margin_4q_avg": 2.46,
            "net_income": -227065,
            "revenue": 4622201,
            "common_shares": 4161776,
            "book_valuer_per_share": 5.01,
            "book_valuer_per_share_4q_avg": 5.47,
            "equity": 2093593,
            "current_ratio": 95.22,
            "debt_ratio": 81.27,
            "inventory_turnover_ratio": 1.94,
            "account_receivable_turnover_ratio": 2.22,
            "reinvestment_rate": null,
            "research_to_sale_ratio": 3.82,
            "price_fair": 29.87,
            "eps_avg_yearly": 0.85,
            "eps_latest_yearly": 1.6,
            "eps_growth_yearly": 2057.14
        },
        "20174": {
            "year_quarter": 20174,
            "year": 2017,
            "quarter": 4,
            "eps": -0.63,
            "eps_growth_year": null,
            "eps_4q": -1.63,
            "eps_4q_growth_year": null,
            "roe": -13.4,
            "roe_4q": -31.84,
            "gross_profit": 196751,
            "gross_margin": 6.36,
            "gross_margin_4q_avg": 3.52,
            "net_income": -262574,
            "revenue": 3095442,
            "common_shares": 4161776,
            "book_valuer_per_share": 4.34,
            "book_valuer_per_share_4q_avg": 5.05,
            "equity": 1823994,
            "current_ratio": 90.27,
            "debt_ratio": 80.62,
            "inventory_turnover_ratio": 1.33,
            "account_receivable_turnover_ratio": 1.73,
            "reinvestment_rate": null,
            "research_to_sale_ratio": 5.95,
            "price_fair": 42,
            "eps_avg_yearly": 1.2,
            "eps_latest_yearly": 1.6,
            "eps_growth_yearly": 3266.67
        },
        "20181": {
            "year_quarter": 20181,
            "year": 2018,
            "quarter": 1,
            "eps": -0.37,
            "eps_growth_year": null,
            "eps_4q": -1.53,
            "eps_4q_growth_year": null,
            "roe": -8.81,
            "roe_4q": -32.35,
            "gross_profit": 85075,
            "gross_margin": 3.41,
            "gross_margin_4q_avg": 3.98,
            "net_income": -154778,
            "revenue": 2494291,
            "common_shares": 4161776,
            "book_valuer_per_share": 4.02,
            "book_valuer_per_share_4q_avg": 4.71,
            "equity": 1689699,
            "current_ratio": 85.57,
            "debt_ratio": 78.36,
            "inventory_turnover_ratio": 1.1,
            "account_receivable_turnover_ratio": 1.91,
            "reinvestment_rate": null,
            "research_to_sale_ratio": 7.3,
            "price_fair": 56,
            "eps_avg_yearly": 1.6,
            "eps_latest_yearly": 1.6,
            "eps_growth_yearly": 4933.33
        },
        "20182": {
            "year_quarter": 20182,
            "year": 2018,
            "quarter": 2,
            "eps": -1.51,
            "eps_growth_year": -15200,
            "eps_4q": -4.59,
            "eps_4q_growth_year": null,
            "roe": -20.72,
            "roe_4q": -53.29,
            "gross_profit": 116433,
            "gross_margin": 5.68,
            "gross_margin_4q_avg": 4.33,
            "net_income": -315105,
            "revenue": 2049716,
            "common_shares": 2080888,
            "book_valuer_per_share": 6.43,
            "book_valuer_per_share_4q_avg": 4.95,
            "equity": 1352221,
            "current_ratio": 79.09,
            "debt_ratio": 80.32,
            "inventory_turnover_ratio": 1.08,
            "account_receivable_turnover_ratio": 2.09,
            "reinvestment_rate": null,
            "research_to_sale_ratio": 9.15,
            "price_fair": 56,
            "eps_avg_yearly": 1.6,
            "eps_latest_yearly": 1.6,
            "eps_growth_yearly": 4933.33
        },
        "20183": {
            "year_quarter": 20183,
            "year": 2018,
            "quarter": 3,
            "eps": -1.36,
            "eps_growth_year": null,
            "eps_4q": -4.86,
            "eps_4q_growth_year": null,
            "roe": -23.33,
            "roe_4q": -66.26,
            "gross_profit": 107752,
            "gross_margin": 7.68,
            "gross_margin_4q_avg": 5.78,
            "net_income": -283436,
            "revenue": 1402346,
            "common_shares": 2080888,
            "book_valuer_per_share": 5.12,
            "book_valuer_per_share_4q_avg": 4.98,
            "equity": 1078033,
            "current_ratio": 69.81,
            "debt_ratio": 80.63,
            "inventory_turnover_ratio": 0.91,
            "account_receivable_turnover_ratio": 1.77,
            "reinvestment_rate": null,
            "research_to_sale_ratio": 13.11,
            "price_fair": 56,
            "eps_avg_yearly": 1.6,
            "eps_latest_yearly": 1.6,
            "eps_growth_yearly": 4933.33
        },
        "20184": {
            "year_quarter": 20184,
            "year": 2018,
            "quarter": 4,
            "eps": 0.19,
            "eps_growth_year": null,
            "eps_4q": -3.41,
            "eps_4q_growth_year": null,
            "roe": 3.54,
            "roe_4q": -49.32,
            "gross_profit": -79834,
            "gross_margin": -3.57,
            "gross_margin_4q_avg": 3.3,
            "net_income": 39068,
            "revenue": 2233611,
            "common_shares": 2080888,
            "book_valuer_per_share": 5.36,
            "book_valuer_per_share_4q_avg": 5.23,
            "equity": 1126761,
            "current_ratio": 89.37,
            "debt_ratio": 72.86,
            "inventory_turnover_ratio": 2.05,
            "account_receivable_turnover_ratio": 3.36,
            "reinvestment_rate": null,
            "research_to_sale_ratio": 8.83,
            "price_fair": 0,
            "eps_avg_yearly": 0,
            "eps_latest_yearly": 0,
            "eps_growth_yearly": 0
        },
        "20191": {
            "year_quarter": 20191,
            "year": 2019,
            "quarter": 1,
            "eps": -0.44,
            "eps_growth_year": null,
            "eps_4q": -3.1,
            "eps_4q_growth_year": null,
            "roe": -8.42,
            "roe_4q": -48.92999999999999,
            "gross_profit": 77927,
            "gross_margin": 11.55,
            "gross_margin_4q_avg": 5.34,
            "net_income": -91994,
            "revenue": 674733,
            "common_shares": 2080888,
            "book_valuer_per_share": 5.04,
            "book_valuer_per_share_4q_avg": 5.49,
            "equity": 1059554,
            "current_ratio": 82.41,
            "debt_ratio": 71.8,
            "inventory_turnover_ratio": 0.69,
            "account_receivable_turnover_ratio": 1.39,
            "reinvestment_rate": null,
            "research_to_sale_ratio": 15.84,
            "price_fair": 0,
            "eps_avg_yearly": 0,
            "eps_latest_yearly": 0,
            "eps_growth_yearly": 0
        },
        "20192": {
            "year_quarter": 20192,
            "year": 2019,
            "quarter": 2,
            "eps": 0.02,
            "eps_growth_year": null,
            "eps_4q": -1.58,
            "eps_4q_growth_year": null,
            "roe": 0.15,
            "roe_4q": -28.06,
            "gross_profit": -17145,
            "gross_margin": -4.16,
            "gross_margin_4q_avg": 2.88,
            "net_income": 1557,
            "revenue": 411655,
            "common_shares": 2080888,
            "book_valuer_per_share": 5,
            "book_valuer_per_share_4q_avg": 5.13,
            "equity": 1050367,
            "current_ratio": 103.83,
            "debt_ratio": 66.43,
            "inventory_turnover_ratio": 0.65,
            "account_receivable_turnover_ratio": 1.11,
            "reinvestment_rate": null,
            "research_to_sale_ratio": 22.79,
            "price_fair": 0,
            "eps_avg_yearly": 0,
            "eps_latest_yearly": 0,
            "eps_growth_yearly": 0
        },
        "20193": {
            "year_quarter": 20193,
            "year": 2019,
            "quarter": 3,
            "eps": 0.12,
            "eps_growth_year": null,
            "eps_4q": -0.11,
            "eps_4q_growth_year": null,
            "roe": 2.2,
            "roe_4q": -2.5300000000000002,
            "gross_profit": 112309,
            "gross_margin": 23.36,
            "gross_margin_4q_avg": 6.8,
            "net_income": 23146,
            "revenue": 480762,
            "common_shares": 2080888,
            "book_valuer_per_share": 5,
            "book_valuer_per_share_4q_avg": 5.1,
            "equity": 1049019,
            "current_ratio": 106.6,
            "debt_ratio": 63.37,
            "inventory_turnover_ratio": 0.82,
            "account_receivable_turnover_ratio": 1.27,
            "reinvestment_rate": null,
            "research_to_sale_ratio": 23.29,
            "price_fair": 16.8,
            "eps_avg_yearly": 0.48,
            "eps_latest_yearly": 0.48,
            "eps_growth_yearly": 2000
        },
        "20194": {
            "year_quarter": 20194,
            "year": 2019,
            "quarter": 4,
            "eps": 0.08,
            "eps_growth_year": -60.44,
            "eps_4q": -0.23,
            "eps_4q_growth_year": null,
            "roe": 1.37,
            "roe_4q": -4.699999999999999,
            "gross_profit": 4501,
            "gross_margin": 0.51,
            "gross_margin_4q_avg": 7.82,
            "net_income": 14414,
            "revenue": 876537,
            "common_shares": 2080888,
            "book_valuer_per_share": 5.02,
            "book_valuer_per_share_4q_avg": 5.02,
            "equity": 1051478,
            "current_ratio": 97.35,
            "debt_ratio": 66.65,
            "inventory_turnover_ratio": 1.97,
            "account_receivable_turnover_ratio": 1.67,
            "reinvestment_rate": null,
            "research_to_sale_ratio": 10.43,
            "price_fair": 14,
            "eps_avg_yearly": 0.4,
            "eps_latest_yearly": 0.32,
            "eps_growth_yearly": 933.33
        },
        "20201": {
            "year_quarter": 20201,
            "year": 2020,
            "quarter": 1,
            "eps": -0.51,
            "eps_growth_year": null,
            "eps_4q": -0.3,
            "eps_4q_growth_year": null,
            "roe": -10.85,
            "roe_4q": -7.13,
            "gross_profit": 32601,
            "gross_margin": 6.9,
            "gross_margin_4q_avg": 6.65,
            "net_income": -108239,
            "revenue": 472728,
            "common_shares": 2080888,
            "book_valuer_per_share": 4.5,
            "book_valuer_per_share_4q_avg": 4.88,
            "equity": 943307,
            "current_ratio": 93.9,
            "debt_ratio": 64.24,
            "inventory_turnover_ratio": 0.91,
            "account_receivable_turnover_ratio": 0.83,
            "reinvestment_rate": null,
            "research_to_sale_ratio": 16.38,
            "price_fair": 14,
            "eps_avg_yearly": 0.4,
            "eps_latest_yearly": 0.32,
            "eps_growth_yearly": 933.33
        },
        "20202": {
            "year_quarter": 20202,
            "year": 2020,
            "quarter": 2,
            "eps": -0.59,
            "eps_growth_year": -3050,
            "eps_4q": -0.9,
            "eps_4q_growth_year": null,
            "roe": -14.22,
            "roe_4q": -21.5,
            "gross_profit": -6729,
            "gross_margin": -1.12,
            "gross_margin_4q_avg": 7.41,
            "net_income": -123918,
            "revenue": 599891,
            "common_shares": 2080888,
            "book_valuer_per_share": 3.81,
            "book_valuer_per_share_4q_avg": 4.58,
            "equity": 799183,
            "current_ratio": 89.26,
            "debt_ratio": 67.43,
            "inventory_turnover_ratio": 1.32,
            "account_receivable_turnover_ratio": 1.43,
            "reinvestment_rate": null,
            "research_to_sale_ratio": 15.1,
            "price_fair": 14,
            "eps_avg_yearly": 0.4,
            "eps_latest_yearly": 0.32,
            "eps_growth_yearly": 933.33
        },
        "20203": {
            "year_quarter": 20203,
            "year": 2020,
            "quarter": 3,
            "eps": -0.86,
            "eps_growth_year": -816.67,
            "eps_4q": -1.88,
            "eps_4q_growth_year": null,
            "roe": -24.96,
            "roe_4q": -48.660000000000004,
            "gross_profit": -23821,
            "gross_margin": -2.14,
            "gross_margin_4q_avg": 1.04,
            "net_income": -179588,
            "revenue": 1115555,
            "common_shares": 2080888,
            "book_valuer_per_share": 3.05,
            "book_valuer_per_share_4q_avg": 4.1,
            "equity": 639832,
            "current_ratio": 80.25,
            "debt_ratio": 76.25,
            "inventory_turnover_ratio": 2.3,
            "account_receivable_turnover_ratio": 2.16,
            "reinvestment_rate": null,
            "research_to_sale_ratio": 6.65,
            "price_fair": 14,
            "eps_avg_yearly": 0.4,
            "eps_latest_yearly": 0.32,
            "eps_growth_yearly": 933.33
        },
        "20204": {
            "year_quarter": 20204,
            "year": 2020,
            "quarter": 4,
            "eps": -1.1,
            "eps_growth_year": -1535.2,
            "eps_4q": -3.06,
            "eps_4q_growth_year": null,
            "roe": -43.96,
            "roe_4q": -93.99,
            "gross_profit": -85755,
            "gross_margin": -9.88,
            "gross_margin_4q_avg": -1.56,
            "net_income": -231604,
            "revenue": 867884,
            "common_shares": 2080888,
            "book_valuer_per_share": 1.98,
            "book_valuer_per_share_4q_avg": 3.34,
            "equity": 413786,
            "current_ratio": 79.63,
            "debt_ratio": 84.11,
            "inventory_turnover_ratio": 1.96,
            "account_receivable_turnover_ratio": 1.25,
            "reinvestment_rate": null,
            "research_to_sale_ratio": 9.72,
            "price_fair": 14,
            "eps_avg_yearly": 0.4,
            "eps_latest_yearly": 0.32,
            "eps_growth_yearly": 933.33
        },
        "20211": {
            "year_quarter": 20211,
            "year": 2021,
            "quarter": 1,
            "eps": -0.77,
            "eps_growth_year": null,
            "eps_4q": -3.32,
            "eps_4q_growth_year": null,
            "roe": -48.77,
            "roe_4q": -131.91,
            "gross_profit": -30170,
            "gross_margin": -12.01,
            "gross_margin_4q_avg": -6.29,
            "net_income": -161555,
            "revenue": 251120,
            "common_shares": 2080888,
            "book_valuer_per_share": 1.19,
            "book_valuer_per_share_4q_avg": 2.51,
            "equity": 248711,
            "current_ratio": 57.92,
            "debt_ratio": 86.92,
            "inventory_turnover_ratio": 0.82,
            "account_receivable_turnover_ratio": 0.5,
            "reinvestment_rate": null,
            "research_to_sale_ratio": 27.72,
            "price_fair": 14,
            "eps_avg_yearly": 0.4,
            "eps_latest_yearly": 0.32,
            "eps_growth_yearly": 933.33
        },
        "20212": {
            "year_quarter": 20212,
            "year": 2021,
            "quarter": 2,
            "eps": -0.81,
            "eps_growth_year": null,
            "eps_4q": -3.54,
            "eps_4q_growth_year": null,
            "roe": -104.95,
            "roe_4q": -222.64000000000001,
            "gross_profit": -38509,
            "gross_margin": -22.37,
            "gross_margin_4q_avg": -11.6,
            "net_income": -169897,
            "revenue": 172173,
            "common_shares": 2080888,
            "book_valuer_per_share": 0.35,
            "book_valuer_per_share_4q_avg": 1.64,
            "equity": 75069,
            "current_ratio": 35.5,
            "debt_ratio": 94.99,
            "inventory_turnover_ratio": 0.82,
            "account_receivable_turnover_ratio": 0.98,
            "reinvestment_rate": null,
            "research_to_sale_ratio": 34.77,
            "price_fair": 14,
            "eps_avg_yearly": 0.4,
            "eps_latest_yearly": 0.32,
            "eps_growth_yearly": 933.33
        },
        "20213": {
            "year_quarter": 20213,
            "year": 2021,
            "quarter": 3,
            "eps": -0.3,
            "eps_growth_year": null,
            "eps_4q": -2.99,
            "eps_4q_growth_year": null,
            "roe": -144.76,
            "roe_4q": -342.43999999999994,
            "gross_profit": 31886,
            "gross_margin": 16.26,
            "gross_margin_4q_avg": -7,
            "net_income": -62104,
            "revenue": 196087,
            "common_shares": 2080888,
            "book_valuer_per_share": 0.04,
            "book_valuer_per_share_4q_avg": 0.89,
            "equity": 10731,
            "current_ratio": 52.08,
            "debt_ratio": 99.27,
            "inventory_turnover_ratio": 0.78,
            "account_receivable_turnover_ratio": 1.51,
            "reinvestment_rate": null,
            "research_to_sale_ratio": 24.37,
            "price_fair": 14,
            "eps_avg_yearly": 0.4,
            "eps_latest_yearly": 0.32,
            "eps_growth_yearly": 933.33
        },
        "20214": {
            "year_quarter": 20214,
            "year": 2021,
            "quarter": 4,
            "eps": 1.91,
            "eps_growth_year": null,
            "eps_4q": 0.03,
            "eps_4q_growth_year": null,
            "roe": 187.74,
            "roe_4q": -110.73999999999998,
            "gross_profit": -53098,
            "gross_margin": -44.95,
            "gross_margin_4q_avg": -15.77,
            "net_income": 395401,
            "revenue": 118132,
            "common_shares": 2080888,
            "book_valuer_per_share": 1.97,
            "book_valuer_per_share_4q_avg": 0.89,
            "equity": 410500,
            "current_ratio": 75.87,
            "debt_ratio": 61.77,
            "inventory_turnover_ratio": 0.98,
            "account_receivable_turnover_ratio": 1.1,
            "reinvestment_rate": null,
            "research_to_sale_ratio": 39.72,
            "price_fair": 14,
            "eps_avg_yearly": 0.4,
            "eps_latest_yearly": 0.32,
            "eps_growth_yearly": 933.33
        },
        "20221": {
            "year_quarter": 20221,
            "year": 2022,
            "quarter": 1,
            "eps": -0.45,
            "eps_growth_year": null,
            "eps_4q": 0.35,
            "eps_4q_growth_year": null,
            "roe": -24.9,
            "roe_4q": -86.86999999999999,
            "gross_profit": 5364,
            "gross_margin": 4.33,
            "gross_margin_4q_avg": -11.68,
            "net_income": -92652,
            "revenue": 123825,
            "common_shares": 2080888,
            "book_valuer_per_share": 1.6,
            "book_valuer_per_share_4q_avg": 0.99,
            "equity": 333800,
            "current_ratio": 62.14,
            "debt_ratio": 63.2,
            "inventory_turnover_ratio": 0.87,
            "account_receivable_turnover_ratio": 1.91,
            "reinvestment_rate": null,
            "research_to_sale_ratio": 28.19,
            "price_fair": 14,
            "eps_avg_yearly": 0.4,
            "eps_latest_yearly": 0.32,
            "eps_growth_yearly": 933.33
        },
        "20222": {
            "year_quarter": 20222,
            "year": 2022,
            "quarter": 2,
            "eps": 0.36,
            "eps_growth_year": null,
            "eps_4q": 1.52,
            "eps_4q_growth_year": null,
            "roe": 18.53,
            "roe_4q": 36.610000000000014,
            "gross_profit": 12378,
            "gross_margin": 16.76,
            "gross_margin_4q_avg": -1.9,
            "net_income": 73081,
            "revenue": 73835,
            "common_shares": 2080888,
            "book_valuer_per_share": 2.18,
            "book_valuer_per_share_4q_avg": 1.45,
            "equity": 454961,
            "current_ratio": 86.64,
            "debt_ratio": 50.79,
            "inventory_turnover_ratio": 0.61,
            "account_receivable_turnover_ratio": 1.04,
            "reinvestment_rate": null,
            "research_to_sale_ratio": 41.06,
            "price_fair": 14,
            "eps_avg_yearly": 0.4,
            "eps_latest_yearly": 0.32,
            "eps_growth_yearly": 933.33
        },
        "20223": {
            "year_quarter": 20223,
            "year": 2022,
            "quarter": 3,
            "eps": -1.18,
            "eps_growth_year": null,
            "eps_4q": 4.01,
            "eps_4q_growth_year": null,
            "roe": -20.81,
            "roe_4q": 160.56,
            "gross_profit": -4771,
            "gross_margin": -8.62,
            "gross_margin_4q_avg": -8.12,
            "net_income": -86086,
            "revenue": 55351,
            "common_shares": 728311,
            "book_valuer_per_share": 5.1,
            "book_valuer_per_share_4q_avg": 2.71,
            "equity": 372283,
            "current_ratio": 70.96,
            "debt_ratio": 55.46,
            "inventory_turnover_ratio": 0.71,
            "account_receivable_turnover_ratio": 0.63,
            "reinvestment_rate": null,
            "research_to_sale_ratio": 46.18,
            "price_fair": 14,
            "eps_avg_yearly": 0.4,
            "eps_latest_yearly": 0.32,
            "eps_growth_yearly": 933.33
        },
        "20224": {
            "year_quarter": 20224,
            "year": 2022,
            "quarter": 4,
            "eps": -0.77,
            "eps_growth_year": -140.53,
            "eps_4q": -2.22,
            "eps_4q_growth_year": -8254.17,
            "roe": -16.79,
            "roe_4q": -43.96999999999999,
            "gross_profit": -1896,
            "gross_margin": -1.74,
            "gross_margin_4q_avg": 2.68,
            "net_income": -56394,
            "revenue": 108783,
            "common_shares": 728311,
            "book_valuer_per_share": 4.1,
            "book_valuer_per_share_4q_avg": 3.25,
            "equity": 299467,
            "current_ratio": 67.4,
            "debt_ratio": 61.66,
            "inventory_turnover_ratio": 1.23,
            "account_receivable_turnover_ratio": 1.24,
            "reinvestment_rate": null,
            "research_to_sale_ratio": 27.51,
            "price_fair": 14,
            "eps_avg_yearly": 0.4,
            "eps_latest_yearly": 0.32,
            "eps_growth_yearly": 933.33
        },
        "20231": {
            "year_quarter": 20231,
            "year": 2023,
            "quarter": 1,
            "eps": -0.89,
            "eps_growth_year": null,
            "eps_4q": -1.84,
            "eps_4q_growth_year": -620.88,
            "roe": -24,
            "roe_4q": -43.06999999999999,
            "gross_profit": -7086,
            "gross_margin": -14.67,
            "gross_margin_4q_avg": -2.07,
            "net_income": -65010,
            "revenue": 48288,
            "common_shares": 728311,
            "book_valuer_per_share": 3.32,
            "book_valuer_per_share_4q_avg": 3.68,
            "equity": 242184,
            "current_ratio": 62.27,
            "debt_ratio": 69.05,
            "inventory_turnover_ratio": 0.53,
            "account_receivable_turnover_ratio": 0.52,
            "reinvestment_rate": null,
            "research_to_sale_ratio": 49.02,
            "price_fair": 14,
            "eps_avg_yearly": 0.4,
            "eps_latest_yearly": 0.32,
            "eps_growth_yearly": 933.33
        }
    },
    "months": {
        "2003-09": {
            "month": "2003-09",
            "price": "62.00",
            "revenue": 1140134
        },
        "2003-10": {
            "month": "2003-10",
            "price": "54.49",
            "revenue": 1146394
        },
        "2003-11": {
            "month": "2003-11",
            "price": "52.93",
            "revenue": 860817
        },
        "2003-12": {
            "month": "2003-12",
            "price": "53.90",
            "revenue": 1474325
        },
        "2004-01": {
            "month": "2004-01",
            "price": "51.24",
            "revenue": 1209166
        },
        "2004-02": {
            "month": "2004-02",
            "price": "50.25",
            "revenue": 1670423
        },
        "2004-03": {
            "month": "2004-03",
            "price": "47.64",
            "revenue": 1729065
        },
        "2004-04": {
            "month": "2004-04",
            "price": "48.20",
            "revenue": 1658168
        },
        "2004-05": {
            "month": "2004-05",
            "price": "44.79",
            "revenue": 1384438
        },
        "2004-06": {
            "month": "2004-06",
            "price": "44.17",
            "revenue": 1370629
        },
        "2004-07": {
            "month": "2004-07",
            "price": "28.58",
            "revenue": 971241
        },
        "2004-08": {
            "month": "2004-08",
            "price": "20.97",
            "revenue": 1175977
        },
        "2004-09": {
            "month": "2004-09",
            "price": "20.65",
            "revenue": 1120440
        },
        "2004-10": {
            "month": "2004-10",
            "price": "19.59",
            "revenue": 1177384
        },
        "2004-11": {
            "month": "2004-11",
            "price": "16.54",
            "revenue": 1204086
        },
        "2004-12": {
            "month": "2004-12",
            "price": "16.87",
            "revenue": 1180712
        },
        "2005-01": {
            "month": "2005-01",
            "price": "17.06",
            "revenue": 844408
        },
        "2005-02": {
            "month": "2005-02",
            "price": "19.45",
            "revenue": 372805
        },
        "2005-03": {
            "month": "2005-03",
            "price": "25.57",
            "revenue": 1282929
        },
        "2005-04": {
            "month": "2005-04",
            "price": "27.29",
            "revenue": 2316804
        },
        "2005-05": {
            "month": "2005-05",
            "price": "25.74",
            "revenue": 2177709
        },
        "2005-06": {
            "month": "2005-06",
            "price": "26.67",
            "revenue": 1839995
        },
        "2005-07": {
            "month": "2005-07",
            "price": "24.26",
            "revenue": 1664833
        },
        "2005-08": {
            "month": "2005-08",
            "price": "19.06",
            "revenue": 2030752
        },
        "2005-09": {
            "month": "2005-09",
            "price": "16.22",
            "revenue": 2490367
        },
        "2005-10": {
            "month": "2005-10",
            "price": "18.52",
            "revenue": 2504294
        },
        "2005-11": {
            "month": "2005-11",
            "price": "20.29",
            "revenue": 3324880
        },
        "2005-12": {
            "month": "2005-12",
            "price": "29.30",
            "revenue": 2741654
        },
        "2006-01": {
            "month": "2006-01",
            "price": "35.18",
            "revenue": 2174621
        },
        "2006-02": {
            "month": "2006-02",
            "price": "33.52",
            "revenue": 2738766
        },
        "2006-03": {
            "month": "2006-03",
            "price": "40.27",
            "revenue": 2968011
        },
        "2006-04": {
            "month": "2006-04",
            "price": "48.78",
            "revenue": 3007257
        },
        "2006-05": {
            "month": "2006-05",
            "price": "50.00",
            "revenue": 2940807
        },
        "2006-06": {
            "month": "2006-06",
            "price": "35.29",
            "revenue": 2075457
        },
        "2006-07": {
            "month": "2006-07",
            "price": "33.05",
            "revenue": 1118355
        },
        "2006-08": {
            "month": "2006-08",
            "price": "30.45",
            "revenue": 1147394
        },
        "2006-09": {
            "month": "2006-09",
            "price": "27.02",
            "revenue": 1223352
        },
        "2006-10": {
            "month": "2006-10",
            "price": "26.07",
            "revenue": 1459546
        },
        "2006-11": {
            "month": "2006-11",
            "price": "26.25",
            "revenue": 1674797
        },
        "2006-12": {
            "month": "2006-12",
            "price": "26.68",
            "revenue": 1010144
        },
        "2007-01": {
            "month": "2007-01",
            "price": "29.18",
            "revenue": 1093501
        },
        "2007-02": {
            "month": "2007-02",
            "price": "28.51",
            "revenue": 846908
        },
        "2007-03": {
            "month": "2007-03",
            "price": "29.26",
            "revenue": 1074589
        },
        "2007-04": {
            "month": "2007-04",
            "price": "33.93",
            "revenue": 1167893
        },
        "2007-05": {
            "month": "2007-05",
            "price": "34.14",
            "revenue": 1005960
        },
        "2007-06": {
            "month": "2007-06",
            "price": "37.48",
            "revenue": 1013631
        },
        "2007-07": {
            "month": "2007-07",
            "price": "39.76",
            "revenue": 1166904
        },
        "2007-08": {
            "month": "2007-08",
            "price": "30.30",
            "revenue": 1340099
        },
        "2007-09": {
            "month": "2007-09",
            "price": "25.72",
            "revenue": 2697244
        },
        "2007-10": {
            "month": "2007-10",
            "price": "30.15",
            "revenue": 3563920
        },
        "2007-11": {
            "month": "2007-11",
            "price": "25.83",
            "revenue": 2224244
        },
        "2007-12": {
            "month": "2007-12",
            "price": "21.07",
            "revenue": 1101821
        },
        "2008-01": {
            "month": "2008-01",
            "price": "17.82",
            "revenue": 1117730
        },
        "2008-02": {
            "month": "2008-02",
            "price": "14.76",
            "revenue": 1195465
        },
        "2008-03": {
            "month": "2008-03",
            "price": "19.19",
            "revenue": 1231301
        },
        "2008-04": {
            "month": "2008-04",
            "price": "23.72",
            "revenue": 1905304
        },
        "2008-05": {
            "month": "2008-05",
            "price": "23.83",
            "revenue": 1443709
        },
        "2008-06": {
            "month": "2008-06",
            "price": "16.74",
            "revenue": 1463681
        },
        "2008-07": {
            "month": "2008-07",
            "price": "13.14",
            "revenue": 1599372
        },
        "2008-08": {
            "month": "2008-08",
            "price": "14.78",
            "revenue": 2642065
        },
        "2008-09": {
            "month": "2008-09",
            "price": "12.72",
            "revenue": 2967900
        },
        "2008-10": {
            "month": "2008-10",
            "price": "8.65",
            "revenue": 2281399
        },
        "2008-11": {
            "month": "2008-11",
            "price": "5.23",
            "revenue": 1771225
        },
        "2008-12": {
            "month": "2008-12",
            "price": "4.90",
            "revenue": 1105115
        },
        "2009-01": {
            "month": "2009-01",
            "price": "5.02",
            "revenue": 1035550
        },
        "2009-02": {
            "month": "2009-02",
            "price": "5.81",
            "revenue": 1322818
        },
        "2009-03": {
            "month": "2009-03",
            "price": "7.64",
            "revenue": 1405310
        },
        "2009-04": {
            "month": "2009-04",
            "price": "9.94",
            "revenue": 1619566
        },
        "2009-05": {
            "month": "2009-05",
            "price": "10.93",
            "revenue": 1477656
        },
        "2009-06": {
            "month": "2009-06",
            "price": "10.86",
            "revenue": 1402271
        },
        "2009-07": {
            "month": "2009-07",
            "price": "11.86",
            "revenue": 1113927
        },
        "2009-08": {
            "month": "2009-08",
            "price": "11.31",
            "revenue": 1171314
        },
        "2009-09": {
            "month": "2009-09",
            "price": "11.58",
            "revenue": 1249027
        },
        "2009-10": {
            "month": "2009-10",
            "price": "12.52",
            "revenue": 1017979
        },
        "2009-11": {
            "month": "2009-11",
            "price": "12.40",
            "revenue": 1068990
        },
        "2009-12": {
            "month": "2009-12",
            "price": "13.03",
            "revenue": 785796
        },
        "2010-01": {
            "month": "2010-01",
            "price": "15.07",
            "revenue": 796228
        },
        "2010-02": {
            "month": "2010-02",
            "price": "13.05",
            "revenue": 777013
        },
        "2010-03": {
            "month": "2010-03",
            "price": "13.43",
            "revenue": 1085835
        },
        "2010-04": {
            "month": "2010-04",
            "price": "14.02",
            "revenue": 1063159
        },
        "2010-05": {
            "month": "2010-05",
            "price": "11.60",
            "revenue": 1125379
        },
        "2010-06": {
            "month": "2010-06",
            "price": "10.95",
            "revenue": 1231465
        },
        "2010-07": {
            "month": "2010-07",
            "price": "11.24",
            "revenue": 1672575
        },
        "2010-08": {
            "month": "2010-08",
            "price": "11.59",
            "revenue": 1889360
        },
        "2010-09": {
            "month": "2010-09",
            "price": "11.78",
            "revenue": 2042961
        },
        "2010-10": {
            "month": "2010-10",
            "price": "11.99",
            "revenue": 2718879
        },
        "2010-11": {
            "month": "2010-11",
            "price": "11.45",
            "revenue": 2810965
        },
        "2010-12": {
            "month": "2010-12",
            "price": "14.87",
            "revenue": 2221393
        },
        "2011-01": {
            "month": "2011-01",
            "price": "19.54",
            "revenue": 1799996
        },
        "2011-02": {
            "month": "2011-02",
            "price": "17.55",
            "revenue": 1456029
        },
        "2011-03": {
            "month": "2011-03",
            "price": "15.61",
            "revenue": 1956553
        },
        "2011-04": {
            "month": "2011-04",
            "price": "14.09",
            "revenue": 2041977
        },
        "2011-05": {
            "month": "2011-05",
            "price": "15.55",
            "revenue": 2142928
        },
        "2011-06": {
            "month": "2011-06",
            "price": "19.74",
            "revenue": 2859226
        },
        "2011-07": {
            "month": "2011-07",
            "price": "21.67",
            "revenue": 2792610
        },
        "2011-08": {
            "month": "2011-08",
            "price": "18.55",
            "revenue": 3020545
        },
        "2011-09": {
            "month": "2011-09",
            "price": "18.41",
            "revenue": 3111697
        },
        "2011-10": {
            "month": "2011-10",
            "price": "19.94",
            "revenue": 2611846
        },
        "2011-11": {
            "month": "2011-11",
            "price": "19.31",
            "revenue": 1633955
        },
        "2011-12": {
            "month": "2011-12",
            "price": "18.92",
            "revenue": 1557981
        },
        "2012-01": {
            "month": "2012-01",
            "price": "20.91",
            "revenue": 1464976
        },
        "2012-02": {
            "month": "2012-02",
            "price": "27.20",
            "revenue": 1574971
        },
        "2012-03": {
            "month": "2012-03",
            "price": "25.50",
            "revenue": 1814113
        },
        "2012-04": {
            "month": "2012-04",
            "price": "21.13",
            "revenue": 1857332
        },
        "2012-05": {
            "month": "2012-05",
            "price": "17.67",
            "revenue": 2064516
        },
        "2012-06": {
            "month": "2012-06",
            "price": "16.76",
            "revenue": 1345892
        },
        "2012-07": {
            "month": "2012-07",
            "price": "14.73",
            "revenue": 1009901
        },
        "2012-08": {
            "month": "2012-08",
            "price": "13.35",
            "revenue": 935882
        },
        "2012-09": {
            "month": "2012-09",
            "price": "14.19",
            "revenue": 886058
        },
        "2012-10": {
            "month": "2012-10",
            "price": "13.41",
            "revenue": 1566869
        },
        "2012-11": {
            "month": "2012-11",
            "price": "12.95",
            "revenue": 3863048
        },
        "2012-12": {
            "month": "2012-12",
            "price": "15.76",
            "revenue": 2885895
        },
        "2013-01": {
            "month": "2013-01",
            "price": "15.26",
            "revenue": 2054261
        },
        "2013-02": {
            "month": "2013-02",
            "price": "14.20",
            "revenue": 1460504
        },
        "2013-03": {
            "month": "2013-03",
            "price": "15.25",
            "revenue": 1554427
        },
        "2013-04": {
            "month": "2013-04",
            "price": "13.93",
            "revenue": 2607119
        },
        "2013-05": {
            "month": "2013-05",
            "price": "13.99",
            "revenue": 2752511
        },
        "2013-06": {
            "month": "2013-06",
            "price": "12.55",
            "revenue": 3133939
        },
        "2013-07": {
            "month": "2013-07",
            "price": "12.57",
            "revenue": 2865688
        },
        "2013-08": {
            "month": "2013-08",
            "price": "12.16",
            "revenue": 3374089
        },
        "2013-09": {
            "month": "2013-09",
            "price": "13.64",
            "revenue": 3649591
        },
        "2013-10": {
            "month": "2013-10",
            "price": "15.65",
            "revenue": 3185914
        },
        "2013-11": {
            "month": "2013-11",
            "price": "14.15",
            "revenue": 2890424
        },
        "2013-12": {
            "month": "2013-12",
            "price": "13.26",
            "revenue": 1840892
        },
        "2014-01": {
            "month": "2014-01",
            "price": "13.91",
            "revenue": 1796329
        },
        "2014-02": {
            "month": "2014-02",
            "price": "13.82",
            "revenue": 1754889
        },
        "2014-03": {
            "month": "2014-03",
            "price": "15.42",
            "revenue": 3204430
        },
        "2014-04": {
            "month": "2014-04",
            "price": "17.07",
            "revenue": 2428613
        },
        "2014-05": {
            "month": "2014-05",
            "price": "17.57",
            "revenue": 1906261
        },
        "2014-06": {
            "month": "2014-06",
            "price": "16.70",
            "revenue": 1452993
        },
        "2014-07": {
            "month": "2014-07",
            "price": "15.61",
            "revenue": 1778566
        },
        "2014-08": {
            "month": "2014-08",
            "price": "14.49",
            "revenue": 1637859
        },
        "2014-09": {
            "month": "2014-09",
            "price": "14.43",
            "revenue": 3429369
        },
        "2014-10": {
            "month": "2014-10",
            "price": "14.18",
            "revenue": 3138977
        },
        "2014-11": {
            "month": "2014-11",
            "price": "12.98",
            "revenue": 2669353
        },
        "2014-12": {
            "month": "2014-12",
            "price": "11.79",
            "revenue": 1844931
        },
        "2015-01": {
            "month": "2015-01",
            "price": "12.15",
            "revenue": 1558622
        },
        "2015-02": {
            "month": "2015-02",
            "price": "12.31",
            "revenue": 1718708
        },
        "2015-03": {
            "month": "2015-03",
            "price": "12.43",
            "revenue": 1570355
        },
        "2015-04": {
            "month": "2015-04",
            "price": "11.69",
            "revenue": 1357027
        },
        "2015-05": {
            "month": "2015-05",
            "price": "10.84",
            "revenue": 1158382
        },
        "2015-06": {
            "month": "2015-06",
            "price": "9.98",
            "revenue": 1790383
        },
        "2015-07": {
            "month": "2015-07",
            "price": "9.74",
            "revenue": 1623634
        },
        "2015-08": {
            "month": "2015-08",
            "price": "9.10",
            "revenue": 2283561
        },
        "2015-09": {
            "month": "2015-09",
            "price": "9.78",
            "revenue": 2603628
        },
        "2015-10": {
            "month": "2015-10",
            "price": "9.40",
            "revenue": 1953387
        },
        "2015-11": {
            "month": "2015-11",
            "price": "8.63",
            "revenue": 1666444
        },
        "2015-12": {
            "month": "2015-12",
            "price": "7.95",
            "revenue": 1255460
        },
        "2016-01": {
            "month": "2016-01",
            "price": "6.95",
            "revenue": 1438841
        },
        "2016-02": {
            "month": "2016-02",
            "price": "7.09",
            "revenue": 1282679
        },
        "2016-03": {
            "month": "2016-03",
            "price": "7.52",
            "revenue": 1075069
        },
        "2016-04": {
            "month": "2016-04",
            "price": "6.61",
            "revenue": 2263806
        },
        "2016-05": {
            "month": "2016-05",
            "price": "6.53",
            "revenue": 2146011
        },
        "2016-06": {
            "month": "2016-06",
            "price": "6.30",
            "revenue": 1341360
        },
        "2016-07": {
            "month": "2016-07",
            "price": "5.92",
            "revenue": 2122982
        },
        "2016-08": {
            "month": "2016-08",
            "price": "6.18",
            "revenue": 1826913
        },
        "2016-09": {
            "month": "2016-09",
            "price": "5.96",
            "revenue": 1800712
        },
        "2016-10": {
            "month": "2016-10",
            "price": "5.23",
            "revenue": 2036504
        },
        "2016-11": {
            "month": "2016-11",
            "price": "4.40",
            "revenue": 2104343
        },
        "2016-12": {
            "month": "2016-12",
            "price": "5.06",
            "revenue": 1670139
        },
        "2017-01": {
            "month": "2017-01",
            "price": "5.16",
            "revenue": 1231225
        },
        "2017-02": {
            "month": "2017-02",
            "price": "5.47",
            "revenue": 1137606
        },
        "2017-03": {
            "month": "2017-03",
            "price": "5.23",
            "revenue": 1219104
        },
        "2017-04": {
            "month": "2017-04",
            "price": "4.94",
            "revenue": 1590682
        },
        "2017-05": {
            "month": "2017-05",
            "price": "4.69",
            "revenue": 1765422
        },
        "2017-06": {
            "month": "2017-06",
            "price": "4.66",
            "revenue": 1668658
        },
        "2017-07": {
            "month": "2017-07",
            "price": "4.49",
            "revenue": 1786519
        },
        "2017-08": {
            "month": "2017-08",
            "price": "4.18",
            "revenue": 1390535
        },
        "2017-09": {
            "month": "2017-09",
            "price": "4.28",
            "revenue": 1445147
        },
        "2017-10": {
            "month": "2017-10",
            "price": "4.20",
            "revenue": 1107008
        },
        "2017-11": {
            "month": "2017-11",
            "price": "3.84",
            "revenue": 1173820
        },
        "2017-12": {
            "month": "2017-12",
            "price": "3.84",
            "revenue": 814613
        },
        "2018-01": {
            "month": "2018-01",
            "price": "3.87",
            "revenue": 1019049
        },
        "2018-02": {
            "month": "2018-02",
            "price": "3.50",
            "revenue": 661806
        },
        "2018-03": {
            "month": "2018-03",
            "price": "3.58",
            "revenue": 897550
        },
        "2018-04": {
            "month": "2018-04",
            "price": "2.63",
            "revenue": 784749
        },
        "2018-05": {
            "month": "2018-05",
            "price": "2.51",
            "revenue": 720518
        },
        "2018-06": {
            "month": "2018-06",
            "price": "2.65",
            "revenue": 544449
        },
        "2018-07": {
            "month": "2018-07",
            "price": "2.34",
            "revenue": 554255
        },
        "2018-08": {
            "month": "2018-08",
            "price": "2.28",
            "revenue": 413971
        },
        "2018-09": {
            "month": "2018-09",
            "price": "4.03",
            "revenue": 421544
        },
        "2018-10": {
            "month": "2018-10",
            "price": "3.42",
            "revenue": 672019
        },
        "2018-11": {
            "month": "2018-11",
            "price": "3.32",
            "revenue": 681407
        },
        "2018-12": {
            "month": "2018-12",
            "price": "3.38",
            "revenue": 880186
        },
        "2019-01": {
            "month": "2019-01",
            "price": "3.20",
            "revenue": 388913
        },
        "2019-02": {
            "month": "2019-02",
            "price": "3.19",
            "revenue": 38809
        },
        "2019-03": {
            "month": "2019-03",
            "price": "3.15",
            "revenue": 247011
        },
        "2019-04": {
            "month": "2019-04",
            "price": "3.16",
            "revenue": 177522
        },
        "2019-05": {
            "month": "2019-05",
            "price": "3.08",
            "revenue": 107145
        },
        "2019-06": {
            "month": "2019-06",
            "price": "2.77",
            "revenue": 126989
        },
        "2019-07": {
            "month": "2019-07",
            "price": "2.64",
            "revenue": 267165
        },
        "2019-08": {
            "month": "2019-08",
            "price": "2.64",
            "revenue": 78359
        },
        "2019-09": {
            "month": "2019-09",
            "price": "2.67",
            "revenue": 135238
        },
        "2019-10": {
            "month": "2019-10",
            "price": "2.58",
            "revenue": 267567
        },
        "2019-11": {
            "month": "2019-11",
            "price": "3.01",
            "revenue": 268849
        },
        "2019-12": {
            "month": "2019-12",
            "price": "5.16",
            "revenue": 346650
        },
        "2020-01": {
            "month": "2020-01",
            "price": "6.38",
            "revenue": 171112
        },
        "2020-02": {
            "month": "2020-02",
            "price": "6.19",
            "revenue": 78413
        },
        "2020-03": {
            "month": "2020-03",
            "price": "4.61",
            "revenue": 223203
        },
        "2020-04": {
            "month": "2020-04",
            "price": "4.50",
            "revenue": 221393
        },
        "2020-05": {
            "month": "2020-05",
            "price": "4.38",
            "revenue": 188271
        },
        "2020-06": {
            "month": "2020-06",
            "price": "3.94",
            "revenue": 190227
        },
        "2020-07": {
            "month": "2020-07",
            "price": "3.90",
            "revenue": 234886
        },
        "2020-08": {
            "month": "2020-08",
            "price": "3.61",
            "revenue": 437920
        },
        "2020-09": {
            "month": "2020-09",
            "price": "5.55",
            "revenue": 442750
        },
        "2020-10": {
            "month": "2020-10",
            "price": "5.63",
            "revenue": 402192
        },
        "2020-11": {
            "month": "2020-11",
            "price": "4.59",
            "revenue": 287454
        },
        "2020-12": {
            "month": "2020-12",
            "price": "4.09",
            "revenue": 219568
        },
        "2021-01": {
            "month": "2021-01",
            "price": "3.53",
            "revenue": 136248
        },
        "2021-02": {
            "month": "2021-02",
            "price": "3.43",
            "revenue": 64036
        },
        "2021-03": {
            "month": "2021-03",
            "price": "3.41",
            "revenue": 90171
        },
        "2021-04": {
            "month": "2021-04",
            "price": "3.02",
            "revenue": 68118
        },
        "2021-05": {
            "month": "2021-05",
            "price": "2.82",
            "revenue": 59445
        },
        "2021-06": {
            "month": "2021-06",
            "price": "2.67",
            "revenue": 41568
        },
        "2021-07": {
            "month": "2021-07",
            "price": "2.76",
            "revenue": 70944
        },
        "2021-08": {
            "month": "2021-08",
            "price": "2.57",
            "revenue": 76010
        },
        "2021-09": {
            "month": "2021-09",
            "price": "2.47",
            "revenue": 84987
        },
        "2021-10": {
            "month": "2021-10",
            "price": "2.47",
            "revenue": 52805
        },
        "2021-11": {
            "month": "2021-11",
            "price": "2.45",
            "revenue": 20401
        },
        "2021-12": {
            "month": "2021-12",
            "price": "2.73",
            "revenue": 50595
        },
        "2022-01": {
            "month": "2022-01",
            "price": "3.00",
            "revenue": 45951
        },
        "2022-02": {
            "month": "2022-02",
            "price": "2.93",
            "revenue": 31873
        },
        "2022-03": {
            "month": "2022-03",
            "price": "2.82",
            "revenue": 46289
        },
        "2022-04": {
            "month": "2022-04",
            "price": "2.51",
            "revenue": 31449
        },
        "2022-05": {
            "month": "2022-05",
            "price": "2.39",
            "revenue": 15038
        },
        "2022-06": {
            "month": "2022-06",
            "price": "2.42",
            "revenue": 23512
        },
        "2022-07": {
            "month": "2022-07",
            "price": "2.27",
            "revenue": 18632
        },
        "2022-08": {
            "month": "2022-08",
            "price": "2.31",
            "revenue": 31994
        },
        "2022-09": {
            "month": "2022-09",
            "price": "2.67",
            "revenue": 47646
        },
        "2022-10": {
            "month": "2022-10",
            "price": "6.06",
            "revenue": 43106
        },
        "2022-11": {
            "month": "2022-11",
            "price": "6.11",
            "revenue": 38456
        },
        "2022-12": {
            "month": "2022-12",
            "price": "5.98",
            "revenue": 31925
        },
        "2023-01": {
            "month": "2023-01",
            "price": "5.96",
            "revenue": 22155
        },
        "2023-02": {
            "month": "2023-02",
            "price": "5.92",
            "revenue": 20960
        },
        "2023-03": {
            "month": "2023-03",
            "price": "5.87",
            "revenue": 5173
        },
        "2023-04": {
            "month": "2023-04",
            "price": "5.38",
            "revenue": 7250
        }
    }
}
