{
    "summary": {
        "stock_name": "瀚荃",
        "stock_id": "8103",
        "category": "電子零組件",
        "main_business": "各種電子零件(連接器、電子線)等製造加工及買賣業務<br>一般進出口貿易業務(許可業務除外)<br>代理國內外廠商有關商品投標報價業務",
        "website_url": "http://www.cvilux-group.com",
        "ceo": "執行長:楊奕康",
        "pe_ratio": 16,
        "report_year_from": 2002,
        "report_year_to": 2023,
        "age": 22,
        "eps_negative_percentage": 0,
        "eps_growth_avg": {
            "last_all": 5.08,
            "last_2y": 6.43,
            "last_4y": 5.98,
            "last_8y": 4.81,
            "last_12y": 4.35,
            "last_16y": 5.61,
            "last_20y": null,
            "at_2006_last_3y": null,
            "at_2007_last_3y": 8.44,
            "at_2008_last_3y": 0.95,
            "at_2009_last_3y": -6.86,
            "at_2010_last_3y": 9.71,
            "at_2011_last_3y": 1.28,
            "at_2012_last_3y": 9.93,
            "at_2013_last_3y": 7.46,
            "at_2014_last_3y": 3.34,
            "at_2015_last_3y": -14.26,
            "at_2016_last_3y": 11.65,
            "at_2017_last_3y": 8.17,
            "at_2018_last_3y": 3.35,
            "at_2019_last_3y": 18.97,
            "at_2020_last_3y": 0.11,
            "at_2021_last_3y": 22.98,
            "at_2022_last_3y": 16.99,
            "at_2023_last_3y": 10.96,
            "at_2024_last_3y": 10.96,
            "at_2006_last_all": 2.04,
            "at_2007_last_all": 8.44,
            "at_2008_last_all": -0.9,
            "at_2009_last_all": -2.12,
            "at_2010_last_all": 6.42,
            "at_2011_last_all": 4.86,
            "at_2012_last_all": 3.91,
            "at_2013_last_all": 1.72,
            "at_2014_last_all": 5.3,
            "at_2015_last_all": -1.51,
            "at_2016_last_all": 6.3,
            "at_2017_last_all": 3.56,
            "at_2018_last_all": 4.78,
            "at_2019_last_all": 3.61,
            "at_2020_last_all": 4.84,
            "at_2021_last_all": 7.88,
            "at_2022_last_all": 7.35,
            "at_2023_last_all": 5.08,
            "at_2024_last_all": 5.08
        },
        "latest_eps": 2.82,
        "latest_price": 45,
        "latest_roe": 7.07,
        "latest_gross_margin": 36.66,
        "latest_equity": 3125724,
        "latest_revenue": 821298,
        "latest_gross_profit": 301109,
        "latest_net_income": 109857,
        "latest_debt_ratio": 39.25,
        "latest_current_ratio": 362.08,
        "latest_account_receivable_turnover_ratio": 0.83,
        "latest_inventory_turnover_ratio": 1.2,
        "latest_reinvestment_rate": 3.09,
        "latest_research_to_sale_ratio": 4.02
    },
    "eps_dividends": {
        "2001": {
            "cash": 0,
            "stock": 0,
            "eps": 0
        },
        "2002": {
            "cash": 0,
            "stock": 1,
            "eps": 0
        },
        "2003": {
            "cash": 1,
            "stock": 1.5,
            "eps": 4.21
        },
        "2004": {
            "cash": 2,
            "stock": 1,
            "eps": 3.86
        },
        "2005": {
            "cash": 1.63,
            "stock": 1.09,
            "eps": 4.75
        },
        "2006": {
            "cash": 2,
            "stock": 1,
            "eps": 4.34
        },
        "2007": {
            "cash": 2.17,
            "stock": 0.98,
            "eps": 5.54
        },
        "2008": {
            "cash": 2.57,
            "stock": 1.03,
            "eps": 3.42
        },
        "2009": {
            "cash": 1.99,
            "stock": 0.5,
            "eps": 3.14
        },
        "2010": {
            "cash": 2,
            "stock": 0.5,
            "eps": 4.95
        },
        "2011": {
            "cash": 6.75,
            "stock": 0.3,
            "eps": 4.65
        },
        "2012": {
            "cash": 0,
            "stock": 0,
            "eps": 4.48
        },
        "2013": {
            "cash": 2.87,
            "stock": 0,
            "eps": 3.67
        },
        "2014": {
            "cash": 1.8,
            "stock": 0,
            "eps": 5.18
        },
        "2015": {
            "cash": 3,
            "stock": 0,
            "eps": 1.22
        },
        "2016": {
            "cash": 0.3,
            "stock": 0.4,
            "eps": 3.03
        },
        "2017": {
            "cash": 1.8,
            "stock": 0,
            "eps": 2.06
        },
        "2018": {
            "cash": 1,
            "stock": 0,
            "eps": 2.51
        },
        "2019": {
            "cash": 1,
            "stock": 0,
            "eps": 2.16
        },
        "2020": {
            "cash": 1,
            "stock": 0,
            "eps": 2.69
        },
        "2021": {
            "cash": 1.4,
            "stock": 0,
            "eps": 4.29
        },
        "2022": {
            "cash": 2,
            "stock": 0,
            "eps": 4.2
        },
        "2023": {
            "cash": 4,
            "stock": 0,
            "eps": 2.6
        }
    },
    "dividends": {
        "2002-05-23": {
            "cash": 0,
            "stock": 1
        },
        "2003-06-27": {
            "cash": 1,
            "stock": 1.5
        },
        "2004-03-31": {
            "cash": 2,
            "stock": 1
        },
        "2005-06-16": {
            "cash": 1.63,
            "stock": 1.09
        },
        "2006-04-26": {
            "cash": 2,
            "stock": 1
        },
        "2007-04-26": {
            "cash": 2.17,
            "stock": 0.98
        },
        "2008-04-28": {
            "cash": 2.57,
            "stock": 1.03
        },
        "2009-03-31": {
            "cash": 1.99,
            "stock": 0.5
        },
        "2010-04-29": {
            "cash": 2,
            "stock": 0.5
        },
        "2011-01-01": {
            "cash": 3.25,
            "stock": 0
        },
        "2011-04-19": {
            "cash": 3.5,
            "stock": 0.3
        },
        "2013-03-25": {
            "cash": 2.87,
            "stock": 0
        },
        "2014-08-15": {
            "cash": 1.8,
            "stock": 0
        },
        "2015-09-04": {
            "cash": 3,
            "stock": 0
        },
        "2016-09-23": {
            "cash": 0.3,
            "stock": 0.4
        },
        "2017-09-01": {
            "cash": 1.8,
            "stock": 0
        },
        "2018-08-28": {
            "cash": 1,
            "stock": 0
        },
        "2019-08-30": {
            "cash": 1,
            "stock": 0
        },
        "2020-08-14": {
            "cash": 1,
            "stock": 0
        },
        "2021-09-17": {
            "cash": 1.4,
            "stock": 0
        },
        "2022-08-29": {
            "cash": 2,
            "stock": 0
        },
        "2023-03-22": {
            "cash": 2,
            "stock": 0
        },
        "2023-08-31": {
            "cash": 2,
            "stock": 0
        }
    },
    "prices": {
        "200101": "無",
        "200102": "無",
        "200103": "無",
        "200104": "無",
        "200105": "無",
        "200106": "無",
        "200107": "無",
        "200108": "無",
        "200109": "無",
        "200110": "無",
        "200111": "無",
        "200112": "無",
        "200201": "無",
        "200202": "無",
        "200203": "無",
        "200204": "無",
        "200205": "無",
        "200206": "無",
        "200207": "無",
        "200208": "無",
        "200209": "無",
        "200210": "無",
        "200211": "無",
        "200212": "無",
        "200301": "無",
        "200302": "無",
        "200303": "無",
        "200304": "無",
        "200305": "無",
        "200306": "無",
        "200307": "無",
        "200308": "無",
        "200309": "無",
        "200310": "32.07",
        "200311": "31.44",
        "200312": "37.11",
        "200401": "42.13",
        "200402": "49.32",
        "200403": "46.10",
        "200404": "45.29",
        "200405": "40.62",
        "200406": "39.21",
        "200407": "35.05",
        "200408": "28.01",
        "200409": "30.14",
        "200410": "29.37",
        "200411": "27.80",
        "200412": "26.19",
        "200501": "24.94",
        "200502": "27.13",
        "200503": "29.97",
        "200504": "26.81",
        "200505": "23.75",
        "200506": "25.04",
        "200507": "25.58",
        "200508": "21.88",
        "200509": "25.54",
        "200510": "36.50",
        "200511": "47.15",
        "200512": "57.03",
        "200601": "61.87",
        "200602": "62.11",
        "200603": "64.15",
        "200604": "62.56",
        "200605": "56.42",
        "200606": "41.36",
        "200607": "46.88",
        "200608": "58.89",
        "200609": "58.93",
        "200610": "51.67",
        "200611": "46.33",
        "200612": "51.68",
        "200701": "53.53",
        "200702": "53.42",
        "200703": "57.65",
        "200704": "65.38",
        "200705": "60.10",
        "200706": "63.07",
        "200707": "68.90",
        "200708": "60.35",
        "200709": "63.75",
        "200710": "67.45",
        "200711": "58.22",
        "200712": "51.05",
        "200801": "45.36",
        "200802": "43.98",
        "200803": "49.64",
        "200804": "52.06",
        "200805": "55.81",
        "200806": "50.64",
        "200807": "38.80",
        "200808": "40.85",
        "200809": "36.82",
        "200810": "28.13",
        "200811": "19.23",
        "200812": "17.41",
        "200901": "25.41",
        "200902": "24.80",
        "200903": "26.28",
        "200904": "29.97",
        "200905": "31.35",
        "200906": "26.72",
        "200907": "29.45",
        "200908": "30.53",
        "200909": "36.30",
        "200910": "36.87",
        "200911": "34.49",
        "200912": "38.87",
        "201001": "41.17",
        "201002": "40.51",
        "201003": "43.36",
        "201004": "47.96",
        "201005": "47.43",
        "201006": "44.89",
        "201007": "47.74",
        "201008": "47.08",
        "201009": "43.26",
        "201010": "42.62",
        "201011": "41.79",
        "201012": "45.57",
        "201101": "43.80",
        "201102": "43.65",
        "201103": "42.94",
        "201104": "44.53",
        "201105": "47.09",
        "201106": "45.97",
        "201107": "45.04",
        "201108": "35.12",
        "201109": "35.48",
        "201110": "35.99",
        "201111": "35.86",
        "201112": "33.64",
        "201201": "34.96",
        "201202": "41.83",
        "201203": "44.19",
        "201204": "42.66",
        "201205": "42.94",
        "201206": "40.90",
        "201207": "42.02",
        "201208": "42.17",
        "201209": "43.88",
        "201210": "42.09",
        "201211": "41.23",
        "201212": "41.35",
        "201301": "40.60",
        "201302": "41.48",
        "201303": "42.22",
        "201304": "40.70",
        "201305": "40.12",
        "201306": "38.04",
        "201307": "37.98",
        "201308": "37.73",
        "201309": "35.19",
        "201310": "34.66",
        "201311": "34.69",
        "201312": "36.52",
        "201401": "37.79",
        "201402": "38.98",
        "201403": "41.06",
        "201404": "43.17",
        "201405": "44.20",
        "201406": "48.89",
        "201407": "51.78",
        "201408": "50.66",
        "201409": "55.56",
        "201410": "51.20",
        "201411": "50.92",
        "201412": "54.25",
        "201501": "53.66",
        "201502": "52.87",
        "201503": "55.20",
        "201504": "52.80",
        "201505": "47.14",
        "201506": "43.87",
        "201507": "37.60",
        "201508": "28.99",
        "201509": "28.49",
        "201510": "27.98",
        "201511": "26.01",
        "201512": "24.47",
        "201601": "22.79",
        "201602": "24.58",
        "201603": "27.50",
        "201604": "26.91",
        "201605": "24.21",
        "201606": "23.63",
        "201607": "24.65",
        "201608": "27.10",
        "201609": "28.90",
        "201610": "26.99",
        "201611": "26.40",
        "201612": "27.55",
        "201701": "28.22",
        "201702": "31.12",
        "201703": "33.54",
        "201704": "32.84",
        "201705": "32.81",
        "201706": "32.41",
        "201707": "32.26",
        "201708": "30.48",
        "201709": "31.51",
        "201710": "32.45",
        "201711": "33.03",
        "201712": "31.35",
        "201801": "31.25",
        "201802": "30.49",
        "201803": "30.85",
        "201804": "27.99",
        "201805": "25.73",
        "201806": "26.36",
        "201807": "25.50",
        "201808": "25.61",
        "201809": "25.82",
        "201810": "23.54",
        "201811": "23.63",
        "201812": "24.65",
        "201901": "24.49",
        "201902": "25.75",
        "201903": "25.98",
        "201904": "25.68",
        "201905": "24.48",
        "201906": "24.16",
        "201907": "24.51",
        "201908": "23.34",
        "201909": "24.43",
        "201910": "25.65",
        "201911": "25.93",
        "201912": "26.70",
        "202001": "26.01",
        "202002": "24.09",
        "202003": "20.55",
        "202004": "21.31",
        "202005": "24.49",
        "202006": "26.94",
        "202007": "31.16",
        "202008": "31.95",
        "202009": "33.43",
        "202010": "30.63",
        "202011": "30.74",
        "202012": "34.23",
        "202101": "34.61",
        "202102": "35.38",
        "202103": "38.95",
        "202104": "42.27",
        "202105": "38.99",
        "202106": "42.18",
        "202107": "45.96",
        "202108": "44.48",
        "202109": "40.97",
        "202110": "41.84",
        "202111": "49.31",
        "202112": "49.47",
        "202201": "48.90",
        "202202": "48.38",
        "202203": "46.70",
        "202204": "42.43",
        "202205": "39.16",
        "202206": "38.97",
        "202207": "35.39",
        "202208": "38.15",
        "202209": "35.50",
        "202210": "30.30",
        "202211": "32.16",
        "202212": "32.18",
        "202301": "31.40",
        "202302": "34.23",
        "202303": "36.23",
        "202304": "36.96",
        "202305": "36.97",
        "202306": "37.07",
        "202307": "38.05",
        "202308": "37.69",
        "202309": "39.93",
        "202310": "37.98",
        "202311": "38.83",
        "202312": "42.86"
    },
    "quarters": {
        "20011": {
            "year_quarter": 20011,
            "year": 2001,
            "quarter": 1,
            "eps": null,
            "eps_growth_year": null,
            "eps_4q": null,
            "eps_4q_growth_year": null,
            "roe": null,
            "roe_4q": 0,
            "gross_profit": null,
            "gross_margin": null,
            "gross_margin_4q_avg": 0,
            "net_income": null,
            "net_income_4q": null,
            "revenue": null,
            "revenue_4q": null,
            "common_shares": null,
            "book_valuer_per_share": null,
            "book_valuer_per_share_4q_avg": 0,
            "equity": null,
            "current_ratio": null,
            "debt_ratio": null,
            "inventory_turnover_ratio": null,
            "account_receivable_turnover_ratio": null,
            "reinvestment_rate": null,
            "research_to_sale_ratio": null,
            "price_fair": 0,
            "eps_avg_yearly": 0,
            "eps_latest_yearly": 0,
            "eps_growth_yearly": 0
        },
        "20012": {
            "year_quarter": 20012,
            "year": 2001,
            "quarter": 2,
            "eps": null,
            "eps_growth_year": null,
            "eps_4q": null,
            "eps_4q_growth_year": null,
            "roe": null,
            "roe_4q": 0,
            "gross_profit": null,
            "gross_margin": null,
            "gross_margin_4q_avg": 0,
            "net_income": null,
            "net_income_4q": null,
            "revenue": null,
            "revenue_4q": null,
            "common_shares": null,
            "book_valuer_per_share": null,
            "book_valuer_per_share_4q_avg": 0,
            "equity": null,
            "current_ratio": null,
            "debt_ratio": null,
            "inventory_turnover_ratio": null,
            "account_receivable_turnover_ratio": null,
            "reinvestment_rate": null,
            "research_to_sale_ratio": null,
            "price_fair": 0,
            "eps_avg_yearly": 0,
            "eps_latest_yearly": 0,
            "eps_growth_yearly": 0
        },
        "20013": {
            "year_quarter": 20013,
            "year": 2001,
            "quarter": 3,
            "eps": null,
            "eps_growth_year": null,
            "eps_4q": null,
            "eps_4q_growth_year": null,
            "roe": null,
            "roe_4q": 0,
            "gross_profit": null,
            "gross_margin": null,
            "gross_margin_4q_avg": 0,
            "net_income": null,
            "net_income_4q": null,
            "revenue": null,
            "revenue_4q": null,
            "common_shares": null,
            "book_valuer_per_share": null,
            "book_valuer_per_share_4q_avg": 0,
            "equity": null,
            "current_ratio": null,
            "debt_ratio": null,
            "inventory_turnover_ratio": null,
            "account_receivable_turnover_ratio": null,
            "reinvestment_rate": null,
            "research_to_sale_ratio": null,
            "price_fair": 0,
            "eps_avg_yearly": 0,
            "eps_latest_yearly": 0,
            "eps_growth_yearly": 0
        },
        "20014": {
            "year_quarter": 20014,
            "year": 2001,
            "quarter": 4,
            "eps": null,
            "eps_growth_year": null,
            "eps_4q": null,
            "eps_4q_growth_year": null,
            "roe": null,
            "roe_4q": 0,
            "gross_profit": null,
            "gross_margin": null,
            "gross_margin_4q_avg": 0,
            "net_income": null,
            "net_income_4q": null,
            "revenue": null,
            "revenue_4q": null,
            "common_shares": 129250,
            "book_valuer_per_share": 12.33,
            "book_valuer_per_share_4q_avg": 3.08,
            "equity": 159341,
            "current_ratio": 139.87,
            "debt_ratio": 51.86,
            "inventory_turnover_ratio": null,
            "account_receivable_turnover_ratio": null,
            "reinvestment_rate": null,
            "research_to_sale_ratio": null,
            "price_fair": 0,
            "eps_avg_yearly": 0,
            "eps_latest_yearly": 0,
            "eps_growth_yearly": 0
        },
        "20021": {
            "year_quarter": 20021,
            "year": 2002,
            "quarter": 1,
            "eps": null,
            "eps_growth_year": null,
            "eps_4q": null,
            "eps_4q_growth_year": null,
            "roe": null,
            "roe_4q": 0,
            "gross_profit": null,
            "gross_margin": null,
            "gross_margin_4q_avg": 0,
            "net_income": null,
            "net_income_4q": null,
            "revenue": null,
            "revenue_4q": null,
            "common_shares": null,
            "book_valuer_per_share": null,
            "book_valuer_per_share_4q_avg": 3.08,
            "equity": null,
            "current_ratio": null,
            "debt_ratio": null,
            "inventory_turnover_ratio": null,
            "account_receivable_turnover_ratio": null,
            "reinvestment_rate": null,
            "research_to_sale_ratio": null,
            "price_fair": 0,
            "eps_avg_yearly": 0,
            "eps_latest_yearly": 0,
            "eps_growth_yearly": 0
        },
        "20022": {
            "year_quarter": 20022,
            "year": 2002,
            "quarter": 2,
            "eps": null,
            "eps_growth_year": null,
            "eps_4q": null,
            "eps_4q_growth_year": null,
            "roe": null,
            "roe_4q": 0,
            "gross_profit": null,
            "gross_margin": null,
            "gross_margin_4q_avg": 0,
            "net_income": null,
            "net_income_4q": null,
            "revenue": null,
            "revenue_4q": null,
            "common_shares": null,
            "book_valuer_per_share": null,
            "book_valuer_per_share_4q_avg": 3.08,
            "equity": null,
            "current_ratio": null,
            "debt_ratio": null,
            "inventory_turnover_ratio": null,
            "account_receivable_turnover_ratio": null,
            "reinvestment_rate": null,
            "research_to_sale_ratio": null,
            "price_fair": 0,
            "eps_avg_yearly": 0,
            "eps_latest_yearly": 0,
            "eps_growth_yearly": 0
        },
        "20023": {
            "year_quarter": 20023,
            "year": 2002,
            "quarter": 3,
            "eps": null,
            "eps_growth_year": null,
            "eps_4q": null,
            "eps_4q_growth_year": null,
            "roe": null,
            "roe_4q": 0,
            "gross_profit": null,
            "gross_margin": null,
            "gross_margin_4q_avg": 0,
            "net_income": null,
            "net_income_4q": null,
            "revenue": null,
            "revenue_4q": null,
            "common_shares": null,
            "book_valuer_per_share": null,
            "book_valuer_per_share_4q_avg": 3.08,
            "equity": null,
            "current_ratio": null,
            "debt_ratio": null,
            "inventory_turnover_ratio": null,
            "account_receivable_turnover_ratio": null,
            "reinvestment_rate": null,
            "research_to_sale_ratio": null,
            "price_fair": 0,
            "eps_avg_yearly": 0,
            "eps_latest_yearly": 0,
            "eps_growth_yearly": 0
        },
        "20024": {
            "year_quarter": 20024,
            "year": 2002,
            "quarter": 4,
            "eps": null,
            "eps_growth_year": null,
            "eps_4q": null,
            "eps_4q_growth_year": null,
            "roe": null,
            "roe_4q": 0,
            "gross_profit": null,
            "gross_margin": null,
            "gross_margin_4q_avg": 0,
            "net_income": null,
            "net_income_4q": null,
            "revenue": null,
            "revenue_4q": null,
            "common_shares": 200000,
            "book_valuer_per_share": 15.6,
            "book_valuer_per_share_4q_avg": 3.9,
            "equity": 311910,
            "current_ratio": 207.81,
            "debt_ratio": 40.25,
            "inventory_turnover_ratio": null,
            "account_receivable_turnover_ratio": null,
            "reinvestment_rate": null,
            "research_to_sale_ratio": null,
            "price_fair": 0,
            "eps_avg_yearly": 0,
            "eps_latest_yearly": 0,
            "eps_growth_yearly": 0
        },
        "20031": {
            "year_quarter": 20031,
            "year": 2003,
            "quarter": 1,
            "eps": 0.6,
            "eps_growth_year": null,
            "eps_4q": null,
            "eps_4q_growth_year": null,
            "roe": 3.76,
            "roe_4q": 3.76,
            "gross_profit": 30208,
            "gross_margin": 30.81,
            "gross_margin_4q_avg": 7.7,
            "net_income": 11942,
            "net_income_4q": null,
            "revenue": 98041,
            "revenue_4q": null,
            "common_shares": 200000,
            "book_valuer_per_share": 16.19,
            "book_valuer_per_share_4q_avg": 7.95,
            "equity": 323853,
            "current_ratio": 247.57,
            "debt_ratio": 33.37,
            "inventory_turnover_ratio": 0.99,
            "account_receivable_turnover_ratio": null,
            "reinvestment_rate": null,
            "research_to_sale_ratio": null,
            "price_fair": 0,
            "eps_avg_yearly": 0,
            "eps_latest_yearly": 0,
            "eps_growth_yearly": 0
        },
        "20032": {
            "year_quarter": 20032,
            "year": 2003,
            "quarter": 2,
            "eps": 1.27,
            "eps_growth_year": null,
            "eps_4q": null,
            "eps_4q_growth_year": null,
            "roe": 7.84,
            "roe_4q": 11.6,
            "gross_profit": 42285,
            "gross_margin": 32.81,
            "gross_margin_4q_avg": 15.91,
            "net_income": 25434,
            "net_income_4q": null,
            "revenue": 128891,
            "revenue_4q": null,
            "common_shares": 200000,
            "book_valuer_per_share": 16.25,
            "book_valuer_per_share_4q_avg": 12.01,
            "equity": 325084,
            "current_ratio": 180,
            "debt_ratio": 40.95,
            "inventory_turnover_ratio": 1.69,
            "account_receivable_turnover_ratio": null,
            "reinvestment_rate": null,
            "research_to_sale_ratio": null,
            "price_fair": 177.8,
            "eps_avg_yearly": 5.08,
            "eps_latest_yearly": 5.08,
            "eps_growth_yearly": 446.67
        },
        "20033": {
            "year_quarter": 20033,
            "year": 2003,
            "quarter": 3,
            "eps": 1.19,
            "eps_growth_year": null,
            "eps_4q": null,
            "eps_4q_growth_year": null,
            "roe": 8.21,
            "roe_4q": 19.810000000000002,
            "gross_profit": 53833,
            "gross_margin": 34.08,
            "gross_margin_4q_avg": 24.43,
            "net_income": 27765,
            "net_income_4q": null,
            "revenue": 157975,
            "revenue_4q": null,
            "common_shares": 200000,
            "book_valuer_per_share": 17.56,
            "book_valuer_per_share_4q_avg": 16.4,
            "equity": 351206,
            "current_ratio": 181.42,
            "debt_ratio": 38.06,
            "inventory_turnover_ratio": 2.44,
            "account_receivable_turnover_ratio": null,
            "reinvestment_rate": null,
            "research_to_sale_ratio": null,
            "price_fair": 172.2,
            "eps_avg_yearly": 4.92,
            "eps_latest_yearly": 4.76,
            "eps_growth_yearly": 210.73
        },
        "20034": {
            "year_quarter": 20034,
            "year": 2003,
            "quarter": 4,
            "eps": 1.15,
            "eps_growth_year": null,
            "eps_4q": 3.92,
            "eps_4q_growth_year": null,
            "roe": 7.4,
            "roe_4q": 27.21,
            "gross_profit": 46748,
            "gross_margin": 31.1,
            "gross_margin_4q_avg": 32.2,
            "net_income": 26997,
            "net_income_4q": null,
            "revenue": 150295,
            "revenue_4q": null,
            "common_shares": 234230,
            "book_valuer_per_share": 16.15,
            "book_valuer_per_share_4q_avg": 16.54,
            "equity": 378361,
            "current_ratio": 204.49,
            "debt_ratio": 38.11,
            "inventory_turnover_ratio": 1.52,
            "account_receivable_turnover_ratio": null,
            "reinvestment_rate": null,
            "research_to_sale_ratio": null,
            "price_fair": 168.47,
            "eps_avg_yearly": 4.81,
            "eps_latest_yearly": 4.6,
            "eps_growth_yearly": 136.01
        },
        "20041": {
            "year_quarter": 20041,
            "year": 2004,
            "quarter": 1,
            "eps": 1.12,
            "eps_growth_year": 86.67,
            "eps_4q": 4.53,
            "eps_4q_growth_year": null,
            "roe": 6.75,
            "roe_4q": 30.2,
            "gross_profit": 48235,
            "gross_margin": 32.64,
            "gross_margin_4q_avg": 32.66,
            "net_income": 26343,
            "net_income_4q": null,
            "revenue": 147793,
            "revenue_4q": null,
            "common_shares": 234230,
            "book_valuer_per_share": 17.19,
            "book_valuer_per_share_4q_avg": 16.79,
            "equity": 402600,
            "current_ratio": 215.5,
            "debt_ratio": 30.01,
            "inventory_turnover_ratio": 1.53,
            "account_receivable_turnover_ratio": null,
            "reinvestment_rate": null,
            "research_to_sale_ratio": null,
            "price_fair": 165.55,
            "eps_avg_yearly": 4.73,
            "eps_latest_yearly": 4.48,
            "eps_growth_yearly": 99.4
        },
        "20042": {
            "year_quarter": 20042,
            "year": 2004,
            "quarter": 2,
            "eps": 1.38,
            "eps_growth_year": 8.66,
            "eps_4q": 4.85,
            "eps_4q_growth_year": null,
            "roe": 8.21,
            "roe_4q": 30.57,
            "gross_profit": 54306,
            "gross_margin": 33.19,
            "gross_margin_4q_avg": 32.75,
            "net_income": 32293,
            "net_income_4q": null,
            "revenue": 163603,
            "revenue_4q": null,
            "common_shares": 234230,
            "book_valuer_per_share": 16.39,
            "book_valuer_per_share_4q_avg": 16.82,
            "equity": 383910,
            "current_ratio": 272.71,
            "debt_ratio": 52.6,
            "inventory_turnover_ratio": 4.21,
            "account_receivable_turnover_ratio": null,
            "reinvestment_rate": null,
            "research_to_sale_ratio": null,
            "price_fair": 171.08,
            "eps_avg_yearly": 4.89,
            "eps_latest_yearly": 5.52,
            "eps_growth_yearly": 98.09
        },
        "20043": {
            "year_quarter": 20043,
            "year": 2004,
            "quarter": 3,
            "eps": 0.96,
            "eps_growth_year": -19.33,
            "eps_4q": 4.25,
            "eps_4q_growth_year": null,
            "roe": 6.34,
            "roe_4q": 28.700000000000003,
            "gross_profit": 47887,
            "gross_margin": 31.43,
            "gross_margin_4q_avg": 32.09,
            "net_income": 24995,
            "net_income_4q": null,
            "revenue": 152347,
            "revenue_4q": null,
            "common_shares": 261683,
            "book_valuer_per_share": 15.47,
            "book_valuer_per_share_4q_avg": 16.3,
            "equity": 404823,
            "current_ratio": 381.04,
            "debt_ratio": 47.16,
            "inventory_turnover_ratio": 4.05,
            "account_receivable_turnover_ratio": null,
            "reinvestment_rate": null,
            "research_to_sale_ratio": null,
            "price_fair": 164.97,
            "eps_avg_yearly": 4.71,
            "eps_latest_yearly": 3.84,
            "eps_growth_yearly": 61.45
        },
        "20044": {
            "year_quarter": 20044,
            "year": 2004,
            "quarter": 4,
            "eps": 0.4,
            "eps_growth_year": -65.22,
            "eps_4q": 3.63,
            "eps_4q_growth_year": -7.43,
            "roe": 2.62,
            "roe_4q": 23.92,
            "gross_profit": 35986,
            "gross_margin": 25.35,
            "gross_margin_4q_avg": 30.65,
            "net_income": 10347,
            "net_income_4q": null,
            "revenue": 141969,
            "revenue_4q": null,
            "common_shares": 261683,
            "book_valuer_per_share": 14.73,
            "book_valuer_per_share_4q_avg": 15.95,
            "equity": 385490,
            "current_ratio": 273.1,
            "debt_ratio": 53.05,
            "inventory_turnover_ratio": 1.3,
            "account_receivable_turnover_ratio": null,
            "reinvestment_rate": null,
            "research_to_sale_ratio": null,
            "price_fair": 125.24,
            "eps_avg_yearly": 4.27,
            "eps_latest_yearly": 1.6,
            "eps_growth_yearly": 19.34
        },
        "20051": {
            "year_quarter": 20051,
            "year": 2005,
            "quarter": 1,
            "eps": 0.64,
            "eps_growth_year": -42.86,
            "eps_4q": 3.24,
            "eps_4q_growth_year": -28.58,
            "roe": 3.89,
            "roe_4q": 21.060000000000002,
            "gross_profit": 38218,
            "gross_margin": 26.32,
            "gross_margin_4q_avg": 29.07,
            "net_income": 16680,
            "net_income_4q": null,
            "revenue": 145217,
            "revenue_4q": null,
            "common_shares": 261683,
            "book_valuer_per_share": 18.01,
            "book_valuer_per_share_4q_avg": 16.15,
            "equity": 471315,
            "current_ratio": 410.51,
            "debt_ratio": 37.22,
            "inventory_turnover_ratio": 1.31,
            "account_receivable_turnover_ratio": null,
            "reinvestment_rate": null,
            "research_to_sale_ratio": null,
            "price_fair": 141.93,
            "eps_avg_yearly": 4.06,
            "eps_latest_yearly": 2.56,
            "eps_growth_yearly": 46.92
        },
        "20052": {
            "year_quarter": 20052,
            "year": 2005,
            "quarter": 2,
            "eps": 0.52,
            "eps_growth_year": -62.32,
            "eps_4q": 2.25,
            "eps_4q_growth_year": -53.5,
            "roe": 3.43,
            "roe_4q": 16.28,
            "gross_profit": 40006,
            "gross_margin": 25.09,
            "gross_margin_4q_avg": 27.05,
            "net_income": 15608,
            "net_income_4q": null,
            "revenue": 159472,
            "revenue_4q": null,
            "common_shares": 287402,
            "book_valuer_per_share": 15.25,
            "book_valuer_per_share_4q_avg": 15.87,
            "equity": 438338,
            "current_ratio": 238.06,
            "debt_ratio": 42.31,
            "inventory_turnover_ratio": 4.61,
            "account_receivable_turnover_ratio": null,
            "reinvestment_rate": null,
            "research_to_sale_ratio": null,
            "price_fair": 134.24,
            "eps_avg_yearly": 3.84,
            "eps_latest_yearly": 2.08,
            "eps_growth_yearly": 33.37
        },
        "20053": {
            "year_quarter": 20053,
            "year": 2005,
            "quarter": 3,
            "eps": 2.24,
            "eps_growth_year": 133.33,
            "eps_4q": 3.65,
            "eps_4q_growth_year": -14.2,
            "roe": 14.11,
            "roe_4q": 24.05,
            "gross_profit": 57191,
            "gross_margin": 27.28,
            "gross_margin_4q_avg": 26.01,
            "net_income": 67945,
            "net_income_4q": null,
            "revenue": 209615,
            "revenue_4q": null,
            "common_shares": 321299,
            "book_valuer_per_share": 16.33,
            "book_valuer_per_share_4q_avg": 16.08,
            "equity": 524559,
            "current_ratio": 234.36,
            "debt_ratio": 39.7,
            "inventory_turnover_ratio": 5.8,
            "account_receivable_turnover_ratio": null,
            "reinvestment_rate": null,
            "research_to_sale_ratio": null,
            "price_fair": 152.18,
            "eps_avg_yearly": 4.35,
            "eps_latest_yearly": 8.96,
            "eps_growth_yearly": 162.35
        },
        "20054": {
            "year_quarter": 20054,
            "year": 2005,
            "quarter": 4,
            "eps": 1.35,
            "eps_growth_year": 237.5,
            "eps_4q": 4.46,
            "eps_4q_growth_year": 22.69,
            "roe": 6.8,
            "roe_4q": 28.23,
            "gross_profit": 61521,
            "gross_margin": 31.07,
            "gross_margin_4q_avg": 27.44,
            "net_income": 43546,
            "net_income_4q": null,
            "revenue": 198004,
            "revenue_4q": null,
            "common_shares": 387939,
            "book_valuer_per_share": 19.47,
            "book_valuer_per_share_4q_avg": 17.27,
            "equity": 755359,
            "current_ratio": 222.15,
            "debt_ratio": 29.12,
            "inventory_turnover_ratio": 1.38,
            "account_receivable_turnover_ratio": null,
            "reinvestment_rate": null,
            "research_to_sale_ratio": null,
            "price_fair": 155.53,
            "eps_avg_yearly": 4.44,
            "eps_latest_yearly": 5.4,
            "eps_growth_yearly": 133.14
        },
        "20061": {
            "year_quarter": 20061,
            "year": 2006,
            "quarter": 1,
            "eps": 1.21,
            "eps_growth_year": 89.06,
            "eps_4q": 4.45,
            "eps_4q_growth_year": 37.58,
            "roe": 6.07,
            "roe_4q": 30.41,
            "gross_profit": 62075,
            "gross_margin": 29.89,
            "gross_margin_4q_avg": 28.33,
            "net_income": 47455,
            "net_income_4q": null,
            "revenue": 207712,
            "revenue_4q": null,
            "common_shares": 391140,
            "book_valuer_per_share": 20.69,
            "book_valuer_per_share_4q_avg": 17.94,
            "equity": 809345,
            "current_ratio": 236.26,
            "debt_ratio": 19.57,
            "inventory_turnover_ratio": 1.47,
            "account_receivable_turnover_ratio": null,
            "reinvestment_rate": null,
            "research_to_sale_ratio": null,
            "price_fair": 156.68,
            "eps_avg_yearly": 4.48,
            "eps_latest_yearly": 4.84,
            "eps_growth_yearly": 118.59
        },
        "20062": {
            "year_quarter": 20062,
            "year": 2006,
            "quarter": 2,
            "eps": 0.92,
            "eps_growth_year": 76.92,
            "eps_4q": 4.97,
            "eps_4q_growth_year": 120.5,
            "roe": 4.62,
            "roe_4q": 31.6,
            "gross_profit": 65918,
            "gross_margin": 29.03,
            "gross_margin_4q_avg": 29.32,
            "net_income": 36122,
            "net_income_4q": null,
            "revenue": 227073,
            "revenue_4q": null,
            "common_shares": 391140,
            "book_valuer_per_share": 19.28,
            "book_valuer_per_share_4q_avg": 18.94,
            "equity": 754127,
            "current_ratio": 161.77,
            "debt_ratio": 26.12,
            "inventory_turnover_ratio": 6.22,
            "account_receivable_turnover_ratio": null,
            "reinvestment_rate": null,
            "research_to_sale_ratio": null,
            "price_fair": 154.54,
            "eps_avg_yearly": 4.42,
            "eps_latest_yearly": 3.68,
            "eps_growth_yearly": 102.09
        },
        "20063": {
            "year_quarter": 20063,
            "year": 2006,
            "quarter": 3,
            "eps": 1.39,
            "eps_growth_year": -37.95,
            "eps_4q": 4.32,
            "eps_4q_growth_year": 18.61,
            "roe": 7.53,
            "roe_4q": 25.02,
            "gross_profit": 72950,
            "gross_margin": 28.63,
            "gross_margin_4q_avg": 29.66,
            "net_income": 60228,
            "net_income_4q": null,
            "revenue": 254815,
            "revenue_4q": null,
            "common_shares": 434744,
            "book_valuer_per_share": 19.45,
            "book_valuer_per_share_4q_avg": 19.72,
            "equity": 845596,
            "current_ratio": 378.47,
            "debt_ratio": 30.7,
            "inventory_turnover_ratio": 8.21,
            "account_receivable_turnover_ratio": null,
            "reinvestment_rate": null,
            "research_to_sale_ratio": null,
            "price_fair": 157.4,
            "eps_avg_yearly": 4.5,
            "eps_latest_yearly": 5.56,
            "eps_growth_yearly": 109.39
        },
        "20064": {
            "year_quarter": 20064,
            "year": 2006,
            "quarter": 4,
            "eps": 0.82,
            "eps_growth_year": -39.26,
            "eps_4q": 4.12,
            "eps_4q_growth_year": -7.64,
            "roe": 4.12,
            "roe_4q": 22.34,
            "gross_profit": 53802,
            "gross_margin": 25.22,
            "gross_margin_4q_avg": 28.19,
            "net_income": 35766,
            "net_income_4q": null,
            "revenue": 213361,
            "revenue_4q": null,
            "common_shares": 437356,
            "book_valuer_per_share": 20.37,
            "book_valuer_per_share_4q_avg": 19.95,
            "equity": 890710,
            "current_ratio": 279.76,
            "debt_ratio": 37.14,
            "inventory_turnover_ratio": 1.46,
            "account_receivable_turnover_ratio": null,
            "reinvestment_rate": 74.74,
            "research_to_sale_ratio": null,
            "price_fair": 154.56,
            "eps_avg_yearly": 4.42,
            "eps_latest_yearly": 3.28,
            "eps_growth_yearly": 91.17
        },
        "20071": {
            "year_quarter": 20071,
            "year": 2007,
            "quarter": 1,
            "eps": 1.06,
            "eps_growth_year": -12.4,
            "eps_4q": 4.05,
            "eps_4q_growth_year": -8.92,
            "roe": 4.97,
            "roe_4q": 21.240000000000002,
            "gross_profit": 53073,
            "gross_margin": 25.65,
            "gross_margin_4q_avg": 27.13,
            "net_income": 46777,
            "net_income_4q": null,
            "revenue": 206904,
            "revenue_4q": null,
            "common_shares": 449403,
            "book_valuer_per_share": 22.06,
            "book_valuer_per_share_4q_avg": 20.29,
            "equity": 991208,
            "current_ratio": 549.7,
            "debt_ratio": 22.3,
            "inventory_turnover_ratio": 1.39,
            "account_receivable_turnover_ratio": null,
            "reinvestment_rate": 14.54,
            "research_to_sale_ratio": null,
            "price_fair": 154.18,
            "eps_avg_yearly": 4.41,
            "eps_latest_yearly": 4.24,
            "eps_growth_yearly": 92.79
        },
        "20072": {
            "year_quarter": 20072,
            "year": 2007,
            "quarter": 2,
            "eps": 1.22,
            "eps_growth_year": 32.61,
            "eps_4q": 4.38,
            "eps_4q_growth_year": -11.85,
            "roe": 5.63,
            "roe_4q": 22.25,
            "gross_profit": 67532,
            "gross_margin": 27.28,
            "gross_margin_4q_avg": 26.7,
            "net_income": 55131,
            "net_income_4q": null,
            "revenue": 247548,
            "revenue_4q": null,
            "common_shares": 458885,
            "book_valuer_per_share": 21.09,
            "book_valuer_per_share_4q_avg": 20.74,
            "equity": 967714,
            "current_ratio": 264.6,
            "debt_ratio": 27.98,
            "inventory_turnover_ratio": 7.28,
            "account_receivable_turnover_ratio": null,
            "reinvestment_rate": 10.53,
            "research_to_sale_ratio": null,
            "price_fair": 153.74,
            "eps_avg_yearly": 4.39,
            "eps_latest_yearly": 4.88,
            "eps_growth_yearly": 68.64
        },
        "20073": {
            "year_quarter": 20073,
            "year": 2007,
            "quarter": 3,
            "eps": 1.87,
            "eps_growth_year": 34.53,
            "eps_4q": 4.58,
            "eps_4q_growth_year": 6.02,
            "roe": 9.1,
            "roe_4q": 23.82,
            "gross_profit": 75688,
            "gross_margin": 24.88,
            "gross_margin_4q_avg": 25.76,
            "net_income": 94847,
            "net_income_4q": null,
            "revenue": 304190,
            "revenue_4q": null,
            "common_shares": 517100,
            "book_valuer_per_share": 21.61,
            "book_valuer_per_share_4q_avg": 21.28,
            "equity": 1117631,
            "current_ratio": 428.99,
            "debt_ratio": 16.9,
            "inventory_turnover_ratio": 9.14,
            "account_receivable_turnover_ratio": null,
            "reinvestment_rate": 9.46,
            "research_to_sale_ratio": null,
            "price_fair": 159.69,
            "eps_avg_yearly": 4.56,
            "eps_latest_yearly": 7.48,
            "eps_growth_yearly": 83.54
        },
        "20074": {
            "year_quarter": 20074,
            "year": 2007,
            "quarter": 4,
            "eps": 1.39,
            "eps_growth_year": 69.51,
            "eps_4q": 5.23,
            "eps_4q_growth_year": 27.05,
            "roe": 6.16,
            "roe_4q": 25.86,
            "gross_profit": 67480,
            "gross_margin": 24.94,
            "gross_margin_4q_avg": 25.69,
            "net_income": 71211,
            "net_income_4q": null,
            "revenue": 270522,
            "revenue_4q": null,
            "common_shares": 538929,
            "book_valuer_per_share": 22.14,
            "book_valuer_per_share_4q_avg": 21.73,
            "equity": 1193082,
            "current_ratio": 235.87,
            "debt_ratio": 28.87,
            "inventory_turnover_ratio": 1.33,
            "account_receivable_turnover_ratio": null,
            "reinvestment_rate": 57.67,
            "research_to_sale_ratio": null,
            "price_fair": 161.79,
            "eps_avg_yearly": 4.62,
            "eps_latest_yearly": 5.56,
            "eps_growth_yearly": 77.96
        },
        "20081": {
            "year_quarter": 20081,
            "year": 2008,
            "quarter": 1,
            "eps": 1.15,
            "eps_growth_year": 8.49,
            "eps_4q": 5.42,
            "eps_4q_growth_year": 33.74,
            "roe": 4.93,
            "roe_4q": 25.819999999999997,
            "gross_profit": 155671,
            "gross_margin": 41.41,
            "gross_margin_4q_avg": 29.63,
            "net_income": 59683,
            "net_income_4q": null,
            "revenue": 375915,
            "revenue_4q": null,
            "common_shares": 539327,
            "book_valuer_per_share": 22.71,
            "book_valuer_per_share_4q_avg": 21.89,
            "equity": 1229053,
            "current_ratio": 273.66,
            "debt_ratio": 25.43,
            "inventory_turnover_ratio": 0.8,
            "account_receivable_turnover_ratio": null,
            "reinvestment_rate": 71.87,
            "research_to_sale_ratio": null,
            "price_fair": 162.05,
            "eps_avg_yearly": 4.63,
            "eps_latest_yearly": 4.6,
            "eps_growth_yearly": 74.3
        },
        "20082": {
            "year_quarter": 20082,
            "year": 2008,
            "quarter": 2,
            "eps": 1.08,
            "eps_growth_year": -11.48,
            "eps_4q": 5.42,
            "eps_4q_growth_year": 23.71,
            "roe": 4.79,
            "roe_4q": 24.979999999999997,
            "gross_profit": 143906,
            "gross_margin": 35.75,
            "gross_margin_4q_avg": 31.75,
            "net_income": 56431,
            "net_income_4q": null,
            "revenue": 402554,
            "revenue_4q": null,
            "common_shares": 539831,
            "book_valuer_per_share": 20.79,
            "book_valuer_per_share_4q_avg": 21.81,
            "equity": 1126333,
            "current_ratio": 192.52,
            "debt_ratio": 34.84,
            "inventory_turnover_ratio": 0.97,
            "account_receivable_turnover_ratio": null,
            "reinvestment_rate": 65.36,
            "research_to_sale_ratio": null,
            "price_fair": 159.43,
            "eps_avg_yearly": 4.56,
            "eps_latest_yearly": 4.32,
            "eps_growth_yearly": 66.97
        },
        "20083": {
            "year_quarter": 20083,
            "year": 2008,
            "quarter": 3,
            "eps": 1.07,
            "eps_growth_year": -42.78,
            "eps_4q": 4.3,
            "eps_4q_growth_year": -6.13,
            "roe": 5.42,
            "roe_4q": 21.3,
            "gross_profit": 175821,
            "gross_margin": 42.45,
            "gross_margin_4q_avg": 36.14,
            "net_income": 62429,
            "net_income_4q": null,
            "revenue": 414214,
            "revenue_4q": null,
            "common_shares": 600095,
            "book_valuer_per_share": 19.53,
            "book_valuer_per_share_4q_avg": 21.29,
            "equity": 1175594,
            "current_ratio": 189.58,
            "debt_ratio": 35.13,
            "inventory_turnover_ratio": 0.91,
            "account_receivable_turnover_ratio": null,
            "reinvestment_rate": 64.78,
            "research_to_sale_ratio": null,
            "price_fair": 160.39,
            "eps_avg_yearly": 4.58,
            "eps_latest_yearly": 4.28,
            "eps_growth_yearly": 74.35
        },
        "20084": {
            "year_quarter": 20084,
            "year": 2008,
            "quarter": 4,
            "eps": 0.12,
            "eps_growth_year": -91.37,
            "eps_4q": 3.48,
            "eps_4q_growth_year": -33.55,
            "roe": 0.55,
            "roe_4q": 15.69,
            "gross_profit": 57304,
            "gross_margin": 22.18,
            "gross_margin_4q_avg": 35.45,
            "net_income": 6446,
            "net_income_4q": null,
            "revenue": 258403,
            "revenue_4q": null,
            "common_shares": 600461,
            "book_valuer_per_share": 19.54,
            "book_valuer_per_share_4q_avg": 20.64,
            "equity": 1176873,
            "current_ratio": 211.21,
            "debt_ratio": 28.47,
            "inventory_turnover_ratio": 0.81,
            "account_receivable_turnover_ratio": 1.37,
            "reinvestment_rate": 41.13,
            "research_to_sale_ratio": null,
            "price_fair": 157.94,
            "eps_avg_yearly": 4.51,
            "eps_latest_yearly": 0.48,
            "eps_growth_yearly": 66.73
        },
        "20091": {
            "year_quarter": 20091,
            "year": 2009,
            "quarter": 1,
            "eps": 0.37,
            "eps_growth_year": -67.83,
            "eps_4q": 2.63,
            "eps_4q_growth_year": -51.52,
            "roe": 1.73,
            "roe_4q": 12.49,
            "gross_profit": 82722,
            "gross_margin": 30.16,
            "gross_margin_4q_avg": 32.64,
            "net_income": 20792,
            "net_income_4q": null,
            "revenue": 274249,
            "revenue_4q": null,
            "common_shares": 600461,
            "book_valuer_per_share": 20.32,
            "book_valuer_per_share_4q_avg": 20.05,
            "equity": 1222914,
            "current_ratio": 338.29,
            "debt_ratio": 23.01,
            "inventory_turnover_ratio": 0.83,
            "account_receivable_turnover_ratio": 0.76,
            "reinvestment_rate": 63.8,
            "research_to_sale_ratio": null,
            "price_fair": 155.58,
            "eps_avg_yearly": 4.45,
            "eps_latest_yearly": 1.48,
            "eps_growth_yearly": 103.82
        },
        "20092": {
            "year_quarter": 20092,
            "year": 2009,
            "quarter": 2,
            "eps": 0.44,
            "eps_growth_year": -59.26,
            "eps_4q": 2.13,
            "eps_4q_growth_year": -60.77,
            "roe": 2.06,
            "roe_4q": 9.76,
            "gross_profit": 122703,
            "gross_margin": 36.19,
            "gross_margin_4q_avg": 32.75,
            "net_income": 24083,
            "net_income_4q": null,
            "revenue": 339029,
            "revenue_4q": null,
            "common_shares": 600461,
            "book_valuer_per_share": 18.48,
            "book_valuer_per_share_4q_avg": 19.47,
            "equity": 1111151,
            "current_ratio": 227,
            "debt_ratio": 31.45,
            "inventory_turnover_ratio": 1.05,
            "account_receivable_turnover_ratio": 0.89,
            "reinvestment_rate": 61.82,
            "research_to_sale_ratio": null,
            "price_fair": 154.88,
            "eps_avg_yearly": 4.43,
            "eps_latest_yearly": 1.76,
            "eps_growth_yearly": 113.24
        },
        "20093": {
            "year_quarter": 20093,
            "year": 2009,
            "quarter": 3,
            "eps": 0.92,
            "eps_growth_year": -14.02,
            "eps_4q": 1.81,
            "eps_4q_growth_year": -58.04,
            "roe": 4.85,
            "roe_4q": 9.190000000000001,
            "gross_profit": 155127,
            "gross_margin": 35.98,
            "gross_margin_4q_avg": 31.13,
            "net_income": 55547,
            "net_income_4q": null,
            "revenue": 431103,
            "revenue_4q": null,
            "common_shares": 632510,
            "book_valuer_per_share": 18.66,
            "book_valuer_per_share_4q_avg": 19.25,
            "equity": 1181544,
            "current_ratio": 228.25,
            "debt_ratio": 32.67,
            "inventory_turnover_ratio": 1.37,
            "account_receivable_turnover_ratio": 0.91,
            "reinvestment_rate": 60.12,
            "research_to_sale_ratio": null,
            "price_fair": 143.33,
            "eps_avg_yearly": 4.1,
            "eps_latest_yearly": 3.68,
            "eps_growth_yearly": 57.82
        },
        "20094": {
            "year_quarter": 20094,
            "year": 2009,
            "quarter": 4,
            "eps": 1.41,
            "eps_growth_year": 1075,
            "eps_4q": 3.07,
            "eps_4q_growth_year": -11.76,
            "roe": 6.98,
            "roe_4q": 15.620000000000001,
            "gross_profit": 186781,
            "gross_margin": 43.01,
            "gross_margin_4q_avg": 36.34,
            "net_income": 85485,
            "net_income_4q": null,
            "revenue": 434257,
            "revenue_4q": null,
            "common_shares": 636845,
            "book_valuer_per_share": 20.72,
            "book_valuer_per_share_4q_avg": 19.55,
            "equity": 1268021,
            "current_ratio": 255.77,
            "debt_ratio": 30.38,
            "inventory_turnover_ratio": 1.16,
            "account_receivable_turnover_ratio": 1.52,
            "reinvestment_rate": 162.3,
            "research_to_sale_ratio": null,
            "price_fair": 143.85,
            "eps_avg_yearly": 4.11,
            "eps_latest_yearly": 5.64,
            "eps_growth_yearly": 81.06
        },
        "20101": {
            "year_quarter": 20101,
            "year": 2010,
            "quarter": 1,
            "eps": 1.35,
            "eps_growth_year": 264.86,
            "eps_4q": 4.06,
            "eps_4q_growth_year": 54.31,
            "roe": 6.29,
            "roe_4q": 20.179999999999996,
            "gross_profit": 178594,
            "gross_margin": 37.34,
            "gross_margin_4q_avg": 38.13,
            "net_income": 82986,
            "net_income_4q": null,
            "revenue": 478318,
            "revenue_4q": null,
            "common_shares": 640191,
            "book_valuer_per_share": 22.25,
            "book_valuer_per_share_4q_avg": 20.03,
            "equity": 1368680,
            "current_ratio": 256.19,
            "debt_ratio": 31.33,
            "inventory_turnover_ratio": 1.24,
            "account_receivable_turnover_ratio": 0.81,
            "reinvestment_rate": 194.33,
            "research_to_sale_ratio": 1,
            "price_fair": 145.08,
            "eps_avg_yearly": 4.15,
            "eps_latest_yearly": 5.4,
            "eps_growth_yearly": 82.59
        },
        "20102": {
            "year_quarter": 20102,
            "year": 2010,
            "quarter": 2,
            "eps": 1.31,
            "eps_growth_year": 196.88,
            "eps_4q": 4.64,
            "eps_4q_growth_year": 118.49,
            "roe": 6.42,
            "roe_4q": 24.54,
            "gross_profit": 204318,
            "gross_margin": 35.05,
            "gross_margin_4q_avg": 37.85,
            "net_income": 87666,
            "net_income_4q": null,
            "revenue": 582981,
            "revenue_4q": null,
            "common_shares": 640381,
            "book_valuer_per_share": 21.27,
            "book_valuer_per_share_4q_avg": 20.73,
            "equity": 1361910,
            "current_ratio": 246.9,
            "debt_ratio": 44.77,
            "inventory_turnover_ratio": 1.34,
            "account_receivable_turnover_ratio": 0.87,
            "reinvestment_rate": 189.68,
            "research_to_sale_ratio": 0.75,
            "price_fair": 148.49,
            "eps_avg_yearly": 4.24,
            "eps_latest_yearly": 5.24,
            "eps_growth_yearly": 87.84
        },
        "20103": {
            "year_quarter": 20103,
            "year": 2010,
            "quarter": 3,
            "eps": 1.45,
            "eps_growth_year": 57.35,
            "eps_4q": 5.41,
            "eps_4q_growth_year": 199.61,
            "roe": 6.62,
            "roe_4q": 26.31,
            "gross_profit": 240122,
            "gross_margin": 39.78,
            "gross_margin_4q_avg": 38.8,
            "net_income": 93573,
            "net_income_4q": null,
            "revenue": 603641,
            "revenue_4q": null,
            "common_shares": 671400,
            "book_valuer_per_share": 22.65,
            "book_valuer_per_share_4q_avg": 21.72,
            "equity": 1464037,
            "current_ratio": 305.95,
            "debt_ratio": 37.59,
            "inventory_turnover_ratio": 1.23,
            "account_receivable_turnover_ratio": 0.82,
            "reinvestment_rate": 190.96,
            "research_to_sale_ratio": 0.8,
            "price_fair": 149.01,
            "eps_avg_yearly": 4.26,
            "eps_latest_yearly": 5.8,
            "eps_growth_yearly": 77.74
        },
        "20104": {
            "year_quarter": 20104,
            "year": 2010,
            "quarter": 4,
            "eps": 0.84,
            "eps_growth_year": -40.22,
            "eps_4q": 4.78,
            "eps_4q_growth_year": 55.78,
            "roe": 3.74,
            "roe_4q": 23.07,
            "gross_profit": 182210,
            "gross_margin": 37.11,
            "gross_margin_4q_avg": 37.32,
            "net_income": 56591,
            "net_income_4q": null,
            "revenue": 490937,
            "revenue_4q": null,
            "common_shares": 671400,
            "book_valuer_per_share": 23.23,
            "book_valuer_per_share_4q_avg": 22.35,
            "equity": 1559600,
            "current_ratio": 336.41,
            "debt_ratio": 34.81,
            "inventory_turnover_ratio": 1.03,
            "account_receivable_turnover_ratio": 0.71,
            "reinvestment_rate": 147.57,
            "research_to_sale_ratio": 0.79,
            "price_fair": 149.19,
            "eps_avg_yearly": 4.26,
            "eps_latest_yearly": 3.36,
            "eps_growth_yearly": 77.48
        },
        "20111": {
            "year_quarter": 20111,
            "year": 2011,
            "quarter": 1,
            "eps": 1.16,
            "eps_growth_year": -14.07,
            "eps_4q": 4.7,
            "eps_4q_growth_year": 15.88,
            "roe": 4.84,
            "roe_4q": 21.619999999999997,
            "gross_profit": 187902,
            "gross_margin": 36.03,
            "gross_margin_4q_avg": 36.99,
            "net_income": 77693,
            "net_income_4q": null,
            "revenue": 521567,
            "revenue_4q": null,
            "common_shares": 671400,
            "book_valuer_per_share": 24.54,
            "book_valuer_per_share_4q_avg": 22.92,
            "equity": 1647688,
            "current_ratio": 335.51,
            "debt_ratio": 34.86,
            "inventory_turnover_ratio": 1,
            "account_receivable_turnover_ratio": 0.61,
            "reinvestment_rate": 187.17,
            "research_to_sale_ratio": 0.79,
            "price_fair": 150.06,
            "eps_avg_yearly": 4.29,
            "eps_latest_yearly": 4.64,
            "eps_growth_yearly": 79.68
        },
        "20112": {
            "year_quarter": 20112,
            "year": 2011,
            "quarter": 2,
            "eps": 1.18,
            "eps_growth_year": -9.34,
            "eps_4q": 4.48,
            "eps_4q_growth_year": -3.55,
            "roe": 5.23,
            "roe_4q": 20.43,
            "gross_profit": 217545,
            "gross_margin": 37.5,
            "gross_margin_4q_avg": 37.61,
            "net_income": 81892,
            "net_income_4q": null,
            "revenue": 580193,
            "revenue_4q": null,
            "common_shares": 671400,
            "book_valuer_per_share": 22.07,
            "book_valuer_per_share_4q_avg": 23.12,
            "equity": 1481840,
            "current_ratio": 232.13,
            "debt_ratio": 44.78,
            "inventory_turnover_ratio": 1,
            "account_receivable_turnover_ratio": 0.65,
            "reinvestment_rate": 188.98,
            "research_to_sale_ratio": 0.81,
            "price_fair": 149.71,
            "eps_avg_yearly": 4.28,
            "eps_latest_yearly": 4.72,
            "eps_growth_yearly": 76.34
        },
        "20113": {
            "year_quarter": 20113,
            "year": 2011,
            "quarter": 3,
            "eps": 1.33,
            "eps_growth_year": -8.01,
            "eps_4q": 4.45,
            "eps_4q_growth_year": -17.7,
            "roe": 5.89,
            "roe_4q": 19.700000000000003,
            "gross_profit": 212513,
            "gross_margin": 35.34,
            "gross_margin_4q_avg": 36.5,
            "net_income": 92240,
            "net_income_4q": null,
            "revenue": 601293,
            "revenue_4q": null,
            "common_shares": 692642,
            "book_valuer_per_share": 23.84,
            "book_valuer_per_share_4q_avg": 23.42,
            "equity": 1651404,
            "current_ratio": 283.71,
            "debt_ratio": 38.21,
            "inventory_turnover_ratio": 0.99,
            "account_receivable_turnover_ratio": 0.8,
            "reinvestment_rate": 216.6,
            "research_to_sale_ratio": 0.8,
            "price_fair": 144.99,
            "eps_avg_yearly": 4.14,
            "eps_latest_yearly": 5.32,
            "eps_growth_yearly": 66.2
        },
        "20114": {
            "year_quarter": 20114,
            "year": 2011,
            "quarter": 4,
            "eps": 0.98,
            "eps_growth_year": 16.25,
            "eps_4q": 4.62,
            "eps_4q_growth_year": -3.41,
            "roe": 4.03,
            "roe_4q": 19.990000000000002,
            "gross_profit": 190610,
            "gross_margin": 35.25,
            "gross_margin_4q_avg": 36.03,
            "net_income": 67870,
            "net_income_4q": null,
            "revenue": 540722,
            "revenue_4q": null,
            "common_shares": 692642,
            "book_valuer_per_share": 24.83,
            "book_valuer_per_share_4q_avg": 23.82,
            "equity": 1720150,
            "current_ratio": 327.95,
            "debt_ratio": 34.83,
            "inventory_turnover_ratio": 0.88,
            "account_receivable_turnover_ratio": 0.72,
            "reinvestment_rate": 174.76,
            "research_to_sale_ratio": 0.72,
            "price_fair": 141.4,
            "eps_avg_yearly": 4.04,
            "eps_latest_yearly": 3.92,
            "eps_growth_yearly": 66.04
        },
        "20121": {
            "year_quarter": 20121,
            "year": 2012,
            "quarter": 1,
            "eps": 1.35,
            "eps_growth_year": 16.38,
            "eps_4q": 4.66,
            "eps_4q_growth_year": -0.76,
            "roe": 5.22,
            "roe_4q": 20.37,
            "gross_profit": 231951,
            "gross_margin": 40.03,
            "gross_margin_4q_avg": 37.03,
            "net_income": 94200,
            "net_income_4q": null,
            "revenue": 579495,
            "revenue_4q": null,
            "common_shares": 720849,
            "book_valuer_per_share": 26.17,
            "book_valuer_per_share_4q_avg": 24.23,
            "equity": 1886314,
            "current_ratio": 318.27,
            "debt_ratio": 31.93,
            "inventory_turnover_ratio": 0.9,
            "account_receivable_turnover_ratio": 0.8,
            "reinvestment_rate": 175.27,
            "research_to_sale_ratio": 0.76,
            "price_fair": 143.15,
            "eps_avg_yearly": 4.09,
            "eps_latest_yearly": 5.4,
            "eps_growth_yearly": 79.79
        },
        "20122": {
            "year_quarter": 20122,
            "year": 2012,
            "quarter": 2,
            "eps": 1.27,
            "eps_growth_year": 7.44,
            "eps_4q": 4.79,
            "eps_4q_growth_year": 6.83,
            "roe": 5.06,
            "roe_4q": 20.2,
            "gross_profit": 211338,
            "gross_margin": 34.11,
            "gross_margin_4q_avg": 36.18,
            "net_income": 92109,
            "net_income_4q": null,
            "revenue": 619593,
            "revenue_4q": null,
            "common_shares": 723958,
            "book_valuer_per_share": 24.26,
            "book_valuer_per_share_4q_avg": 24.78,
            "equity": 1756620,
            "current_ratio": 201.04,
            "debt_ratio": 38.94,
            "inventory_turnover_ratio": 1.01,
            "account_receivable_turnover_ratio": 0.79,
            "reinvestment_rate": 176.73,
            "research_to_sale_ratio": 0.91,
            "price_fair": 144.81,
            "eps_avg_yearly": 4.14,
            "eps_latest_yearly": 5.08,
            "eps_growth_yearly": 79.83
        },
        "20123": {
            "year_quarter": 20123,
            "year": 2012,
            "quarter": 3,
            "eps": 1.24,
            "eps_growth_year": -6.95,
            "eps_4q": 4.68,
            "eps_4q_growth_year": 5.02,
            "roe": 5.01,
            "roe_4q": 19.32,
            "gross_profit": 247298,
            "gross_margin": 38.54,
            "gross_margin_4q_avg": 36.98,
            "net_income": 91633,
            "net_income_4q": null,
            "revenue": 641594,
            "revenue_4q": null,
            "common_shares": 739489,
            "book_valuer_per_share": 25.51,
            "book_valuer_per_share_4q_avg": 25.19,
            "equity": 1900912,
            "current_ratio": 253.98,
            "debt_ratio": 34.01,
            "inventory_turnover_ratio": 0.96,
            "account_receivable_turnover_ratio": 0.77,
            "reinvestment_rate": 178.65,
            "research_to_sale_ratio": 0.63,
            "price_fair": 146.3,
            "eps_avg_yearly": 4.18,
            "eps_latest_yearly": 4.96,
            "eps_growth_yearly": 79.48
        },
        "20124": {
            "year_quarter": 20124,
            "year": 2012,
            "quarter": 4,
            "eps": 0.62,
            "eps_growth_year": -36.7,
            "eps_4q": 4.38,
            "eps_4q_growth_year": -5.15,
            "roe": 2.38,
            "roe_4q": 17.669999999999998,
            "gross_profit": 174317,
            "gross_margin": 35.19,
            "gross_margin_4q_avg": 36.97,
            "net_income": 45867,
            "net_income_4q": null,
            "revenue": 495302,
            "revenue_4q": null,
            "common_shares": 739702,
            "book_valuer_per_share": 26.12,
            "book_valuer_per_share_4q_avg": 25.52,
            "equity": 1947118,
            "current_ratio": 289.53,
            "debt_ratio": 30.03,
            "inventory_turnover_ratio": 0.83,
            "account_receivable_turnover_ratio": 0.65,
            "reinvestment_rate": 175.51,
            "research_to_sale_ratio": 0.97,
            "price_fair": 150.68,
            "eps_avg_yearly": 4.31,
            "eps_latest_yearly": 2.48,
            "eps_growth_yearly": 89.17
        },
        "20131": {
            "year_quarter": 20131,
            "year": 2013,
            "quarter": 1,
            "eps": 0.75,
            "eps_growth_year": -44.44,
            "eps_4q": 3.81,
            "eps_4q_growth_year": -18.31,
            "roe": 2.77,
            "roe_4q": 15.219999999999999,
            "gross_profit": 160404,
            "gross_margin": 31.17,
            "gross_margin_4q_avg": 34.75,
            "net_income": 55634,
            "net_income_4q": null,
            "revenue": 514592,
            "revenue_4q": null,
            "common_shares": 748851,
            "book_valuer_per_share": 27.39,
            "book_valuer_per_share_4q_avg": 25.82,
            "equity": 2066525,
            "current_ratio": 321.39,
            "debt_ratio": 27.95,
            "inventory_turnover_ratio": 0.88,
            "account_receivable_turnover_ratio": 0.76,
            "reinvestment_rate": 5.81,
            "research_to_sale_ratio": 0.96,
            "price_fair": 154,
            "eps_avg_yearly": 4.4,
            "eps_latest_yearly": 3,
            "eps_growth_yearly": 42.33
        },
        "20132": {
            "year_quarter": 20132,
            "year": 2013,
            "quarter": 2,
            "eps": 0.84,
            "eps_growth_year": -33.98,
            "eps_4q": 3.41,
            "eps_4q_growth_year": -28.64,
            "roe": 3.14,
            "roe_4q": 13.299999999999999,
            "gross_profit": 196256,
            "gross_margin": 30.39,
            "gross_margin_4q_avg": 33.82,
            "net_income": 63028,
            "net_income_4q": null,
            "revenue": 645802,
            "revenue_4q": null,
            "common_shares": 749216,
            "book_valuer_per_share": 25.75,
            "book_valuer_per_share_4q_avg": 26.19,
            "equity": 1944907,
            "current_ratio": 250.71,
            "debt_ratio": 37.37,
            "inventory_turnover_ratio": 1.05,
            "account_receivable_turnover_ratio": 0.9,
            "reinvestment_rate": 8.61,
            "research_to_sale_ratio": 1.24,
            "price_fair": 157.5,
            "eps_avg_yearly": 4.5,
            "eps_latest_yearly": 3.36,
            "eps_growth_yearly": 40.6
        },
        "20133": {
            "year_quarter": 20133,
            "year": 2013,
            "quarter": 3,
            "eps": 1.03,
            "eps_growth_year": -16.88,
            "eps_4q": 3.23,
            "eps_4q_growth_year": -31.02,
            "roe": 3.92,
            "roe_4q": 12.21,
            "gross_profit": 218411,
            "gross_margin": 31.26,
            "gross_margin_4q_avg": 32,
            "net_income": 77477,
            "net_income_4q": null,
            "revenue": 698771,
            "revenue_4q": null,
            "common_shares": 749380,
            "book_valuer_per_share": 26.54,
            "book_valuer_per_share_4q_avg": 26.45,
            "equity": 2005082,
            "current_ratio": 265.82,
            "debt_ratio": 35.38,
            "inventory_turnover_ratio": 1.2,
            "account_receivable_turnover_ratio": 0.87,
            "reinvestment_rate": 9.59,
            "research_to_sale_ratio": 0.73,
            "price_fair": 131.22,
            "eps_avg_yearly": 4.53,
            "eps_latest_yearly": 4.12,
            "eps_growth_yearly": 18.98
        },
        "20134": {
            "year_quarter": 20134,
            "year": 2013,
            "quarter": 4,
            "eps": 1.05,
            "eps_growth_year": 69.48,
            "eps_4q": 3.66,
            "eps_4q_growth_year": -16.34,
            "roe": 3.84,
            "roe_4q": 13.67,
            "gross_profit": 198924,
            "gross_margin": 30.04,
            "gross_margin_4q_avg": 30.72,
            "net_income": 79178,
            "net_income_4q": null,
            "revenue": 662131,
            "revenue_4q": null,
            "common_shares": 750038,
            "book_valuer_per_share": 28.04,
            "book_valuer_per_share_4q_avg": 26.93,
            "equity": 2120379,
            "current_ratio": 262.27,
            "debt_ratio": 35.56,
            "inventory_turnover_ratio": 1.23,
            "account_receivable_turnover_ratio": 0.78,
            "reinvestment_rate": -78.76,
            "research_to_sale_ratio": 0.86,
            "price_fair": 71.68,
            "eps_avg_yearly": 4.44,
            "eps_latest_yearly": 4.2,
            "eps_growth_yearly": 6.15
        },
        "20141": {
            "year_quarter": 20141,
            "year": 2014,
            "quarter": 1,
            "eps": 1.06,
            "eps_growth_year": 41.33,
            "eps_4q": 3.97,
            "eps_4q_growth_year": 4.32,
            "roe": 3.69,
            "roe_4q": 14.59,
            "gross_profit": 193780,
            "gross_margin": 31.94,
            "gross_margin_4q_avg": 30.91,
            "net_income": 79916,
            "net_income_4q": null,
            "revenue": 606735,
            "revenue_4q": null,
            "common_shares": 751913,
            "book_valuer_per_share": 29.13,
            "book_valuer_per_share_4q_avg": 27.37,
            "equity": 2207356,
            "current_ratio": 268.91,
            "debt_ratio": 33.57,
            "inventory_turnover_ratio": 1.05,
            "account_receivable_turnover_ratio": 0.72,
            "reinvestment_rate": -83.69,
            "research_to_sale_ratio": 0.97,
            "price_fair": 76.19,
            "eps_avg_yearly": 4.37,
            "eps_latest_yearly": 4.24,
            "eps_growth_yearly": 7.45
        },
        "20142": {
            "year_quarter": 20142,
            "year": 2014,
            "quarter": 2,
            "eps": 1.13,
            "eps_growth_year": 34.52,
            "eps_4q": 4.25,
            "eps_4q_growth_year": 24.4,
            "roe": 3.91,
            "roe_4q": 15.36,
            "gross_profit": 255342,
            "gross_margin": 32.96,
            "gross_margin_4q_avg": 31.55,
            "net_income": 85013,
            "net_income_4q": null,
            "revenue": 774595,
            "revenue_4q": null,
            "common_shares": 755531,
            "book_valuer_per_share": 28.09,
            "book_valuer_per_share_4q_avg": 27.95,
            "equity": 2139626,
            "current_ratio": 218.22,
            "debt_ratio": 37.01,
            "inventory_turnover_ratio": 1.27,
            "account_receivable_turnover_ratio": 0.88,
            "reinvestment_rate": -91.22,
            "research_to_sale_ratio": 0.97,
            "price_fair": 85.74,
            "eps_avg_yearly": 4.32,
            "eps_latest_yearly": 4.52,
            "eps_growth_yearly": 9.85
        },
        "20143": {
            "year_quarter": 20143,
            "year": 2014,
            "quarter": 3,
            "eps": 1.7,
            "eps_growth_year": 65.05,
            "eps_4q": 4.9,
            "eps_4q_growth_year": 51.75,
            "roe": 5.78,
            "roe_4q": 17.22,
            "gross_profit": 275346,
            "gross_margin": 30.98,
            "gross_margin_4q_avg": 31.48,
            "net_income": 128910,
            "net_income_4q": null,
            "revenue": 888661,
            "revenue_4q": null,
            "common_shares": 759081,
            "book_valuer_per_share": 30.29,
            "book_valuer_per_share_4q_avg": 28.89,
            "equity": 2317557,
            "current_ratio": 223.31,
            "debt_ratio": 36.58,
            "inventory_turnover_ratio": 1.46,
            "account_receivable_turnover_ratio": 0.87,
            "reinvestment_rate": -92.96,
            "research_to_sale_ratio": 0.97,
            "price_fair": 130.53,
            "eps_avg_yearly": 4.38,
            "eps_latest_yearly": 6.8,
            "eps_growth_yearly": 19.79
        },
        "20144": {
            "year_quarter": 20144,
            "year": 2014,
            "quarter": 4,
            "eps": 1.29,
            "eps_growth_year": 22.83,
            "eps_4q": 5.13,
            "eps_4q_growth_year": 40.04,
            "roe": 4.09,
            "roe_4q": 17.470000000000002,
            "gross_profit": 229610,
            "gross_margin": 28.15,
            "gross_margin_4q_avg": 31.01,
            "net_income": 98386,
            "net_income_4q": null,
            "revenue": 815720,
            "revenue_4q": null,
            "common_shares": 762789,
            "book_valuer_per_share": 32.42,
            "book_valuer_per_share_4q_avg": 29.98,
            "equity": 2491694,
            "current_ratio": 230.13,
            "debt_ratio": 35.92,
            "inventory_turnover_ratio": 1.35,
            "account_receivable_turnover_ratio": 0.72,
            "reinvestment_rate": -86.82,
            "research_to_sale_ratio": 1.65,
            "price_fair": 154.06,
            "eps_avg_yearly": 4.5,
            "eps_latest_yearly": 5.16,
            "eps_growth_yearly": 24.27
        },
        "20151": {
            "year_quarter": 20151,
            "year": 2015,
            "quarter": 1,
            "eps": 0.96,
            "eps_growth_year": -9.43,
            "eps_4q": 4.92,
            "eps_4q_growth_year": 23.74,
            "roe": 2.87,
            "roe_4q": 16.65,
            "gross_profit": 215631,
            "gross_margin": 27.24,
            "gross_margin_4q_avg": 29.83,
            "net_income": 73157,
            "net_income_4q": null,
            "revenue": 791564,
            "revenue_4q": null,
            "common_shares": 782210,
            "book_valuer_per_share": 33.06,
            "book_valuer_per_share_4q_avg": 30.97,
            "equity": 2604268,
            "current_ratio": 249.86,
            "debt_ratio": 33.54,
            "inventory_turnover_ratio": 1.31,
            "account_receivable_turnover_ratio": 0.71,
            "reinvestment_rate": -92.13,
            "research_to_sale_ratio": 0.69,
            "price_fair": 81.58,
            "eps_avg_yearly": 4.45,
            "eps_latest_yearly": 3.84,
            "eps_growth_yearly": 8.35
        },
        "20152": {
            "year_quarter": 20152,
            "year": 2015,
            "quarter": 2,
            "eps": 0.67,
            "eps_growth_year": -40.71,
            "eps_4q": 4.5,
            "eps_4q_growth_year": 5.97,
            "roe": 2.08,
            "roe_4q": 14.82,
            "gross_profit": 205797,
            "gross_margin": 28.25,
            "gross_margin_4q_avg": 28.66,
            "net_income": 51961,
            "net_income_4q": null,
            "revenue": 728497,
            "revenue_4q": null,
            "common_shares": 782687,
            "book_valuer_per_share": 30.3,
            "book_valuer_per_share_4q_avg": 31.52,
            "equity": 2389015,
            "current_ratio": 221.7,
            "debt_ratio": 37.34,
            "inventory_turnover_ratio": 1.21,
            "account_receivable_turnover_ratio": 0.7,
            "reinvestment_rate": -100.53,
            "research_to_sale_ratio": 1.08,
            "price_fair": 43.18,
            "eps_avg_yearly": 4.32,
            "eps_latest_yearly": 2.68,
            "eps_growth_yearly": 0.37
        },
        "20153": {
            "year_quarter": 20153,
            "year": 2015,
            "quarter": 3,
            "eps": -0.7,
            "eps_growth_year": -141.18,
            "eps_4q": 2.17,
            "eps_4q_growth_year": -55.73,
            "roe": -2.25,
            "roe_4q": 6.79,
            "gross_profit": 163707,
            "gross_margin": 25.51,
            "gross_margin_4q_avg": 27.29,
            "net_income": -54072,
            "net_income_4q": null,
            "revenue": 641744,
            "revenue_4q": null,
            "common_shares": 782687,
            "book_valuer_per_share": 30.71,
            "book_valuer_per_share_4q_avg": 31.62,
            "equity": 2420906,
            "current_ratio": 202.76,
            "debt_ratio": 39.5,
            "inventory_turnover_ratio": 1.12,
            "account_receivable_turnover_ratio": 0.69,
            "reinvestment_rate": -132.9,
            "research_to_sale_ratio": 0.82,
            "price_fair": 12.75,
            "eps_avg_yearly": 4.25,
            "eps_latest_yearly": 2.68,
            "eps_growth_yearly": -2.99
        },
        "20154": {
            "year_quarter": 20154,
            "year": 2015,
            "quarter": 4,
            "eps": 0.29,
            "eps_growth_year": -77.57,
            "eps_4q": 1.2,
            "eps_4q_growth_year": -76.64,
            "roe": 0.95,
            "roe_4q": 3.6500000000000004,
            "gross_profit": 198665,
            "gross_margin": 52.13,
            "gross_margin_4q_avg": 33.28,
            "net_income": 22719,
            "net_income_4q": null,
            "revenue": 381075,
            "revenue_4q": null,
            "common_shares": 782687,
            "book_valuer_per_share": 29.97,
            "book_valuer_per_share_4q_avg": 31.01,
            "equity": 2362405,
            "current_ratio": 226.87,
            "debt_ratio": 35.71,
            "inventory_turnover_ratio": 0.42,
            "account_receivable_turnover_ratio": 0.46,
            "reinvestment_rate": -140.86,
            "research_to_sale_ratio": 1.71,
            "price_fair": 61.17,
            "eps_avg_yearly": 4.27,
            "eps_latest_yearly": 2.68,
            "eps_growth_yearly": 4.31
        },
        "20161": {
            "year_quarter": 20161,
            "year": 2016,
            "quarter": 1,
            "eps": 0.33,
            "eps_growth_year": -65.62,
            "eps_4q": 0.59,
            "eps_4q_growth_year": -87.95,
            "roe": 1.09,
            "roe_4q": 1.87,
            "gross_profit": 171789,
            "gross_margin": 28.64,
            "gross_margin_4q_avg": 33.63,
            "net_income": 25913,
            "net_income_4q": null,
            "revenue": 599768,
            "revenue_4q": null,
            "common_shares": 782687,
            "book_valuer_per_share": 30.24,
            "book_valuer_per_share_4q_avg": 30.31,
            "equity": 2383779,
            "current_ratio": 231.61,
            "debt_ratio": 34.77,
            "inventory_turnover_ratio": 0.98,
            "account_receivable_turnover_ratio": 0.76,
            "reinvestment_rate": -157.12,
            "research_to_sale_ratio": 0.88,
            "price_fair": 11.95,
            "eps_avg_yearly": 3.98,
            "eps_latest_yearly": 1.32,
            "eps_growth_yearly": -2.54
        },
        "20162": {
            "year_quarter": 20162,
            "year": 2016,
            "quarter": 2,
            "eps": 0.75,
            "eps_growth_year": 11.94,
            "eps_4q": 0.65,
            "eps_4q_growth_year": -85.61,
            "roe": 2.47,
            "roe_4q": 2.2600000000000007,
            "gross_profit": 201988,
            "gross_margin": 31.93,
            "gross_margin_4q_avg": 34.55,
            "net_income": 58777,
            "net_income_4q": null,
            "revenue": 632655,
            "revenue_4q": null,
            "common_shares": 782687,
            "book_valuer_per_share": 30.06,
            "book_valuer_per_share_4q_avg": 30.25,
            "equity": 2369264,
            "current_ratio": 237.39,
            "debt_ratio": 33.73,
            "inventory_turnover_ratio": 1.04,
            "account_receivable_turnover_ratio": 0.83,
            "reinvestment_rate": -170.94,
            "research_to_sale_ratio": 1.27,
            "price_fair": 134.2,
            "eps_avg_yearly": 3.83,
            "eps_latest_yearly": 3,
            "eps_growth_yearly": 35.52
        },
        "20163": {
            "year_quarter": 20163,
            "year": 2016,
            "quarter": 3,
            "eps": 0.79,
            "eps_growth_year": null,
            "eps_4q": 2.11,
            "eps_4q_growth_year": -2.67,
            "roe": 2.73,
            "roe_4q": 7.24,
            "gross_profit": 223585,
            "gross_margin": 31.92,
            "gross_margin_4q_avg": 36.16,
            "net_income": 64809,
            "net_income_4q": null,
            "revenue": 700525,
            "revenue_4q": null,
            "common_shares": 813994,
            "book_valuer_per_share": 29.01,
            "book_valuer_per_share_4q_avg": 29.82,
            "equity": 2378111,
            "current_ratio": 238.22,
            "debt_ratio": 33.54,
            "inventory_turnover_ratio": 1.15,
            "account_receivable_turnover_ratio": 0.87,
            "reinvestment_rate": -186.7,
            "research_to_sale_ratio": 0.84,
            "price_fair": 129.7,
            "eps_avg_yearly": 3.71,
            "eps_latest_yearly": 3.16,
            "eps_growth_yearly": 37.72
        },
        "20164": {
            "year_quarter": 20164,
            "year": 2016,
            "quarter": 4,
            "eps": 1.16,
            "eps_growth_year": 302.22,
            "eps_4q": 3,
            "eps_4q_growth_year": 149.99,
            "roe": 3.95,
            "roe_4q": 10.24,
            "gross_profit": 233276,
            "gross_margin": 35.53,
            "gross_margin_4q_avg": 32.01,
            "net_income": 95008,
            "net_income_4q": null,
            "revenue": 656503,
            "revenue_4q": null,
            "common_shares": 813994,
            "book_valuer_per_share": 29.72,
            "book_valuer_per_share_4q_avg": 29.76,
            "equity": 2435487,
            "current_ratio": 251.7,
            "debt_ratio": 33.21,
            "inventory_turnover_ratio": 0.94,
            "account_receivable_turnover_ratio": 0.77,
            "reinvestment_rate": -177.42,
            "research_to_sale_ratio": 0.78,
            "price_fair": 135.1,
            "eps_avg_yearly": 3.86,
            "eps_latest_yearly": 4.64,
            "eps_growth_yearly": 65.39
        },
        "20171": {
            "year_quarter": 20171,
            "year": 2017,
            "quarter": 1,
            "eps": 0.33,
            "eps_growth_year": 0,
            "eps_4q": 3.01,
            "eps_4q_growth_year": 408.43,
            "roe": 1.12,
            "roe_4q": 10.270000000000001,
            "gross_profit": 197340,
            "gross_margin": 31.85,
            "gross_margin_4q_avg": 32.81,
            "net_income": 27038,
            "net_income_4q": null,
            "revenue": 619530,
            "revenue_4q": null,
            "common_shares": 813994,
            "book_valuer_per_share": 29.05,
            "book_valuer_per_share_4q_avg": 29.46,
            "equity": 2379859,
            "current_ratio": 259.52,
            "debt_ratio": 32.27,
            "inventory_turnover_ratio": 0.88,
            "account_receivable_turnover_ratio": 0.74,
            "reinvestment_rate": 17.03,
            "research_to_sale_ratio": 0.88,
            "price_fair": 130.9,
            "eps_avg_yearly": 3.74,
            "eps_latest_yearly": 1.32,
            "eps_growth_yearly": 38.95
        },
        "20172": {
            "year_quarter": 20172,
            "year": 2017,
            "quarter": 2,
            "eps": 0.76,
            "eps_growth_year": 1.33,
            "eps_4q": 3.05,
            "eps_4q_growth_year": 370.77,
            "roe": 2.6,
            "roe_4q": 10.4,
            "gross_profit": 212887,
            "gross_margin": 31.41,
            "gross_margin_4q_avg": 32.68,
            "net_income": 61208,
            "net_income_4q": null,
            "revenue": 677680,
            "revenue_4q": null,
            "common_shares": 813994,
            "book_valuer_per_share": 28.43,
            "book_valuer_per_share_4q_avg": 29.05,
            "equity": 2329157,
            "current_ratio": 221.79,
            "debt_ratio": 36.53,
            "inventory_turnover_ratio": 0.97,
            "account_receivable_turnover_ratio": 0.82,
            "reinvestment_rate": 13.8,
            "research_to_sale_ratio": 0.91,
            "price_fair": 130.1,
            "eps_avg_yearly": 3.72,
            "eps_latest_yearly": 3.04,
            "eps_growth_yearly": 72.75
        },
        "20173": {
            "year_quarter": 20173,
            "year": 2017,
            "quarter": 3,
            "eps": 0.89,
            "eps_growth_year": 12.66,
            "eps_4q": 3.15,
            "eps_4q_growth_year": 49.31,
            "roe": 3.05,
            "roe_4q": 10.72,
            "gross_profit": 238418,
            "gross_margin": 31.64,
            "gross_margin_4q_avg": 32.61,
            "net_income": 72642,
            "net_income_4q": null,
            "revenue": 753589,
            "revenue_4q": null,
            "common_shares": 813994,
            "book_valuer_per_share": 29.64,
            "book_valuer_per_share_4q_avg": 29.21,
            "equity": 2428336,
            "current_ratio": 222.03,
            "debt_ratio": 36.12,
            "inventory_turnover_ratio": 1.06,
            "account_receivable_turnover_ratio": 0.86,
            "reinvestment_rate": 18.23,
            "research_to_sale_ratio": 0.89,
            "price_fair": 128.7,
            "eps_avg_yearly": 3.68,
            "eps_latest_yearly": 3.56,
            "eps_growth_yearly": 71.18
        },
        "20174": {
            "year_quarter": 20174,
            "year": 2017,
            "quarter": 4,
            "eps": 0.08,
            "eps_growth_year": -93.01,
            "eps_4q": 2.07,
            "eps_4q_growth_year": -31.03,
            "roe": 0.25,
            "roe_4q": 7.0200000000000005,
            "gross_profit": 172989,
            "gross_margin": 26.11,
            "gross_margin_4q_avg": 30.25,
            "net_income": 6097,
            "net_income_4q": null,
            "revenue": 662583,
            "revenue_4q": null,
            "common_shares": 813994,
            "book_valuer_per_share": 29.8,
            "book_valuer_per_share_4q_avg": 29.23,
            "equity": 2436173,
            "current_ratio": 221.37,
            "debt_ratio": 36.3,
            "inventory_turnover_ratio": 0.96,
            "account_receivable_turnover_ratio": 0.74,
            "reinvestment_rate": 20.29,
            "research_to_sale_ratio": 0.98,
            "price_fair": 119,
            "eps_avg_yearly": 3.4,
            "eps_latest_yearly": 0.32,
            "eps_growth_yearly": 44.62
        },
        "20181": {
            "year_quarter": 20181,
            "year": 2018,
            "quarter": 1,
            "eps": 0.16,
            "eps_growth_year": -51.52,
            "eps_4q": 1.9,
            "eps_4q_growth_year": -37.08,
            "roe": 0.51,
            "roe_4q": 6.41,
            "gross_profit": 178234,
            "gross_margin": 25.74,
            "gross_margin_4q_avg": 28.73,
            "net_income": 12590,
            "net_income_4q": null,
            "revenue": 692404,
            "revenue_4q": null,
            "common_shares": 813994,
            "book_valuer_per_share": 30.34,
            "book_valuer_per_share_4q_avg": 29.55,
            "equity": 2479492,
            "current_ratio": 220.82,
            "debt_ratio": 36.16,
            "inventory_turnover_ratio": 0.97,
            "account_receivable_turnover_ratio": 0.8,
            "reinvestment_rate": 25.01,
            "research_to_sale_ratio": 1.22,
            "price_fair": 110,
            "eps_avg_yearly": 3.14,
            "eps_latest_yearly": 0.64,
            "eps_growth_yearly": 72.92
        },
        "20182": {
            "year_quarter": 20182,
            "year": 2018,
            "quarter": 2,
            "eps": 0.9,
            "eps_growth_year": 18.42,
            "eps_4q": 2.04,
            "eps_4q_growth_year": -33.23,
            "roe": 2.97,
            "roe_4q": 6.78,
            "gross_profit": 208127,
            "gross_margin": 25.49,
            "gross_margin_4q_avg": 27.25,
            "net_income": 73358,
            "net_income_4q": null,
            "revenue": 816367,
            "revenue_4q": null,
            "common_shares": 813994,
            "book_valuer_per_share": 30.04,
            "book_valuer_per_share_4q_avg": 29.96,
            "equity": 2454916,
            "current_ratio": 202.63,
            "debt_ratio": 39.23,
            "inventory_turnover_ratio": 1.07,
            "account_receivable_turnover_ratio": 0.87,
            "reinvestment_rate": 26.12,
            "research_to_sale_ratio": 1.43,
            "price_fair": 107.7,
            "eps_avg_yearly": 3.08,
            "eps_latest_yearly": 3.6,
            "eps_growth_yearly": 203.18
        },
        "20183": {
            "year_quarter": 20183,
            "year": 2018,
            "quarter": 3,
            "eps": 0.91,
            "eps_growth_year": 2.25,
            "eps_4q": 2.05,
            "eps_4q_growth_year": -34.92,
            "roe": 3.02,
            "roe_4q": 6.75,
            "gross_profit": 250359,
            "gross_margin": 29.59,
            "gross_margin_4q_avg": 26.73,
            "net_income": 74112,
            "net_income_4q": null,
            "revenue": 846135,
            "revenue_4q": null,
            "common_shares": 813994,
            "book_valuer_per_share": 30.05,
            "book_valuer_per_share_4q_avg": 30.06,
            "equity": 2455870,
            "current_ratio": 232.56,
            "debt_ratio": 38.6,
            "inventory_turnover_ratio": 0.99,
            "account_receivable_turnover_ratio": 0.81,
            "reinvestment_rate": 25.73,
            "research_to_sale_ratio": 1.21,
            "price_fair": 99.8,
            "eps_avg_yearly": 2.85,
            "eps_latest_yearly": 3.64,
            "eps_growth_yearly": 189.08
        },
        "20184": {
            "year_quarter": 20184,
            "year": 2018,
            "quarter": 4,
            "eps": 0.54,
            "eps_growth_year": 568.37,
            "eps_4q": 2.51,
            "eps_4q_growth_year": 21.63,
            "roe": 1.77,
            "roe_4q": 8.27,
            "gross_profit": 217293,
            "gross_margin": 28.75,
            "gross_margin_4q_avg": 27.39,
            "net_income": 43887,
            "net_income_4q": null,
            "revenue": 755726,
            "revenue_4q": null,
            "common_shares": 813994,
            "book_valuer_per_share": 30.8,
            "book_valuer_per_share_4q_avg": 30.31,
            "equity": 2506884,
            "current_ratio": 254.05,
            "debt_ratio": 36.95,
            "inventory_turnover_ratio": 0.93,
            "account_receivable_turnover_ratio": 0.72,
            "reinvestment_rate": 22.31,
            "research_to_sale_ratio": 1.44,
            "price_fair": 92.3,
            "eps_avg_yearly": 2.64,
            "eps_latest_yearly": 2.16,
            "eps_growth_yearly": 184.35
        },
        "20191": {
            "year_quarter": 20191,
            "year": 2019,
            "quarter": 1,
            "eps": 0.26,
            "eps_growth_year": 62.5,
            "eps_4q": 2.61,
            "eps_4q_growth_year": 37.5,
            "roe": 0.82,
            "roe_4q": 8.58,
            "gross_profit": 177451,
            "gross_margin": 25.92,
            "gross_margin_4q_avg": 27.44,
            "net_income": 20947,
            "net_income_4q": null,
            "revenue": 684712,
            "revenue_4q": null,
            "common_shares": 813994,
            "book_valuer_per_share": 31.74,
            "book_valuer_per_share_4q_avg": 30.66,
            "equity": 2583650,
            "current_ratio": 253.09,
            "debt_ratio": 38.25,
            "inventory_turnover_ratio": 0.9,
            "account_receivable_turnover_ratio": 0.69,
            "reinvestment_rate": 28.21,
            "research_to_sale_ratio": 2.44,
            "price_fair": 85.3,
            "eps_avg_yearly": 2.44,
            "eps_latest_yearly": 1.04,
            "eps_growth_yearly": 176.85
        },
        "20192": {
            "year_quarter": 20192,
            "year": 2019,
            "quarter": 2,
            "eps": 0.74,
            "eps_growth_year": -17.78,
            "eps_4q": 2.45,
            "eps_4q_growth_year": 20.33,
            "roe": 2.36,
            "roe_4q": 7.969999999999999,
            "gross_profit": 239760,
            "gross_margin": 28.61,
            "gross_margin_4q_avg": 28.22,
            "net_income": 60420,
            "net_income_4q": null,
            "revenue": 838155,
            "revenue_4q": null,
            "common_shares": 813994,
            "book_valuer_per_share": 31.09,
            "book_valuer_per_share_4q_avg": 30.92,
            "equity": 2530732,
            "current_ratio": 226.6,
            "debt_ratio": 41.42,
            "inventory_turnover_ratio": 1.07,
            "account_receivable_turnover_ratio": 0.83,
            "reinvestment_rate": 32.31,
            "research_to_sale_ratio": 1.94,
            "price_fair": 86,
            "eps_avg_yearly": 2.46,
            "eps_latest_yearly": 2.96,
            "eps_growth_yearly": 238.23
        },
        "20193": {
            "year_quarter": 20193,
            "year": 2019,
            "quarter": 3,
            "eps": 0.9,
            "eps_growth_year": -1.1,
            "eps_4q": 2.44,
            "eps_4q_growth_year": 19.16,
            "roe": 2.89,
            "roe_4q": 7.84,
            "gross_profit": 246577,
            "gross_margin": 29.83,
            "gross_margin_4q_avg": 28.28,
            "net_income": 73111,
            "net_income_4q": null,
            "revenue": 826499,
            "revenue_4q": null,
            "common_shares": 813994,
            "book_valuer_per_share": 30.95,
            "book_valuer_per_share_4q_avg": 31.15,
            "equity": 2531322,
            "current_ratio": 236.17,
            "debt_ratio": 39.91,
            "inventory_turnover_ratio": 1.08,
            "account_receivable_turnover_ratio": 0.76,
            "reinvestment_rate": 21.79,
            "research_to_sale_ratio": 2.08,
            "price_fair": 88.67,
            "eps_avg_yearly": 2.53,
            "eps_latest_yearly": 3.6,
            "eps_growth_yearly": 228.11
        },
        "20194": {
            "year_quarter": 20194,
            "year": 2019,
            "quarter": 4,
            "eps": 0.26,
            "eps_growth_year": -52.16,
            "eps_4q": 2.16,
            "eps_4q_growth_year": -14.1,
            "roe": 0.84,
            "roe_4q": 6.91,
            "gross_profit": 240842,
            "gross_margin": 30.7,
            "gross_margin_4q_avg": 28.77,
            "net_income": 21112,
            "net_income_4q": null,
            "revenue": 784485,
            "revenue_4q": null,
            "common_shares": 813994,
            "book_valuer_per_share": 30.9,
            "book_valuer_per_share_4q_avg": 31.17,
            "equity": 2524920,
            "current_ratio": 225.47,
            "debt_ratio": 41.44,
            "inventory_turnover_ratio": 1.03,
            "account_receivable_turnover_ratio": 0.74,
            "reinvestment_rate": 21.68,
            "research_to_sale_ratio": 2.42,
            "price_fair": 85.4,
            "eps_avg_yearly": 2.44,
            "eps_latest_yearly": 1.04,
            "eps_growth_yearly": 196.08
        },
        "20201": {
            "year_quarter": 20201,
            "year": 2020,
            "quarter": 1,
            "eps": 0.24,
            "eps_growth_year": -7.69,
            "eps_4q": 2.14,
            "eps_4q_growth_year": -17.91,
            "roe": 0.76,
            "roe_4q": 6.85,
            "gross_profit": 155990,
            "gross_margin": 26.17,
            "gross_margin_4q_avg": 28.83,
            "net_income": 19155,
            "net_income_4q": null,
            "revenue": 595961,
            "revenue_4q": null,
            "common_shares": 813994,
            "book_valuer_per_share": 30.79,
            "book_valuer_per_share_4q_avg": 30.93,
            "equity": 2516229,
            "current_ratio": 238.13,
            "debt_ratio": 40.21,
            "inventory_turnover_ratio": 0.82,
            "account_receivable_turnover_ratio": 0.63,
            "reinvestment_rate": 19.71,
            "research_to_sale_ratio": 2.57,
            "price_fair": 84.61,
            "eps_avg_yearly": 2.42,
            "eps_latest_yearly": 0.96,
            "eps_growth_yearly": 190.71
        },
        "20202": {
            "year_quarter": 20202,
            "year": 2020,
            "quarter": 2,
            "eps": 1.16,
            "eps_growth_year": 56.76,
            "eps_4q": 2.63,
            "eps_4q_growth_year": 7.35,
            "roe": 3.78,
            "roe_4q": 8.27,
            "gross_profit": 314500,
            "gross_margin": 36.29,
            "gross_margin_4q_avg": 30.75,
            "net_income": 93593,
            "net_income_4q": null,
            "revenue": 866636,
            "revenue_4q": null,
            "common_shares": 813994,
            "book_valuer_per_share": 30.82,
            "book_valuer_per_share_4q_avg": 30.87,
            "equity": 2442044,
            "current_ratio": 204.25,
            "debt_ratio": 44.42,
            "inventory_turnover_ratio": 0.99,
            "account_receivable_turnover_ratio": 0.91,
            "reinvestment_rate": 17.4,
            "research_to_sale_ratio": 3.36,
            "price_fair": 88.2,
            "eps_avg_yearly": 2.52,
            "eps_latest_yearly": 4.64,
            "eps_growth_yearly": 254.72
        },
        "20203": {
            "year_quarter": 20203,
            "year": 2020,
            "quarter": 3,
            "eps": 0.77,
            "eps_growth_year": -14.44,
            "eps_4q": 2.48,
            "eps_4q_growth_year": 1.48,
            "roe": 2.44,
            "roe_4q": 7.819999999999999,
            "gross_profit": 302265,
            "gross_margin": 36.59,
            "gross_margin_4q_avg": 32.44,
            "net_income": 60619,
            "net_income_4q": null,
            "revenue": 826051,
            "revenue_4q": null,
            "common_shares": 789534,
            "book_valuer_per_share": 31.98,
            "book_valuer_per_share_4q_avg": 31.12,
            "equity": 2533076,
            "current_ratio": 223.51,
            "debt_ratio": 41.46,
            "inventory_turnover_ratio": 0.86,
            "account_receivable_turnover_ratio": 0.8,
            "reinvestment_rate": 26.85,
            "research_to_sale_ratio": 3.7,
            "price_fair": 88.03,
            "eps_avg_yearly": 2.52,
            "eps_latest_yearly": 3.08,
            "eps_growth_yearly": 244.98
        },
        "20204": {
            "year_quarter": 20204,
            "year": 2020,
            "quarter": 4,
            "eps": 0.52,
            "eps_growth_year": 101.38,
            "eps_4q": 2.73,
            "eps_4q_growth_year": 26.69,
            "roe": 1.59,
            "roe_4q": 8.57,
            "gross_profit": 257769,
            "gross_margin": 30.47,
            "gross_margin_4q_avg": 32.38,
            "net_income": 40973,
            "net_income_4q": null,
            "revenue": 846064,
            "revenue_4q": null,
            "common_shares": 789534,
            "book_valuer_per_share": 33.17,
            "book_valuer_per_share_4q_avg": 31.69,
            "equity": 2626647,
            "current_ratio": 229.48,
            "debt_ratio": 42.01,
            "inventory_turnover_ratio": 0.9,
            "account_receivable_turnover_ratio": 0.79,
            "reinvestment_rate": 30.49,
            "research_to_sale_ratio": 3.38,
            "price_fair": 82.43,
            "eps_avg_yearly": 2.36,
            "eps_latest_yearly": 2.08,
            "eps_growth_yearly": 225.16
        },
        "20211": {
            "year_quarter": 20211,
            "year": 2021,
            "quarter": 1,
            "eps": 0.9,
            "eps_growth_year": 275,
            "eps_4q": 3.38,
            "eps_4q_growth_year": 58.2,
            "roe": 2.65,
            "roe_4q": 10.459999999999999,
            "gross_profit": 278602,
            "gross_margin": 31.42,
            "gross_margin_4q_avg": 33.69,
            "net_income": 70352,
            "net_income_4q": null,
            "revenue": 886795,
            "revenue_4q": null,
            "common_shares": 789534,
            "book_valuer_per_share": 33.83,
            "book_valuer_per_share_4q_avg": 32.45,
            "equity": 2677621,
            "current_ratio": 222.92,
            "debt_ratio": 42.8,
            "inventory_turnover_ratio": 0.83,
            "account_receivable_turnover_ratio": 0.77,
            "reinvestment_rate": 30.05,
            "research_to_sale_ratio": 2.49,
            "price_fair": 87.41,
            "eps_avg_yearly": 2.5,
            "eps_latest_yearly": 3.6,
            "eps_growth_yearly": 261.31
        },
        "20212": {
            "year_quarter": 20212,
            "year": 2021,
            "quarter": 2,
            "eps": 1.13,
            "eps_growth_year": -2.59,
            "eps_4q": 3.33,
            "eps_4q_growth_year": 26.69,
            "roe": 3.29,
            "roe_4q": 9.969999999999999,
            "gross_profit": 300435,
            "gross_margin": 30,
            "gross_margin_4q_avg": 32.12,
            "net_income": 89308,
            "net_income_4q": null,
            "revenue": 1001504,
            "revenue_4q": null,
            "common_shares": 789534,
            "book_valuer_per_share": 34.67,
            "book_valuer_per_share_4q_avg": 33.41,
            "equity": 2743877,
            "current_ratio": 217.5,
            "debt_ratio": 44.43,
            "inventory_turnover_ratio": 0.85,
            "account_receivable_turnover_ratio": 0.81,
            "reinvestment_rate": 31.62,
            "research_to_sale_ratio": 2.23,
            "price_fair": 90.65,
            "eps_avg_yearly": 2.59,
            "eps_latest_yearly": 4.52,
            "eps_growth_yearly": 235.13
        },
        "20213": {
            "year_quarter": 20213,
            "year": 2021,
            "quarter": 3,
            "eps": 1.32,
            "eps_growth_year": 71.43,
            "eps_4q": 3.87,
            "eps_4q_growth_year": 56.29,
            "roe": 3.77,
            "roe_4q": 11.3,
            "gross_profit": 347228,
            "gross_margin": 29.86,
            "gross_margin_4q_avg": 30.44,
            "net_income": 103207,
            "net_income_4q": null,
            "revenue": 1162819,
            "revenue_4q": null,
            "common_shares": 789534,
            "book_valuer_per_share": 34.52,
            "book_valuer_per_share_4q_avg": 34.05,
            "equity": 2730684,
            "current_ratio": 206.83,
            "debt_ratio": 45.76,
            "inventory_turnover_ratio": 0.97,
            "account_receivable_turnover_ratio": 0.84,
            "reinvestment_rate": 28.15,
            "research_to_sale_ratio": 1.84,
            "price_fair": 94.41,
            "eps_avg_yearly": 2.7,
            "eps_latest_yearly": 5.28,
            "eps_growth_yearly": 235.05
        },
        "20214": {
            "year_quarter": 20214,
            "year": 2021,
            "quarter": 4,
            "eps": 0.94,
            "eps_growth_year": 79.19,
            "eps_4q": 4.29,
            "eps_4q_growth_year": 56.85,
            "roe": 2.63,
            "roe_4q": 12.340000000000002,
            "gross_profit": 321045,
            "gross_margin": 28.97,
            "gross_margin_4q_avg": 30.06,
            "net_income": 73455,
            "net_income_4q": null,
            "revenue": 1108275,
            "revenue_4q": null,
            "common_shares": 789534,
            "book_valuer_per_share": 36.2,
            "book_valuer_per_share_4q_avg": 34.81,
            "equity": 2861933,
            "current_ratio": 270.3,
            "debt_ratio": 44.52,
            "inventory_turnover_ratio": 0.96,
            "account_receivable_turnover_ratio": 0.76,
            "reinvestment_rate": 23.66,
            "research_to_sale_ratio": 2.14,
            "price_fair": 101.94,
            "eps_avg_yearly": 2.91,
            "eps_latest_yearly": 3.76,
            "eps_growth_yearly": 250.61
        },
        "20221": {
            "year_quarter": 20221,
            "year": 2022,
            "quarter": 1,
            "eps": 1.09,
            "eps_growth_year": 21.11,
            "eps_4q": 4.48,
            "eps_4q_growth_year": 32.33,
            "roe": 2.88,
            "roe_4q": 12.57,
            "gross_profit": 281820,
            "gross_margin": 28.21,
            "gross_margin_4q_avg": 29.26,
            "net_income": 85194,
            "net_income_4q": null,
            "revenue": 999125,
            "revenue_4q": null,
            "common_shares": 789534,
            "book_valuer_per_share": 38.6,
            "book_valuer_per_share_4q_avg": 36,
            "equity": 3050897,
            "current_ratio": 284.23,
            "debt_ratio": 42.65,
            "inventory_turnover_ratio": 0.87,
            "account_receivable_turnover_ratio": 0.71,
            "reinvestment_rate": 18.33,
            "research_to_sale_ratio": 2.57,
            "price_fair": 110.08,
            "eps_avg_yearly": 3.15,
            "eps_latest_yearly": 4.36,
            "eps_growth_yearly": 229.6
        },
        "20222": {
            "year_quarter": 20222,
            "year": 2022,
            "quarter": 2,
            "eps": 1.57,
            "eps_growth_year": 38.94,
            "eps_4q": 4.91,
            "eps_4q_growth_year": 47.49,
            "roe": 4.08,
            "roe_4q": 13.36,
            "gross_profit": 328088,
            "gross_margin": 30.95,
            "gross_margin_4q_avg": 29.5,
            "net_income": 122714,
            "net_income_4q": null,
            "revenue": 1060144,
            "revenue_4q": null,
            "common_shares": 789534,
            "book_valuer_per_share": 37.55,
            "book_valuer_per_share_4q_avg": 36.72,
            "equity": 2966132,
            "current_ratio": 255.24,
            "debt_ratio": 45.37,
            "inventory_turnover_ratio": 0.94,
            "account_receivable_turnover_ratio": 0.77,
            "reinvestment_rate": 15.49,
            "research_to_sale_ratio": 2.72,
            "price_fair": 115.94,
            "eps_avg_yearly": 3.31,
            "eps_latest_yearly": 6.28,
            "eps_growth_yearly": 124.98
        },
        "20223": {
            "year_quarter": 20223,
            "year": 2022,
            "quarter": 3,
            "eps": 1.32,
            "eps_growth_year": 0,
            "eps_4q": 4.91,
            "eps_4q_growth_year": 26.89,
            "roe": 3.41,
            "roe_4q": 13,
            "gross_profit": 258635,
            "gross_margin": 28.18,
            "gross_margin_4q_avg": 29.08,
            "net_income": 103202,
            "net_income_4q": null,
            "revenue": 917871,
            "revenue_4q": null,
            "common_shares": 789534,
            "book_valuer_per_share": 39.18,
            "book_valuer_per_share_4q_avg": 37.88,
            "equity": 3094034,
            "current_ratio": 302.21,
            "debt_ratio": 41.01,
            "inventory_turnover_ratio": 0.96,
            "account_receivable_turnover_ratio": 0.7,
            "reinvestment_rate": 16.28,
            "research_to_sale_ratio": 3.42,
            "price_fair": 119.53,
            "eps_avg_yearly": 3.42,
            "eps_latest_yearly": 5.28,
            "eps_growth_yearly": 120.72
        },
        "20224": {
            "year_quarter": 20224,
            "year": 2022,
            "quarter": 4,
            "eps": 0.22,
            "eps_growth_year": -76.18,
            "eps_4q": 4.2,
            "eps_4q_growth_year": -2.1,
            "roe": 0.55,
            "roe_4q": 10.919999999999998,
            "gross_profit": 237882,
            "gross_margin": 31.72,
            "gross_margin_4q_avg": 29.77,
            "net_income": 16972,
            "net_income_4q": null,
            "revenue": 749874,
            "revenue_4q": null,
            "common_shares": 789534,
            "book_valuer_per_share": 38.82,
            "book_valuer_per_share_4q_avg": 38.54,
            "equity": 3065351,
            "current_ratio": 353.01,
            "debt_ratio": 40.16,
            "inventory_turnover_ratio": 0.86,
            "account_receivable_turnover_ratio": 0.67,
            "reinvestment_rate": 13.36,
            "research_to_sale_ratio": 3.98,
            "price_fair": 116.73,
            "eps_avg_yearly": 3.34,
            "eps_latest_yearly": 0.88,
            "eps_growth_yearly": 110.06
        },
        "20231": {
            "year_quarter": 20231,
            "year": 2023,
            "quarter": 1,
            "eps": 0.36,
            "eps_growth_year": -66.97,
            "eps_4q": 3.47,
            "eps_4q_growth_year": -22.54,
            "roe": 0.92,
            "roe_4q": 8.96,
            "gross_profit": 225022,
            "gross_margin": 33.68,
            "gross_margin_4q_avg": 31.13,
            "net_income": 27778,
            "net_income_4q": null,
            "revenue": 668187,
            "revenue_4q": null,
            "common_shares": 789534,
            "book_valuer_per_share": 37.4,
            "book_valuer_per_share_4q_avg": 38.24,
            "equity": 2952199,
            "current_ratio": 319.85,
            "debt_ratio": 42.2,
            "inventory_turnover_ratio": 0.81,
            "account_receivable_turnover_ratio": 0.72,
            "reinvestment_rate": 10.47,
            "research_to_sale_ratio": 5.2,
            "price_fair": 117.6,
            "eps_avg_yearly": 3.36,
            "eps_latest_yearly": 1.44,
            "eps_growth_yearly": 138.93
        },
        "20232": {
            "year_quarter": 20232,
            "year": 2023,
            "quarter": 2,
            "eps": 0.84,
            "eps_growth_year": -46.5,
            "eps_4q": 2.74,
            "eps_4q_growth_year": -44.26,
            "roe": 2.22,
            "roe_4q": 7.1000000000000005,
            "gross_profit": 233690,
            "gross_margin": 30.82,
            "gross_margin_4q_avg": 31.1,
            "net_income": 65174,
            "net_income_4q": null,
            "revenue": 758308,
            "revenue_4q": null,
            "common_shares": 789534,
            "book_valuer_per_share": 36.93,
            "book_valuer_per_share_4q_avg": 38.08,
            "equity": 2914072,
            "current_ratio": 330.85,
            "debt_ratio": 41.71,
            "inventory_turnover_ratio": 1.08,
            "account_receivable_turnover_ratio": 0.84,
            "reinvestment_rate": 4.43,
            "research_to_sale_ratio": 4.18,
            "price_fair": 118.48,
            "eps_avg_yearly": 3.39,
            "eps_latest_yearly": 3.36,
            "eps_growth_yearly": 126.11
        },
        "20233": {
            "year_quarter": 20233,
            "year": 2023,
            "quarter": 3,
            "eps": 1.4,
            "eps_growth_year": 6.06,
            "eps_4q": 2.82,
            "eps_4q_growth_year": -42.53,
            "roe": 3.64,
            "roe_4q": 7.33,
            "gross_profit": 301109,
            "gross_margin": 36.66,
            "gross_margin_4q_avg": 33.22,
            "net_income": 109857,
            "net_income_4q": null,
            "revenue": 821298,
            "revenue_4q": null,
            "common_shares": 789561,
            "book_valuer_per_share": 39.62,
            "book_valuer_per_share_4q_avg": 38.19,
            "equity": 3125724,
            "current_ratio": 362.08,
            "debt_ratio": 39.25,
            "inventory_turnover_ratio": 1.2,
            "account_receivable_turnover_ratio": 0.83,
            "reinvestment_rate": 3.09,
            "research_to_sale_ratio": 4.02,
            "price_fair": 122.85,
            "eps_avg_yearly": 3.51,
            "eps_latest_yearly": 5.6,
            "eps_growth_yearly": 137.37
        }
    },
    "months": {
        "2003-10": {
            "month": "2003-10",
            "price": "32.07",
            "revenue": 51810
        },
        "2003-11": {
            "month": "2003-11",
            "price": "31.44",
            "revenue": 45902
        },
        "2003-12": {
            "month": "2003-12",
            "price": "37.11",
            "revenue": 52583
        },
        "2004-01": {
            "month": "2004-01",
            "price": "42.13",
            "revenue": 43422
        },
        "2004-02": {
            "month": "2004-02",
            "price": "49.32",
            "revenue": 47614
        },
        "2004-03": {
            "month": "2004-03",
            "price": "46.10",
            "revenue": 56758
        },
        "2004-04": {
            "month": "2004-04",
            "price": "45.29",
            "revenue": 57259
        },
        "2004-05": {
            "month": "2004-05",
            "price": "40.62",
            "revenue": 56394
        },
        "2004-06": {
            "month": "2004-06",
            "price": "39.21",
            "revenue": 49950
        },
        "2004-07": {
            "month": "2004-07",
            "price": "35.05",
            "revenue": 50502
        },
        "2004-08": {
            "month": "2004-08",
            "price": "28.01",
            "revenue": 50676
        },
        "2004-09": {
            "month": "2004-09",
            "price": "30.14",
            "revenue": 51178
        },
        "2004-10": {
            "month": "2004-10",
            "price": "29.37",
            "revenue": 51228
        },
        "2004-11": {
            "month": "2004-11",
            "price": "27.80",
            "revenue": 45703
        },
        "2004-12": {
            "month": "2004-12",
            "price": "26.19",
            "revenue": 45040
        },
        "2005-01": {
            "month": "2005-01",
            "price": "24.94",
            "revenue": 52956
        },
        "2005-02": {
            "month": "2005-02",
            "price": "27.13",
            "revenue": 38124
        },
        "2005-03": {
            "month": "2005-03",
            "price": "29.97",
            "revenue": 54137
        },
        "2005-04": {
            "month": "2005-04",
            "price": "26.81",
            "revenue": 56693
        },
        "2005-05": {
            "month": "2005-05",
            "price": "23.75",
            "revenue": 53339
        },
        "2005-06": {
            "month": "2005-06",
            "price": "25.04",
            "revenue": 49440
        },
        "2005-07": {
            "month": "2005-07",
            "price": "25.58",
            "revenue": 68877
        },
        "2005-08": {
            "month": "2005-08",
            "price": "21.88",
            "revenue": 69246
        },
        "2005-09": {
            "month": "2005-09",
            "price": "25.54",
            "revenue": 71531
        },
        "2005-10": {
            "month": "2005-10",
            "price": "36.50",
            "revenue": 71220
        },
        "2005-11": {
            "month": "2005-11",
            "price": "47.15",
            "revenue": 64550
        },
        "2005-12": {
            "month": "2005-12",
            "price": "57.03",
            "revenue": 62195
        },
        "2006-01": {
            "month": "2006-01",
            "price": "61.87",
            "revenue": 66430
        },
        "2006-02": {
            "month": "2006-02",
            "price": "62.11",
            "revenue": 58057
        },
        "2006-03": {
            "month": "2006-03",
            "price": "64.15",
            "revenue": 83225
        },
        "2006-04": {
            "month": "2006-04",
            "price": "62.56",
            "revenue": 79346
        },
        "2006-05": {
            "month": "2006-05",
            "price": "56.42",
            "revenue": 70705
        },
        "2006-06": {
            "month": "2006-06",
            "price": "41.36",
            "revenue": 77071
        },
        "2006-07": {
            "month": "2006-07",
            "price": "46.88",
            "revenue": 83421
        },
        "2006-08": {
            "month": "2006-08",
            "price": "58.89",
            "revenue": 84165
        },
        "2006-09": {
            "month": "2006-09",
            "price": "58.93",
            "revenue": 87180
        },
        "2006-10": {
            "month": "2006-10",
            "price": "51.67",
            "revenue": 68359
        },
        "2006-11": {
            "month": "2006-11",
            "price": "46.33",
            "revenue": 80826
        },
        "2006-12": {
            "month": "2006-12",
            "price": "51.68",
            "revenue": 64176
        },
        "2007-01": {
            "month": "2007-01",
            "price": "53.53",
            "revenue": 98317
        },
        "2007-02": {
            "month": "2007-02",
            "price": "53.42",
            "revenue": 71595
        },
        "2007-03": {
            "month": "2007-03",
            "price": "57.65",
            "revenue": 109586
        },
        "2007-04": {
            "month": "2007-04",
            "price": "65.38",
            "revenue": 105740
        },
        "2007-05": {
            "month": "2007-05",
            "price": "60.10",
            "revenue": 108209
        },
        "2007-06": {
            "month": "2007-06",
            "price": "63.07",
            "revenue": 118583
        },
        "2007-07": {
            "month": "2007-07",
            "price": "68.90",
            "revenue": 135660
        },
        "2007-08": {
            "month": "2007-08",
            "price": "60.35",
            "revenue": 144549
        },
        "2007-09": {
            "month": "2007-09",
            "price": "63.75",
            "revenue": 141237
        },
        "2007-10": {
            "month": "2007-10",
            "price": "67.45",
            "revenue": 123763
        },
        "2007-11": {
            "month": "2007-11",
            "price": "58.22",
            "revenue": 127242
        },
        "2007-12": {
            "month": "2007-12",
            "price": "51.05",
            "revenue": 109939
        },
        "2008-01": {
            "month": "2008-01",
            "price": "45.36",
            "revenue": 134273
        },
        "2008-02": {
            "month": "2008-02",
            "price": "43.98",
            "revenue": 97572
        },
        "2008-03": {
            "month": "2008-03",
            "price": "49.64",
            "revenue": 144924
        },
        "2008-04": {
            "month": "2008-04",
            "price": "52.06",
            "revenue": 149995
        },
        "2008-05": {
            "month": "2008-05",
            "price": "55.81",
            "revenue": 138398
        },
        "2008-06": {
            "month": "2008-06",
            "price": "50.64",
            "revenue": 114586
        },
        "2008-07": {
            "month": "2008-07",
            "price": "38.80",
            "revenue": 145812
        },
        "2008-08": {
            "month": "2008-08",
            "price": "40.85",
            "revenue": 132192
        },
        "2008-09": {
            "month": "2008-09",
            "price": "36.82",
            "revenue": 136786
        },
        "2008-10": {
            "month": "2008-10",
            "price": "28.13",
            "revenue": 116726
        },
        "2008-11": {
            "month": "2008-11",
            "price": "19.23",
            "revenue": 80036
        },
        "2008-12": {
            "month": "2008-12",
            "price": "17.41",
            "revenue": 60084
        },
        "2009-01": {
            "month": "2009-01",
            "price": "25.41",
            "revenue": 60471
        },
        "2009-02": {
            "month": "2009-02",
            "price": "24.80",
            "revenue": 90845
        },
        "2009-03": {
            "month": "2009-03",
            "price": "26.28",
            "revenue": 122098
        },
        "2009-04": {
            "month": "2009-04",
            "price": "29.97",
            "revenue": 118539
        },
        "2009-05": {
            "month": "2009-05",
            "price": "31.35",
            "revenue": 101267
        },
        "2009-06": {
            "month": "2009-06",
            "price": "26.72",
            "revenue": 119368
        },
        "2009-07": {
            "month": "2009-07",
            "price": "29.45",
            "revenue": 140558
        },
        "2009-08": {
            "month": "2009-08",
            "price": "30.53",
            "revenue": 135246
        },
        "2009-09": {
            "month": "2009-09",
            "price": "36.30",
            "revenue": 152887
        },
        "2009-10": {
            "month": "2009-10",
            "price": "36.87",
            "revenue": 131539
        },
        "2009-11": {
            "month": "2009-11",
            "price": "34.49",
            "revenue": 148048
        },
        "2009-12": {
            "month": "2009-12",
            "price": "38.87",
            "revenue": 157055
        },
        "2010-01": {
            "month": "2010-01",
            "price": "41.17",
            "revenue": 169840
        },
        "2010-02": {
            "month": "2010-02",
            "price": "40.51",
            "revenue": 122432
        },
        "2010-03": {
            "month": "2010-03",
            "price": "43.36",
            "revenue": 186365
        },
        "2010-04": {
            "month": "2010-04",
            "price": "47.96",
            "revenue": 207971
        },
        "2010-05": {
            "month": "2010-05",
            "price": "47.43",
            "revenue": 192400
        },
        "2010-06": {
            "month": "2010-06",
            "price": "44.89",
            "revenue": 182040
        },
        "2010-07": {
            "month": "2010-07",
            "price": "47.74",
            "revenue": 213538
        },
        "2010-08": {
            "month": "2010-08",
            "price": "47.08",
            "revenue": 200167
        },
        "2010-09": {
            "month": "2010-09",
            "price": "43.26",
            "revenue": 190240
        },
        "2010-10": {
            "month": "2010-10",
            "price": "42.62",
            "revenue": 146038
        },
        "2010-11": {
            "month": "2010-11",
            "price": "41.79",
            "revenue": 173615
        },
        "2010-12": {
            "month": "2010-12",
            "price": "45.57",
            "revenue": 169337
        },
        "2011-01": {
            "month": "2011-01",
            "price": "43.80",
            "revenue": 185592
        },
        "2011-02": {
            "month": "2011-02",
            "price": "43.65",
            "revenue": 115624
        },
        "2011-03": {
            "month": "2011-03",
            "price": "42.94",
            "revenue": 220568
        },
        "2011-04": {
            "month": "2011-04",
            "price": "44.53",
            "revenue": 201562
        },
        "2011-05": {
            "month": "2011-05",
            "price": "47.09",
            "revenue": 194246
        },
        "2011-06": {
            "month": "2011-06",
            "price": "45.97",
            "revenue": 184329
        },
        "2011-07": {
            "month": "2011-07",
            "price": "45.04",
            "revenue": 203330
        },
        "2011-08": {
            "month": "2011-08",
            "price": "35.12",
            "revenue": 209437
        },
        "2011-09": {
            "month": "2011-09",
            "price": "35.48",
            "revenue": 191636
        },
        "2011-10": {
            "month": "2011-10",
            "price": "35.99",
            "revenue": 162568
        },
        "2011-11": {
            "month": "2011-11",
            "price": "35.86",
            "revenue": 191689
        },
        "2011-12": {
            "month": "2011-12",
            "price": "33.64",
            "revenue": 182885
        },
        "2012-01": {
            "month": "2012-01",
            "price": "34.96",
            "revenue": 147016
        },
        "2012-02": {
            "month": "2012-02",
            "price": "41.83",
            "revenue": 183894
        },
        "2012-03": {
            "month": "2012-03",
            "price": "44.19",
            "revenue": 248959
        },
        "2012-04": {
            "month": "2012-04",
            "price": "42.66",
            "revenue": 199680
        },
        "2012-05": {
            "month": "2012-05",
            "price": "42.94",
            "revenue": 233396
        },
        "2012-06": {
            "month": "2012-06",
            "price": "40.90",
            "revenue": 185810
        },
        "2012-07": {
            "month": "2012-07",
            "price": "42.02",
            "revenue": 207321
        },
        "2012-08": {
            "month": "2012-08",
            "price": "42.17",
            "revenue": 224533
        },
        "2012-09": {
            "month": "2012-09",
            "price": "43.88",
            "revenue": 210105
        },
        "2012-10": {
            "month": "2012-10",
            "price": "42.09",
            "revenue": 175446
        },
        "2012-11": {
            "month": "2012-11",
            "price": "41.23",
            "revenue": 173501
        },
        "2012-12": {
            "month": "2012-12",
            "price": "41.35",
            "revenue": 146514
        },
        "2013-01": {
            "month": "2013-01",
            "price": "40.60",
            "revenue": 193266
        },
        "2013-02": {
            "month": "2013-02",
            "price": "41.48",
            "revenue": 117151
        },
        "2013-03": {
            "month": "2013-03",
            "price": "42.22",
            "revenue": 204078
        },
        "2013-04": {
            "month": "2013-04",
            "price": "40.70",
            "revenue": 223975
        },
        "2013-05": {
            "month": "2013-05",
            "price": "40.12",
            "revenue": 220788
        },
        "2013-06": {
            "month": "2013-06",
            "price": "38.04",
            "revenue": 199602
        },
        "2013-07": {
            "month": "2013-07",
            "price": "37.98",
            "revenue": 235530
        },
        "2013-08": {
            "month": "2013-08",
            "price": "37.73",
            "revenue": 229910
        },
        "2013-09": {
            "month": "2013-09",
            "price": "35.19",
            "revenue": 234312
        },
        "2013-10": {
            "month": "2013-10",
            "price": "34.66",
            "revenue": 226157
        },
        "2013-11": {
            "month": "2013-11",
            "price": "34.69",
            "revenue": 219631
        },
        "2013-12": {
            "month": "2013-12",
            "price": "36.52",
            "revenue": 217724
        },
        "2014-01": {
            "month": "2014-01",
            "price": "37.79",
            "revenue": 215511
        },
        "2014-02": {
            "month": "2014-02",
            "price": "38.98",
            "revenue": 152748
        },
        "2014-03": {
            "month": "2014-03",
            "price": "41.06",
            "revenue": 238523
        },
        "2014-04": {
            "month": "2014-04",
            "price": "43.17",
            "revenue": 242079
        },
        "2014-05": {
            "month": "2014-05",
            "price": "44.20",
            "revenue": 265115
        },
        "2014-06": {
            "month": "2014-06",
            "price": "48.89",
            "revenue": 267200
        },
        "2014-07": {
            "month": "2014-07",
            "price": "51.78",
            "revenue": 283039
        },
        "2014-08": {
            "month": "2014-08",
            "price": "50.66",
            "revenue": 339389
        },
        "2014-09": {
            "month": "2014-09",
            "price": "55.56",
            "revenue": 266698
        },
        "2014-10": {
            "month": "2014-10",
            "price": "51.20",
            "revenue": 272096
        },
        "2014-11": {
            "month": "2014-11",
            "price": "50.92",
            "revenue": 312807
        },
        "2014-12": {
            "month": "2014-12",
            "price": "54.25",
            "revenue": 231196
        },
        "2015-01": {
            "month": "2015-01",
            "price": "53.66",
            "revenue": 305003
        },
        "2015-02": {
            "month": "2015-02",
            "price": "52.87",
            "revenue": 163887
        },
        "2015-03": {
            "month": "2015-03",
            "price": "55.20",
            "revenue": 217883
        },
        "2015-04": {
            "month": "2015-04",
            "price": "52.80",
            "revenue": 230026
        },
        "2015-05": {
            "month": "2015-05",
            "price": "47.14",
            "revenue": 211273
        },
        "2015-06": {
            "month": "2015-06",
            "price": "43.87",
            "revenue": 202900
        },
        "2015-07": {
            "month": "2015-07",
            "price": "37.60",
            "revenue": 195023
        },
        "2015-08": {
            "month": "2015-08",
            "price": "28.99",
            "revenue": 216596
        },
        "2015-09": {
            "month": "2015-09",
            "price": "28.49",
            "revenue": 230081
        },
        "2015-10": {
            "month": "2015-10",
            "price": "27.98",
            "revenue": 191668
        },
        "2015-11": {
            "month": "2015-11",
            "price": "26.01",
            "revenue": 214435
        },
        "2015-12": {
            "month": "2015-12",
            "price": "24.47",
            "revenue": 206986
        },
        "2016-01": {
            "month": "2016-01",
            "price": "22.79",
            "revenue": 231191
        },
        "2016-02": {
            "month": "2016-02",
            "price": "24.58",
            "revenue": 132510
        },
        "2016-03": {
            "month": "2016-03",
            "price": "27.50",
            "revenue": 236021
        },
        "2016-04": {
            "month": "2016-04",
            "price": "26.91",
            "revenue": 205367
        },
        "2016-05": {
            "month": "2016-05",
            "price": "24.21",
            "revenue": 211861
        },
        "2016-06": {
            "month": "2016-06",
            "price": "23.63",
            "revenue": 215618
        },
        "2016-07": {
            "month": "2016-07",
            "price": "24.65",
            "revenue": 224455
        },
        "2016-08": {
            "month": "2016-08",
            "price": "27.10",
            "revenue": 234752
        },
        "2016-09": {
            "month": "2016-09",
            "price": "28.90",
            "revenue": 240389
        },
        "2016-10": {
            "month": "2016-10",
            "price": "26.99",
            "revenue": 197624
        },
        "2016-11": {
            "month": "2016-11",
            "price": "26.40",
            "revenue": 223111
        },
        "2016-12": {
            "month": "2016-12",
            "price": "27.55",
            "revenue": 235768
        },
        "2017-01": {
            "month": "2017-01",
            "price": "28.22",
            "revenue": 199004
        },
        "2017-02": {
            "month": "2017-02",
            "price": "31.12",
            "revenue": 171031
        },
        "2017-03": {
            "month": "2017-03",
            "price": "33.54",
            "revenue": 249490
        },
        "2017-04": {
            "month": "2017-04",
            "price": "32.84",
            "revenue": 238319
        },
        "2017-05": {
            "month": "2017-05",
            "price": "32.81",
            "revenue": 212289
        },
        "2017-06": {
            "month": "2017-06",
            "price": "32.41",
            "revenue": 226891
        },
        "2017-07": {
            "month": "2017-07",
            "price": "32.26",
            "revenue": 242506
        },
        "2017-08": {
            "month": "2017-08",
            "price": "30.48",
            "revenue": 249931
        },
        "2017-09": {
            "month": "2017-09",
            "price": "31.51",
            "revenue": 260467
        },
        "2017-10": {
            "month": "2017-10",
            "price": "32.45",
            "revenue": 203840
        },
        "2017-11": {
            "month": "2017-11",
            "price": "33.03",
            "revenue": 213628
        },
        "2017-12": {
            "month": "2017-12",
            "price": "31.35",
            "revenue": 245135
        },
        "2018-01": {
            "month": "2018-01",
            "price": "31.25",
            "revenue": 271478
        },
        "2018-02": {
            "month": "2018-02",
            "price": "30.49",
            "revenue": 152435
        },
        "2018-03": {
            "month": "2018-03",
            "price": "30.85",
            "revenue": 266720
        },
        "2018-04": {
            "month": "2018-04",
            "price": "27.99",
            "revenue": 239149
        },
        "2018-05": {
            "month": "2018-05",
            "price": "25.73",
            "revenue": 304071
        },
        "2018-06": {
            "month": "2018-06",
            "price": "26.36",
            "revenue": 274836
        },
        "2018-07": {
            "month": "2018-07",
            "price": "25.50",
            "revenue": 280645
        },
        "2018-08": {
            "month": "2018-08",
            "price": "25.61",
            "revenue": 285112
        },
        "2018-09": {
            "month": "2018-09",
            "price": "25.82",
            "revenue": 280155
        },
        "2018-10": {
            "month": "2018-10",
            "price": "23.54",
            "revenue": 239816
        },
        "2018-11": {
            "month": "2018-11",
            "price": "23.63",
            "revenue": 255654
        },
        "2018-12": {
            "month": "2018-12",
            "price": "24.65",
            "revenue": 260238
        },
        "2019-01": {
            "month": "2019-01",
            "price": "24.49",
            "revenue": 274373
        },
        "2019-02": {
            "month": "2019-02",
            "price": "25.75",
            "revenue": 140418
        },
        "2019-03": {
            "month": "2019-03",
            "price": "25.98",
            "revenue": 269921
        },
        "2019-04": {
            "month": "2019-04",
            "price": "25.68",
            "revenue": 279893
        },
        "2019-05": {
            "month": "2019-05",
            "price": "24.48",
            "revenue": 282381
        },
        "2019-06": {
            "month": "2019-06",
            "price": "24.16",
            "revenue": 275885
        },
        "2019-07": {
            "month": "2019-07",
            "price": "24.51",
            "revenue": 271788
        },
        "2019-08": {
            "month": "2019-08",
            "price": "23.34",
            "revenue": 280230
        },
        "2019-09": {
            "month": "2019-09",
            "price": "24.43",
            "revenue": 273956
        },
        "2019-10": {
            "month": "2019-10",
            "price": "25.65",
            "revenue": 251099
        },
        "2019-11": {
            "month": "2019-11",
            "price": "25.93",
            "revenue": 279995
        },
        "2019-12": {
            "month": "2019-12",
            "price": "26.70",
            "revenue": 253423
        },
        "2020-01": {
            "month": "2020-01",
            "price": "26.01",
            "revenue": 171928
        },
        "2020-02": {
            "month": "2020-02",
            "price": "24.09",
            "revenue": 139131
        },
        "2020-03": {
            "month": "2020-03",
            "price": "20.55",
            "revenue": 284889
        },
        "2020-04": {
            "month": "2020-04",
            "price": "21.31",
            "revenue": 325354
        },
        "2020-05": {
            "month": "2020-05",
            "price": "24.49",
            "revenue": 293544
        },
        "2020-06": {
            "month": "2020-06",
            "price": "26.94",
            "revenue": 247737
        },
        "2020-07": {
            "month": "2020-07",
            "price": "31.16",
            "revenue": 290488
        },
        "2020-08": {
            "month": "2020-08",
            "price": "31.95",
            "revenue": 255858
        },
        "2020-09": {
            "month": "2020-09",
            "price": "33.43",
            "revenue": 279707
        },
        "2020-10": {
            "month": "2020-10",
            "price": "30.63",
            "revenue": 256140
        },
        "2020-11": {
            "month": "2020-11",
            "price": "30.74",
            "revenue": 289059
        },
        "2020-12": {
            "month": "2020-12",
            "price": "34.23",
            "revenue": 300863
        },
        "2021-01": {
            "month": "2021-01",
            "price": "34.61",
            "revenue": 343719
        },
        "2021-02": {
            "month": "2021-02",
            "price": "35.38",
            "revenue": 219154
        },
        "2021-03": {
            "month": "2021-03",
            "price": "38.95",
            "revenue": 323922
        },
        "2021-04": {
            "month": "2021-04",
            "price": "42.27",
            "revenue": 331236
        },
        "2021-05": {
            "month": "2021-05",
            "price": "38.99",
            "revenue": 324244
        },
        "2021-06": {
            "month": "2021-06",
            "price": "42.18",
            "revenue": 345985
        },
        "2021-07": {
            "month": "2021-07",
            "price": "45.96",
            "revenue": 403536
        },
        "2021-08": {
            "month": "2021-08",
            "price": "44.48",
            "revenue": 389104
        },
        "2021-09": {
            "month": "2021-09",
            "price": "40.97",
            "revenue": 370179
        },
        "2021-10": {
            "month": "2021-10",
            "price": "41.84",
            "revenue": 345954
        },
        "2021-11": {
            "month": "2021-11",
            "price": "49.31",
            "revenue": 382865
        },
        "2021-12": {
            "month": "2021-12",
            "price": "49.47",
            "revenue": 379455
        },
        "2022-01": {
            "month": "2022-01",
            "price": "48.90",
            "revenue": 405443
        },
        "2022-02": {
            "month": "2022-02",
            "price": "48.38",
            "revenue": 255636
        },
        "2022-03": {
            "month": "2022-03",
            "price": "46.70",
            "revenue": 338047
        },
        "2022-04": {
            "month": "2022-04",
            "price": "42.43",
            "revenue": 366605
        },
        "2022-05": {
            "month": "2022-05",
            "price": "39.16",
            "revenue": 360176
        },
        "2022-06": {
            "month": "2022-06",
            "price": "38.97",
            "revenue": 333363
        },
        "2022-07": {
            "month": "2022-07",
            "price": "35.39",
            "revenue": 328303
        },
        "2022-08": {
            "month": "2022-08",
            "price": "38.15",
            "revenue": 294269
        },
        "2022-09": {
            "month": "2022-09",
            "price": "35.50",
            "revenue": 295300
        },
        "2022-10": {
            "month": "2022-10",
            "price": "30.30",
            "revenue": 264413
        },
        "2022-11": {
            "month": "2022-11",
            "price": "32.16",
            "revenue": 226314
        },
        "2022-12": {
            "month": "2022-12",
            "price": "32.18",
            "revenue": 259146
        },
        "2023-01": {
            "month": "2023-01",
            "price": "31.40",
            "revenue": 212669
        },
        "2023-02": {
            "month": "2023-02",
            "price": "34.23",
            "revenue": 175124
        },
        "2023-03": {
            "month": "2023-03",
            "price": "36.23",
            "revenue": 280395
        },
        "2023-04": {
            "month": "2023-04",
            "price": "36.96",
            "revenue": 259624
        },
        "2023-05": {
            "month": "2023-05",
            "price": "36.97",
            "revenue": 260059
        },
        "2023-06": {
            "month": "2023-06",
            "price": "37.07",
            "revenue": 238624
        },
        "2023-07": {
            "month": "2023-07",
            "price": "38.05",
            "revenue": 263341
        },
        "2023-08": {
            "month": "2023-08",
            "price": "37.69",
            "revenue": 294409
        },
        "2023-09": {
            "month": "2023-09",
            "price": "39.93",
            "revenue": 263296
        },
        "2023-10": {
            "month": "2023-10",
            "price": "37.98",
            "revenue": 224237
        },
        "2023-11": {
            "month": "2023-11",
            "price": "38.83",
            "revenue": 245691
        }
    }
}
