{
    "summary": {
        "stock_name": "凌巨",
        "stock_id": "8105",
        "category": "光電",
        "main_business": "研發生產及銷售液晶顯示器(STN型及TFT型),液晶顯示面板及模組<br>研發生產及銷售液晶顯示器測試儀器,液晶顯示器零組件,多晶片模組",
        "website_url": "http://www.giantplus.com",
        "ceo": "杉本克己",
        "pe_ratio": 23,
        "report_year_from": 2001,
        "report_year_to": 2023,
        "age": 23,
        "eps_negative_percentage": 38,
        "eps_growth_avg": {
            "last_all": 4.08,
            "last_2y": 20.29,
            "last_4y": 20.29,
            "last_8y": 12.82,
            "last_12y": 12.82,
            "last_16y": -10.82,
            "last_20y": null,
            "at_2006_last_3y": null,
            "at_2007_last_3y": 34.86,
            "at_2008_last_3y": -6.98,
            "at_2009_last_3y": -48.69,
            "at_2010_last_3y": -58.09,
            "at_2011_last_3y": -83.68,
            "at_2012_last_3y": -100,
            "at_2013_last_3y": null,
            "at_2014_last_3y": null,
            "at_2015_last_3y": 100,
            "at_2016_last_3y": 70.59,
            "at_2017_last_3y": 45.44,
            "at_2018_last_3y": 9.08,
            "at_2019_last_3y": -21.23,
            "at_2020_last_3y": -52.43,
            "at_2021_last_3y": -100,
            "at_2022_last_3y": 100,
            "at_2023_last_3y": 20.29,
            "at_2024_last_3y": 20.29,
            "at_2006_last_all": 48.78,
            "at_2007_last_all": 34.86,
            "at_2008_last_all": 14.41,
            "at_2009_last_all": -4.66,
            "at_2010_last_all": -4.66,
            "at_2011_last_all": -4.66,
            "at_2012_last_all": -4.66,
            "at_2013_last_all": -4.66,
            "at_2014_last_all": -4.66,
            "at_2015_last_all": 10.3,
            "at_2016_last_all": 14.16,
            "at_2017_last_all": 12.04,
            "at_2018_last_all": 0.84,
            "at_2019_last_all": 0.84,
            "at_2020_last_all": 0.84,
            "at_2021_last_all": 0.84,
            "at_2022_last_all": 9.85,
            "at_2023_last_all": 4.08,
            "at_2024_last_all": 4.08
        },
        "latest_eps": 0.62,
        "latest_price": 14.35,
        "latest_roe": 3.5,
        "latest_gross_margin": 8.17,
        "latest_equity": 7951201,
        "latest_revenue": 2160924,
        "latest_gross_profit": 176616,
        "latest_net_income": 127338,
        "latest_debt_ratio": 33.15,
        "latest_current_ratio": 185.4,
        "latest_account_receivable_turnover_ratio": 1.61,
        "latest_inventory_turnover_ratio": 1.37,
        "latest_reinvestment_rate": null,
        "latest_research_to_sale_ratio": 2.17
    },
    "eps_dividends": {
        "2001": {
            "cash": 0,
            "stock": 0,
            "eps": 0
        },
        "2002": {
            "cash": 0,
            "stock": 0,
            "eps": 0
        },
        "2003": {
            "cash": 0,
            "stock": 0,
            "eps": 0.27
        },
        "2004": {
            "cash": 0,
            "stock": 0,
            "eps": 1.96
        },
        "2005": {
            "cash": 0,
            "stock": 1,
            "eps": 3.27
        },
        "2006": {
            "cash": 1,
            "stock": 1,
            "eps": 2.6
        },
        "2007": {
            "cash": 1,
            "stock": 1,
            "eps": 2.42
        },
        "2008": {
            "cash": 1.4,
            "stock": 0.2,
            "eps": 0.79
        },
        "2009": {
            "cash": 0,
            "stock": 0,
            "eps": -0.96
        },
        "2010": {
            "cash": 0,
            "stock": 0,
            "eps": -0.75
        },
        "2011": {
            "cash": 0,
            "stock": 0,
            "eps": -1.4
        },
        "2012": {
            "cash": 0,
            "stock": 0,
            "eps": -1.43
        },
        "2013": {
            "cash": 0,
            "stock": 0,
            "eps": -1.36
        },
        "2014": {
            "cash": 0,
            "stock": 0,
            "eps": 0.19
        },
        "2015": {
            "cash": 0,
            "stock": 0,
            "eps": 1.02
        },
        "2016": {
            "cash": 0.1,
            "stock": 0,
            "eps": 1.44
        },
        "2017": {
            "cash": 0.2,
            "stock": 0,
            "eps": 1.37
        },
        "2018": {
            "cash": 0.2,
            "stock": 0,
            "eps": -0.3
        },
        "2019": {
            "cash": 0,
            "stock": 0,
            "eps": -0.46
        },
        "2020": {
            "cash": 0.1,
            "stock": 0,
            "eps": -2.47
        },
        "2021": {
            "cash": 0,
            "stock": 0,
            "eps": 0.21
        },
        "2022": {
            "cash": 0,
            "stock": 0,
            "eps": 1.38
        },
        "2023": {
            "cash": 0.2,
            "stock": 0,
            "eps": 0.56
        }
    },
    "dividends": {
        "2005-04-25": {
            "cash": 0,
            "stock": 1
        },
        "2006-04-26": {
            "cash": 1,
            "stock": 1
        },
        "2007-04-24": {
            "cash": 1,
            "stock": 1
        },
        "2008-04-29": {
            "cash": 1.4,
            "stock": 0.2
        },
        "2016-08-19": {
            "cash": 0.1,
            "stock": 0
        },
        "2017-10-25": {
            "cash": 0.2,
            "stock": 0
        },
        "2018-10-23": {
            "cash": 0.2,
            "stock": 0
        },
        "2020-10-21": {
            "cash": 0.1,
            "stock": 0
        },
        "2023-09-27": {
            "cash": 0.2,
            "stock": 0
        }
    },
    "prices": {
        "200101": "無",
        "200102": "無",
        "200103": "無",
        "200104": "無",
        "200105": "無",
        "200106": "無",
        "200107": "無",
        "200108": "無",
        "200109": "無",
        "200110": "無",
        "200111": "無",
        "200112": "無",
        "200201": "無",
        "200202": "無",
        "200203": "無",
        "200204": "無",
        "200205": "無",
        "200206": "無",
        "200207": "無",
        "200208": "無",
        "200209": "無",
        "200210": "無",
        "200211": "無",
        "200212": "無",
        "200301": "無",
        "200302": "無",
        "200303": "無",
        "200304": "無",
        "200305": "無",
        "200306": "無",
        "200307": "無",
        "200308": "無",
        "200309": "7.80",
        "200310": "8.18",
        "200311": "10.25",
        "200312": "14.05",
        "200401": "13.65",
        "200402": "14.10",
        "200403": "17.36",
        "200404": "24.93",
        "200405": "20.29",
        "200406": "18.74",
        "200407": "16.92",
        "200408": "15.44",
        "200409": "15.69",
        "200410": "14.80",
        "200411": "12.39",
        "200412": "11.94",
        "200501": "11.15",
        "200502": "12.08",
        "200503": "14.84",
        "200504": "15.43",
        "200505": "13.40",
        "200506": "17.37",
        "200507": "22.34",
        "200508": "24.46",
        "200509": "22.99",
        "200510": "23.80",
        "200511": "22.79",
        "200512": "25.55",
        "200601": "26.92",
        "200602": "24.28",
        "200603": "23.01",
        "200604": "29.11",
        "200605": "28.29",
        "200606": "24.82",
        "200607": "23.08",
        "200608": "23.34",
        "200609": "22.58",
        "200610": "22.28",
        "200611": "20.04",
        "200612": "23.38",
        "200701": "23.65",
        "200702": "22.85",
        "200703": "23.80",
        "200704": "36.97",
        "200705": "41.39",
        "200706": "45.79",
        "200707": "46.04",
        "200708": "39.02",
        "200709": "43.09",
        "200710": "47.81",
        "200711": "53.28",
        "200712": "50.03",
        "200801": "32.50",
        "200802": "29.56",
        "200803": "32.39",
        "200804": "40.20",
        "200805": "38.57",
        "200806": "29.21",
        "200807": "26.93",
        "200808": "29.59",
        "200809": "23.65",
        "200810": "16.40",
        "200811": "9.79",
        "200812": "9.64",
        "200901": "10.62",
        "200902": "11.60",
        "200903": "14.47",
        "200904": "16.92",
        "200905": "17.61",
        "200906": "15.64",
        "200907": "17.14",
        "200908": "19.27",
        "200909": "18.92",
        "200910": "19.80",
        "200911": "19.41",
        "200912": "20.45",
        "201001": "20.02",
        "201002": "16.63",
        "201003": "18.06",
        "201004": "18.47",
        "201005": "15.82",
        "201006": "15.33",
        "201007": "16.40",
        "201008": "18.02",
        "201009": "22.04",
        "201010": "21.08",
        "201011": "18.76",
        "201012": "20.82",
        "201101": "20.06",
        "201102": "21.28",
        "201103": "20.41",
        "201104": "20.20",
        "201105": "17.00",
        "201106": "14.65",
        "201107": "13.05",
        "201108": "12.28",
        "201109": "10.51",
        "201110": "9.71",
        "201111": "9.19",
        "201112": "7.34",
        "201201": "7.64",
        "201202": "10.17",
        "201203": "10.63",
        "201204": "8.93",
        "201205": "8.92",
        "201206": "8.77",
        "201207": "8.95",
        "201208": "8.76",
        "201209": "11.05",
        "201210": "9.78",
        "201211": "8.32",
        "201212": "9.38",
        "201301": "8.75",
        "201302": "8.70",
        "201303": "8.93",
        "201304": "8.96",
        "201305": "10.33",
        "201306": "11.14",
        "201307": "10.88",
        "201308": "11.35",
        "201309": "10.36",
        "201310": "9.35",
        "201311": "8.53",
        "201312": "8.85",
        "201401": "9.62",
        "201402": "9.70",
        "201403": "13.19",
        "201404": "13.66",
        "201405": "12.15",
        "201406": "13.16",
        "201407": "13.30",
        "201408": "12.49",
        "201409": "12.64",
        "201410": "10.95",
        "201411": "11.05",
        "201412": "11.75",
        "201501": "12.45",
        "201502": "11.97",
        "201503": "11.57",
        "201504": "10.50",
        "201505": "9.70",
        "201506": "8.40",
        "201507": "7.52",
        "201508": "6.79",
        "201509": "8.54",
        "201510": "12.48",
        "201511": "19.19",
        "201512": "19.45",
        "201601": "17.53",
        "201602": "19.58",
        "201603": "19.77",
        "201604": "19.54",
        "201605": "17.21",
        "201606": "18.87",
        "201607": "19.57",
        "201608": "20.32",
        "201609": "20.35",
        "201610": "18.04",
        "201611": "15.70",
        "201612": "15.85",
        "201701": "16.98",
        "201702": "18.52",
        "201703": "17.89",
        "201704": "16.75",
        "201705": "17.71",
        "201706": "18.78",
        "201707": "18.52",
        "201708": "21.11",
        "201709": "23.42",
        "201710": "23.50",
        "201711": "21.20",
        "201712": "18.82",
        "201801": "18.65",
        "201802": "18.24",
        "201803": "18.48",
        "201804": "17.04",
        "201805": "15.07",
        "201806": "15.14",
        "201807": "13.05",
        "201808": "12.96",
        "201809": "12.32",
        "201810": "10.02",
        "201811": "9.65",
        "201812": "10.21",
        "201901": "9.52",
        "201902": "10.10",
        "201903": "10.62",
        "201904": "11.74",
        "201905": "10.16",
        "201906": "10.49",
        "201907": "11.57",
        "201908": "14.07",
        "201909": "14.29",
        "201910": "14.55",
        "201911": "13.60",
        "201912": "14.15",
        "202001": "13.72",
        "202002": "12.45",
        "202003": "9.45",
        "202004": "9.07",
        "202005": "9.12",
        "202006": "9.51",
        "202007": "10.05",
        "202008": "9.91",
        "202009": "10.58",
        "202010": "10.82",
        "202011": "10.50",
        "202012": "11.98",
        "202101": "11.80",
        "202102": "12.57",
        "202103": "12.78",
        "202104": "15.59",
        "202105": "13.46",
        "202106": "13.89",
        "202107": "13.33",
        "202108": "12.31",
        "202109": "11.82",
        "202110": "11.33",
        "202111": "12.35",
        "202112": "13.18",
        "202201": "12.70",
        "202202": "12.36",
        "202203": "12.17",
        "202204": "11.30",
        "202205": "10.79",
        "202206": "10.75",
        "202207": "10.30",
        "202208": "12.65",
        "202209": "12.40",
        "202210": "11.27",
        "202211": "12.54",
        "202212": "12.67",
        "202301": "13.24",
        "202302": "14.73",
        "202303": "14.80",
        "202304": "14.19",
        "202305": "13.56",
        "202306": "14.74",
        "202307": "15.90",
        "202308": "14.29",
        "202309": "13.37",
        "202310": "12.56",
        "202311": "12.71",
        "202312": "13.16"
    },
    "quarters": {
        "20011": {
            "year_quarter": 20011,
            "year": 2001,
            "quarter": 1,
            "eps": null,
            "eps_growth_year": null,
            "eps_4q": null,
            "eps_4q_growth_year": null,
            "roe": null,
            "roe_4q": 0,
            "gross_profit": null,
            "gross_margin": null,
            "gross_margin_4q_avg": 0,
            "net_income": null,
            "net_income_4q": null,
            "revenue": null,
            "revenue_4q": null,
            "common_shares": null,
            "book_valuer_per_share": null,
            "book_valuer_per_share_4q_avg": 0,
            "equity": null,
            "current_ratio": null,
            "debt_ratio": null,
            "inventory_turnover_ratio": null,
            "account_receivable_turnover_ratio": null,
            "reinvestment_rate": null,
            "research_to_sale_ratio": null,
            "price_fair": 0,
            "eps_avg_yearly": 0,
            "eps_latest_yearly": 0,
            "eps_growth_yearly": 0
        },
        "20012": {
            "year_quarter": 20012,
            "year": 2001,
            "quarter": 2,
            "eps": null,
            "eps_growth_year": null,
            "eps_4q": null,
            "eps_4q_growth_year": null,
            "roe": null,
            "roe_4q": 0,
            "gross_profit": null,
            "gross_margin": null,
            "gross_margin_4q_avg": 0,
            "net_income": null,
            "net_income_4q": null,
            "revenue": null,
            "revenue_4q": null,
            "common_shares": null,
            "book_valuer_per_share": null,
            "book_valuer_per_share_4q_avg": 0,
            "equity": null,
            "current_ratio": null,
            "debt_ratio": null,
            "inventory_turnover_ratio": null,
            "account_receivable_turnover_ratio": null,
            "reinvestment_rate": null,
            "research_to_sale_ratio": null,
            "price_fair": 0,
            "eps_avg_yearly": 0,
            "eps_latest_yearly": 0,
            "eps_growth_yearly": 0
        },
        "20013": {
            "year_quarter": 20013,
            "year": 2001,
            "quarter": 3,
            "eps": null,
            "eps_growth_year": null,
            "eps_4q": null,
            "eps_4q_growth_year": null,
            "roe": null,
            "roe_4q": 0,
            "gross_profit": null,
            "gross_margin": null,
            "gross_margin_4q_avg": 0,
            "net_income": null,
            "net_income_4q": null,
            "revenue": null,
            "revenue_4q": null,
            "common_shares": null,
            "book_valuer_per_share": null,
            "book_valuer_per_share_4q_avg": 0,
            "equity": null,
            "current_ratio": null,
            "debt_ratio": null,
            "inventory_turnover_ratio": null,
            "account_receivable_turnover_ratio": null,
            "reinvestment_rate": null,
            "research_to_sale_ratio": null,
            "price_fair": 0,
            "eps_avg_yearly": 0,
            "eps_latest_yearly": 0,
            "eps_growth_yearly": 0
        },
        "20014": {
            "year_quarter": 20014,
            "year": 2001,
            "quarter": 4,
            "eps": null,
            "eps_growth_year": null,
            "eps_4q": null,
            "eps_4q_growth_year": null,
            "roe": null,
            "roe_4q": 0,
            "gross_profit": null,
            "gross_margin": null,
            "gross_margin_4q_avg": 0,
            "net_income": null,
            "net_income_4q": null,
            "revenue": null,
            "revenue_4q": null,
            "common_shares": 1600000,
            "book_valuer_per_share": 10.77,
            "book_valuer_per_share_4q_avg": 2.69,
            "equity": 1722979,
            "current_ratio": 86.74,
            "debt_ratio": 53.51,
            "inventory_turnover_ratio": null,
            "account_receivable_turnover_ratio": null,
            "reinvestment_rate": null,
            "research_to_sale_ratio": null,
            "price_fair": 0,
            "eps_avg_yearly": 0,
            "eps_latest_yearly": 0,
            "eps_growth_yearly": 0
        },
        "20021": {
            "year_quarter": 20021,
            "year": 2002,
            "quarter": 1,
            "eps": null,
            "eps_growth_year": null,
            "eps_4q": null,
            "eps_4q_growth_year": null,
            "roe": null,
            "roe_4q": 0,
            "gross_profit": null,
            "gross_margin": null,
            "gross_margin_4q_avg": 0,
            "net_income": null,
            "net_income_4q": null,
            "revenue": null,
            "revenue_4q": null,
            "common_shares": null,
            "book_valuer_per_share": null,
            "book_valuer_per_share_4q_avg": 2.69,
            "equity": null,
            "current_ratio": null,
            "debt_ratio": null,
            "inventory_turnover_ratio": null,
            "account_receivable_turnover_ratio": null,
            "reinvestment_rate": null,
            "research_to_sale_ratio": null,
            "price_fair": 0,
            "eps_avg_yearly": 0,
            "eps_latest_yearly": 0,
            "eps_growth_yearly": 0
        },
        "20022": {
            "year_quarter": 20022,
            "year": 2002,
            "quarter": 2,
            "eps": null,
            "eps_growth_year": null,
            "eps_4q": null,
            "eps_4q_growth_year": null,
            "roe": null,
            "roe_4q": 0,
            "gross_profit": null,
            "gross_margin": null,
            "gross_margin_4q_avg": 0,
            "net_income": null,
            "net_income_4q": null,
            "revenue": null,
            "revenue_4q": null,
            "common_shares": null,
            "book_valuer_per_share": null,
            "book_valuer_per_share_4q_avg": 2.69,
            "equity": null,
            "current_ratio": null,
            "debt_ratio": null,
            "inventory_turnover_ratio": null,
            "account_receivable_turnover_ratio": null,
            "reinvestment_rate": null,
            "research_to_sale_ratio": null,
            "price_fair": 0,
            "eps_avg_yearly": 0,
            "eps_latest_yearly": 0,
            "eps_growth_yearly": 0
        },
        "20023": {
            "year_quarter": 20023,
            "year": 2002,
            "quarter": 3,
            "eps": null,
            "eps_growth_year": null,
            "eps_4q": null,
            "eps_4q_growth_year": null,
            "roe": null,
            "roe_4q": 0,
            "gross_profit": null,
            "gross_margin": null,
            "gross_margin_4q_avg": 0,
            "net_income": null,
            "net_income_4q": null,
            "revenue": null,
            "revenue_4q": null,
            "common_shares": null,
            "book_valuer_per_share": null,
            "book_valuer_per_share_4q_avg": 2.69,
            "equity": null,
            "current_ratio": null,
            "debt_ratio": null,
            "inventory_turnover_ratio": null,
            "account_receivable_turnover_ratio": null,
            "reinvestment_rate": null,
            "research_to_sale_ratio": null,
            "price_fair": 0,
            "eps_avg_yearly": 0,
            "eps_latest_yearly": 0,
            "eps_growth_yearly": 0
        },
        "20024": {
            "year_quarter": 20024,
            "year": 2002,
            "quarter": 4,
            "eps": null,
            "eps_growth_year": null,
            "eps_4q": null,
            "eps_4q_growth_year": null,
            "roe": null,
            "roe_4q": 0,
            "gross_profit": null,
            "gross_margin": null,
            "gross_margin_4q_avg": 0,
            "net_income": null,
            "net_income_4q": null,
            "revenue": null,
            "revenue_4q": null,
            "common_shares": 1600000,
            "book_valuer_per_share": 11.23,
            "book_valuer_per_share_4q_avg": 2.81,
            "equity": 1797212,
            "current_ratio": 88.94,
            "debt_ratio": 58.46,
            "inventory_turnover_ratio": null,
            "account_receivable_turnover_ratio": null,
            "reinvestment_rate": null,
            "research_to_sale_ratio": null,
            "price_fair": 0,
            "eps_avg_yearly": 0,
            "eps_latest_yearly": 0,
            "eps_growth_yearly": 0
        },
        "20031": {
            "year_quarter": 20031,
            "year": 2003,
            "quarter": 1,
            "eps": null,
            "eps_growth_year": null,
            "eps_4q": null,
            "eps_4q_growth_year": null,
            "roe": null,
            "roe_4q": 0,
            "gross_profit": null,
            "gross_margin": null,
            "gross_margin_4q_avg": 0,
            "net_income": null,
            "net_income_4q": null,
            "revenue": null,
            "revenue_4q": null,
            "common_shares": null,
            "book_valuer_per_share": null,
            "book_valuer_per_share_4q_avg": 2.81,
            "equity": null,
            "current_ratio": null,
            "debt_ratio": null,
            "inventory_turnover_ratio": null,
            "account_receivable_turnover_ratio": null,
            "reinvestment_rate": null,
            "research_to_sale_ratio": null,
            "price_fair": 0,
            "eps_avg_yearly": 0,
            "eps_latest_yearly": 0,
            "eps_growth_yearly": 0
        },
        "20032": {
            "year_quarter": 20032,
            "year": 2003,
            "quarter": 2,
            "eps": null,
            "eps_growth_year": null,
            "eps_4q": null,
            "eps_4q_growth_year": null,
            "roe": null,
            "roe_4q": 0,
            "gross_profit": null,
            "gross_margin": null,
            "gross_margin_4q_avg": 0,
            "net_income": null,
            "net_income_4q": null,
            "revenue": null,
            "revenue_4q": null,
            "common_shares": null,
            "book_valuer_per_share": null,
            "book_valuer_per_share_4q_avg": 2.81,
            "equity": null,
            "current_ratio": null,
            "debt_ratio": null,
            "inventory_turnover_ratio": null,
            "account_receivable_turnover_ratio": null,
            "reinvestment_rate": null,
            "research_to_sale_ratio": null,
            "price_fair": 0,
            "eps_avg_yearly": 0,
            "eps_latest_yearly": 0,
            "eps_growth_yearly": 0
        },
        "20033": {
            "year_quarter": 20033,
            "year": 2003,
            "quarter": 3,
            "eps": -0.15,
            "eps_growth_year": null,
            "eps_4q": null,
            "eps_4q_growth_year": null,
            "roe": -1.39,
            "roe_4q": -1.39,
            "gross_profit": 78645,
            "gross_margin": 9.57,
            "gross_margin_4q_avg": 2.39,
            "net_income": -24516,
            "net_income_4q": null,
            "revenue": 821399,
            "revenue_4q": null,
            "common_shares": 1600000,
            "book_valuer_per_share": 11.03,
            "book_valuer_per_share_4q_avg": 5.57,
            "equity": 1765085,
            "current_ratio": 113.36,
            "debt_ratio": 56.54,
            "inventory_turnover_ratio": 1.29,
            "account_receivable_turnover_ratio": null,
            "reinvestment_rate": null,
            "research_to_sale_ratio": null,
            "price_fair": 0,
            "eps_avg_yearly": 0,
            "eps_latest_yearly": 0,
            "eps_growth_yearly": 0
        },
        "20034": {
            "year_quarter": 20034,
            "year": 2003,
            "quarter": 4,
            "eps": 0.42,
            "eps_growth_year": null,
            "eps_4q": null,
            "eps_4q_growth_year": null,
            "roe": 3.74,
            "roe_4q": 2.3500000000000005,
            "gross_profit": 111797,
            "gross_margin": 11.18,
            "gross_margin_4q_avg": 5.19,
            "net_income": 67350,
            "net_income_4q": null,
            "revenue": 1000142,
            "revenue_4q": null,
            "common_shares": 1600000,
            "book_valuer_per_share": 11.47,
            "book_valuer_per_share_4q_avg": 5.63,
            "equity": 1835685,
            "current_ratio": 98.94,
            "debt_ratio": 62.91,
            "inventory_turnover_ratio": 1.05,
            "account_receivable_turnover_ratio": null,
            "reinvestment_rate": null,
            "research_to_sale_ratio": null,
            "price_fair": 0,
            "eps_avg_yearly": 0,
            "eps_latest_yearly": 0,
            "eps_growth_yearly": 0
        },
        "20041": {
            "year_quarter": 20041,
            "year": 2004,
            "quarter": 1,
            "eps": 0.2,
            "eps_growth_year": null,
            "eps_4q": null,
            "eps_4q_growth_year": null,
            "roe": 1.74,
            "roe_4q": 4.090000000000001,
            "gross_profit": 96910,
            "gross_margin": 9.24,
            "gross_margin_4q_avg": 7.5,
            "net_income": 32212,
            "net_income_4q": null,
            "revenue": 1048845,
            "revenue_4q": null,
            "common_shares": 1600000,
            "book_valuer_per_share": 11.67,
            "book_valuer_per_share_4q_avg": 8.54,
            "equity": 1867897,
            "current_ratio": 118.81,
            "debt_ratio": 58.45,
            "inventory_turnover_ratio": 1.02,
            "account_receivable_turnover_ratio": null,
            "reinvestment_rate": null,
            "research_to_sale_ratio": null,
            "price_fair": 2.4,
            "eps_avg_yearly": 0.8,
            "eps_latest_yearly": 0.8,
            "eps_growth_yearly": -209.52
        },
        "20042": {
            "year_quarter": 20042,
            "year": 2004,
            "quarter": 2,
            "eps": 0.52,
            "eps_growth_year": null,
            "eps_4q": 0.99,
            "eps_4q_growth_year": null,
            "roe": 4.37,
            "roe_4q": 8.46,
            "gross_profit": 189477,
            "gross_margin": 12.03,
            "gross_margin_4q_avg": 10.51,
            "net_income": 83445,
            "net_income_4q": null,
            "revenue": 1575056,
            "revenue_4q": null,
            "common_shares": 1600000,
            "book_valuer_per_share": 12.2,
            "book_valuer_per_share_4q_avg": 11.59,
            "equity": 1951342,
            "current_ratio": 110.18,
            "debt_ratio": 64.91,
            "inventory_turnover_ratio": 1.67,
            "account_receivable_turnover_ratio": null,
            "reinvestment_rate": null,
            "research_to_sale_ratio": null,
            "price_fair": 50.4,
            "eps_avg_yearly": 1.44,
            "eps_latest_yearly": 2.08,
            "eps_growth_yearly": 215.24
        },
        "20043": {
            "year_quarter": 20043,
            "year": 2004,
            "quarter": 3,
            "eps": 0.89,
            "eps_growth_year": null,
            "eps_4q": 2.03,
            "eps_4q_growth_year": null,
            "roe": 7.03,
            "roe_4q": 16.880000000000003,
            "gross_profit": 275025,
            "gross_margin": 15.5,
            "gross_margin_4q_avg": 11.99,
            "net_income": 142441,
            "net_income_4q": null,
            "revenue": 1774076,
            "revenue_4q": null,
            "common_shares": 1600000,
            "book_valuer_per_share": 13.12,
            "book_valuer_per_share_4q_avg": 12.12,
            "equity": 2098658,
            "current_ratio": 106.2,
            "debt_ratio": 65.34,
            "inventory_turnover_ratio": 1.67,
            "account_receivable_turnover_ratio": null,
            "reinvestment_rate": null,
            "research_to_sale_ratio": null,
            "price_fair": 75.13,
            "eps_avg_yearly": 2.15,
            "eps_latest_yearly": 3.56,
            "eps_growth_yearly": 238.36
        },
        "20044": {
            "year_quarter": 20044,
            "year": 2004,
            "quarter": 4,
            "eps": 0.35,
            "eps_growth_year": -16.67,
            "eps_4q": 1.94,
            "eps_4q_growth_year": null,
            "roe": 2.68,
            "roe_4q": 15.820000000000002,
            "gross_profit": 95590,
            "gross_margin": 10.29,
            "gross_margin_4q_avg": 11.77,
            "net_income": 56730,
            "net_income_4q": null,
            "revenue": 929177,
            "revenue_4q": null,
            "common_shares": 1600000,
            "book_valuer_per_share": 13.32,
            "book_valuer_per_share_4q_avg": 12.58,
            "equity": 2131733,
            "current_ratio": 103.17,
            "debt_ratio": 62.39,
            "inventory_turnover_ratio": 0.71,
            "account_receivable_turnover_ratio": null,
            "reinvestment_rate": null,
            "research_to_sale_ratio": null,
            "price_fair": 68.6,
            "eps_avg_yearly": 1.96,
            "eps_latest_yearly": 1.4,
            "eps_growth_yearly": 118.1
        },
        "20051": {
            "year_quarter": 20051,
            "year": 2005,
            "quarter": 1,
            "eps": 0.26,
            "eps_growth_year": 30,
            "eps_4q": 2.03,
            "eps_4q_growth_year": null,
            "roe": 1.95,
            "roe_4q": 16.03,
            "gross_profit": 66795,
            "gross_margin": 6.28,
            "gross_margin_4q_avg": 11.03,
            "net_income": 41549,
            "net_income_4q": null,
            "revenue": 1063829,
            "revenue_4q": null,
            "common_shares": 1600000,
            "book_valuer_per_share": 13.3,
            "book_valuer_per_share_4q_avg": 12.99,
            "equity": 2128224,
            "current_ratio": 102.39,
            "debt_ratio": 55.1,
            "inventory_turnover_ratio": 0.9,
            "account_receivable_turnover_ratio": null,
            "reinvestment_rate": null,
            "research_to_sale_ratio": null,
            "price_fair": 62.16,
            "eps_avg_yearly": 1.78,
            "eps_latest_yearly": 1.04,
            "eps_growth_yearly": 73.91
        },
        "20052": {
            "year_quarter": 20052,
            "year": 2005,
            "quarter": 2,
            "eps": 0.85,
            "eps_growth_year": 63.46,
            "eps_4q": 2.36,
            "eps_4q_growth_year": 138.52,
            "roe": 6.19,
            "roe_4q": 17.85,
            "gross_profit": 191395,
            "gross_margin": 12.5,
            "gross_margin_4q_avg": 11.14,
            "net_income": 135890,
            "net_income_4q": null,
            "revenue": 1531209,
            "revenue_4q": null,
            "common_shares": 1600000,
            "book_valuer_per_share": 14.15,
            "book_valuer_per_share_4q_avg": 13.47,
            "equity": 2264230,
            "current_ratio": 116.47,
            "debt_ratio": 57.06,
            "inventory_turnover_ratio": 1.66,
            "account_receivable_turnover_ratio": null,
            "reinvestment_rate": null,
            "research_to_sale_ratio": null,
            "price_fair": 71.63,
            "eps_avg_yearly": 2.05,
            "eps_latest_yearly": 3.4,
            "eps_growth_yearly": 212.87
        },
        "20053": {
            "year_quarter": 20053,
            "year": 2005,
            "quarter": 3,
            "eps": 1.45,
            "eps_growth_year": 62.92,
            "eps_4q": 2.74,
            "eps_4q_growth_year": 34.84,
            "roe": 10.78,
            "roe_4q": 21.599999999999998,
            "gross_profit": 270191,
            "gross_margin": 13.46,
            "gross_margin_4q_avg": 10.63,
            "net_income": 262841,
            "net_income_4q": null,
            "revenue": 2007591,
            "revenue_4q": null,
            "common_shares": 1810000,
            "book_valuer_per_share": 14.42,
            "book_valuer_per_share_4q_avg": 13.8,
            "equity": 2609972,
            "current_ratio": 123.68,
            "debt_ratio": 57.06,
            "inventory_turnover_ratio": 2.21,
            "account_receivable_turnover_ratio": null,
            "reinvestment_rate": null,
            "research_to_sale_ratio": null,
            "price_fair": 90.4,
            "eps_avg_yearly": 2.58,
            "eps_latest_yearly": 5.8,
            "eps_growth_yearly": 222.8
        },
        "20054": {
            "year_quarter": 20054,
            "year": 2005,
            "quarter": 4,
            "eps": 0.71,
            "eps_growth_year": 102.86,
            "eps_4q": 3.13,
            "eps_4q_growth_year": 61,
            "roe": 4.84,
            "roe_4q": 23.759999999999998,
            "gross_profit": 230132,
            "gross_margin": 12.63,
            "gross_margin_4q_avg": 11.22,
            "net_income": 129326,
            "net_income_4q": null,
            "revenue": 1822260,
            "revenue_4q": null,
            "common_shares": 1810000,
            "book_valuer_per_share": 15.08,
            "book_valuer_per_share_4q_avg": 14.24,
            "equity": 2729042,
            "current_ratio": 137.95,
            "debt_ratio": 56.33,
            "inventory_turnover_ratio": 1.76,
            "account_receivable_turnover_ratio": null,
            "reinvestment_rate": null,
            "research_to_sale_ratio": null,
            "price_fair": 91.53,
            "eps_avg_yearly": 2.62,
            "eps_latest_yearly": 2.84,
            "eps_growth_yearly": 169.43
        },
        "20061": {
            "year_quarter": 20061,
            "year": 2006,
            "quarter": 1,
            "eps": 0.59,
            "eps_growth_year": 126.92,
            "eps_4q": 3.5,
            "eps_4q_growth_year": 72.48,
            "roe": 3.85,
            "roe_4q": 25.66,
            "gross_profit": 106635,
            "gross_margin": 8.2,
            "gross_margin_4q_avg": 11.7,
            "net_income": 107107,
            "net_income_4q": null,
            "revenue": 1301204,
            "revenue_4q": null,
            "common_shares": 1810000,
            "book_valuer_per_share": 15.64,
            "book_valuer_per_share_4q_avg": 14.82,
            "equity": 2830104,
            "current_ratio": 130.18,
            "debt_ratio": 47.06,
            "inventory_turnover_ratio": 1.46,
            "account_receivable_turnover_ratio": null,
            "reinvestment_rate": null,
            "research_to_sale_ratio": null,
            "price_fair": 90.53,
            "eps_avg_yearly": 2.59,
            "eps_latest_yearly": 2.36,
            "eps_growth_yearly": 143.09
        },
        "20062": {
            "year_quarter": 20062,
            "year": 2006,
            "quarter": 2,
            "eps": 0.96,
            "eps_growth_year": 12.94,
            "eps_4q": 3.39,
            "eps_4q_growth_year": 44.06,
            "roe": 6.96,
            "roe_4q": 26.43,
            "gross_profit": 210913,
            "gross_margin": 14.1,
            "gross_margin_4q_avg": 12.1,
            "net_income": 196957,
            "net_income_4q": null,
            "revenue": 1495633,
            "revenue_4q": null,
            "common_shares": 1810000,
            "book_valuer_per_share": 15.64,
            "book_valuer_per_share_4q_avg": 15.2,
            "equity": 2831595,
            "current_ratio": 114.47,
            "debt_ratio": 51.21,
            "inventory_turnover_ratio": 2.3,
            "account_receivable_turnover_ratio": null,
            "reinvestment_rate": null,
            "research_to_sale_ratio": null,
            "price_fair": 94.92,
            "eps_avg_yearly": 2.71,
            "eps_latest_yearly": 3.84,
            "eps_growth_yearly": 153.87
        },
        "20063": {
            "year_quarter": 20063,
            "year": 2006,
            "quarter": 3,
            "eps": 0.47,
            "eps_growth_year": -67.59,
            "eps_4q": 2.57,
            "eps_4q_growth_year": -6.36,
            "roe": 3.33,
            "roe_4q": 18.979999999999997,
            "gross_profit": 183814,
            "gross_margin": 11.79,
            "gross_margin_4q_avg": 11.68,
            "net_income": 97115,
            "net_income_4q": null,
            "revenue": 1558456,
            "revenue_4q": null,
            "common_shares": 2082244,
            "book_valuer_per_share": 14.44,
            "book_valuer_per_share_4q_avg": 15.2,
            "equity": 3006641,
            "current_ratio": 113.11,
            "debt_ratio": 46.21,
            "inventory_turnover_ratio": 2.78,
            "account_receivable_turnover_ratio": null,
            "reinvestment_rate": null,
            "research_to_sale_ratio": null,
            "price_fair": 92.27,
            "eps_avg_yearly": 2.64,
            "eps_latest_yearly": 1.88,
            "eps_growth_yearly": 121.32
        },
        "20064": {
            "year_quarter": 20064,
            "year": 2006,
            "quarter": 4,
            "eps": 0.58,
            "eps_growth_year": -18.31,
            "eps_4q": 2.51,
            "eps_4q_growth_year": -19.62,
            "roe": 3.92,
            "roe_4q": 18.060000000000002,
            "gross_profit": 121189,
            "gross_margin": 7.88,
            "gross_margin_4q_avg": 10.49,
            "net_income": 120336,
            "net_income_4q": null,
            "revenue": 1538352,
            "revenue_4q": null,
            "common_shares": 2087353,
            "book_valuer_per_share": 14.99,
            "book_valuer_per_share_4q_avg": 15.18,
            "equity": 3128230,
            "current_ratio": 121.64,
            "debt_ratio": 52.43,
            "inventory_turnover_ratio": 1.52,
            "account_receivable_turnover_ratio": null,
            "reinvestment_rate": null,
            "research_to_sale_ratio": null,
            "price_fair": 91.35,
            "eps_avg_yearly": 2.61,
            "eps_latest_yearly": 2.32,
            "eps_growth_yearly": 119.01
        },
        "20071": {
            "year_quarter": 20071,
            "year": 2007,
            "quarter": 1,
            "eps": 0.22,
            "eps_growth_year": -62.71,
            "eps_4q": 2.18,
            "eps_4q_growth_year": -37.62,
            "roe": 1.46,
            "roe_4q": 15.670000000000002,
            "gross_profit": 51887,
            "gross_margin": 3.58,
            "gross_margin_4q_avg": 9.34,
            "net_income": 46456,
            "net_income_4q": null,
            "revenue": 1448165,
            "revenue_4q": null,
            "common_shares": 2090788,
            "book_valuer_per_share": 15.44,
            "book_valuer_per_share_4q_avg": 15.13,
            "equity": 3227512,
            "current_ratio": 103.13,
            "debt_ratio": 41.9,
            "inventory_turnover_ratio": 1.5,
            "account_receivable_turnover_ratio": null,
            "reinvestment_rate": null,
            "research_to_sale_ratio": null,
            "price_fair": 86.69,
            "eps_avg_yearly": 2.48,
            "eps_latest_yearly": 0.88,
            "eps_growth_yearly": 90.76
        },
        "20072": {
            "year_quarter": 20072,
            "year": 2007,
            "quarter": 2,
            "eps": 0.8,
            "eps_growth_year": -16.67,
            "eps_4q": 1.92,
            "eps_4q_growth_year": -43.37,
            "roe": 5.83,
            "roe_4q": 14.540000000000001,
            "gross_profit": 143166,
            "gross_margin": 7.86,
            "gross_margin_4q_avg": 7.78,
            "net_income": 188192,
            "net_income_4q": null,
            "revenue": 1822583,
            "revenue_4q": null,
            "common_shares": 2108598,
            "book_valuer_per_share": 15.31,
            "book_valuer_per_share_4q_avg": 15.05,
            "equity": 3228788,
            "current_ratio": 95.53,
            "debt_ratio": 50.71,
            "inventory_turnover_ratio": 3.92,
            "account_receivable_turnover_ratio": null,
            "reinvestment_rate": 67.97,
            "research_to_sale_ratio": null,
            "price_fair": 88.5,
            "eps_avg_yearly": 2.53,
            "eps_latest_yearly": 3.2,
            "eps_growth_yearly": 159.6
        },
        "20073": {
            "year_quarter": 20073,
            "year": 2007,
            "quarter": 3,
            "eps": 0.8,
            "eps_growth_year": 70.21,
            "eps_4q": 2.3,
            "eps_4q_growth_year": -10.38,
            "roe": 5.66,
            "roe_4q": 16.869999999999997,
            "gross_profit": 191921,
            "gross_margin": 8.58,
            "gross_margin_4q_avg": 6.98,
            "net_income": 189222,
            "net_income_4q": null,
            "revenue": 2235541,
            "revenue_4q": null,
            "common_shares": 2403896,
            "book_valuer_per_share": 14.38,
            "book_valuer_per_share_4q_avg": 15.03,
            "equity": 3455767,
            "current_ratio": 108.23,
            "debt_ratio": 51.91,
            "inventory_turnover_ratio": 4.93,
            "account_receivable_turnover_ratio": null,
            "reinvestment_rate": -19.35,
            "research_to_sale_ratio": null,
            "price_fair": 90.07,
            "eps_avg_yearly": 2.57,
            "eps_latest_yearly": 3.2,
            "eps_growth_yearly": 148.96
        },
        "20074": {
            "year_quarter": 20074,
            "year": 2007,
            "quarter": 4,
            "eps": 0.6,
            "eps_growth_year": 3.45,
            "eps_4q": 2.38,
            "eps_4q_growth_year": -5.34,
            "roe": 2.83,
            "roe_4q": 15.780000000000001,
            "gross_profit": 153621,
            "gross_margin": 6.91,
            "gross_margin_4q_avg": 6.73,
            "net_income": 142932,
            "net_income_4q": null,
            "revenue": 2222328,
            "revenue_4q": null,
            "common_shares": 2409442,
            "book_valuer_per_share": 27.6,
            "book_valuer_per_share_4q_avg": 18.18,
            "equity": 6649978,
            "current_ratio": 118.36,
            "debt_ratio": 52.97,
            "inventory_turnover_ratio": 1.76,
            "account_receivable_turnover_ratio": null,
            "reinvestment_rate": 171.39,
            "research_to_sale_ratio": null,
            "price_fair": 89.69,
            "eps_avg_yearly": 2.56,
            "eps_latest_yearly": 2.4,
            "eps_growth_yearly": 133.4
        },
        "20081": {
            "year_quarter": 20081,
            "year": 2008,
            "quarter": 1,
            "eps": 0.59,
            "eps_growth_year": 168.18,
            "eps_4q": 1.91,
            "eps_4q_growth_year": -12.44,
            "roe": 2.95,
            "roe_4q": 17.270000000000003,
            "gross_profit": 555341,
            "gross_margin": 15.07,
            "gross_margin_4q_avg": 9.61,
            "net_income": 232402,
            "net_income_4q": null,
            "revenue": 3683871,
            "revenue_4q": null,
            "common_shares": 3911496,
            "book_valuer_per_share": 23.33,
            "book_valuer_per_share_4q_avg": 20.16,
            "equity": 9125065,
            "current_ratio": 134.89,
            "debt_ratio": 41.32,
            "inventory_turnover_ratio": 1.4,
            "account_receivable_turnover_ratio": null,
            "reinvestment_rate": 264.06,
            "research_to_sale_ratio": null,
            "price_fair": 93.1,
            "eps_avg_yearly": 2.66,
            "eps_latest_yearly": 2.36,
            "eps_growth_yearly": 146.08
        },
        "20082": {
            "year_quarter": 20082,
            "year": 2008,
            "quarter": 2,
            "eps": 0.42,
            "eps_growth_year": -47.5,
            "eps_4q": 1.87,
            "eps_4q_growth_year": -2.61,
            "roe": 1.82,
            "roe_4q": 13.260000000000002,
            "gross_profit": 361508,
            "gross_margin": 11.15,
            "gross_margin_4q_avg": 10.43,
            "net_income": 163328,
            "net_income_4q": null,
            "revenue": 3242012,
            "revenue_4q": null,
            "common_shares": 3928777,
            "book_valuer_per_share": 22.4,
            "book_valuer_per_share_4q_avg": 21.93,
            "equity": 8801219,
            "current_ratio": 127.2,
            "debt_ratio": 43.07,
            "inventory_turnover_ratio": 1.11,
            "account_receivable_turnover_ratio": null,
            "reinvestment_rate": 248.87,
            "research_to_sale_ratio": null,
            "price_fair": 92.23,
            "eps_avg_yearly": 2.64,
            "eps_latest_yearly": 1.68,
            "eps_growth_yearly": 98.88
        },
        "20083": {
            "year_quarter": 20083,
            "year": 2008,
            "quarter": 3,
            "eps": 0.27,
            "eps_growth_year": -66.25,
            "eps_4q": 1.61,
            "eps_4q_growth_year": -29.85,
            "roe": 1.21,
            "roe_4q": 8.81,
            "gross_profit": 220955,
            "gross_margin": 5.56,
            "gross_margin_4q_avg": 9.67,
            "net_income": 108209,
            "net_income_4q": null,
            "revenue": 3976798,
            "revenue_4q": null,
            "common_shares": 4060762,
            "book_valuer_per_share": 22.47,
            "book_valuer_per_share_4q_avg": 23.95,
            "equity": 9124026,
            "current_ratio": 129.07,
            "debt_ratio": 41.47,
            "inventory_turnover_ratio": 1.51,
            "account_receivable_turnover_ratio": null,
            "reinvestment_rate": 255.59,
            "research_to_sale_ratio": null,
            "price_fair": 86.8,
            "eps_avg_yearly": 2.48,
            "eps_latest_yearly": 1.08,
            "eps_growth_yearly": 72.16
        },
        "20084": {
            "year_quarter": 20084,
            "year": 2008,
            "quarter": 4,
            "eps": -0.49,
            "eps_growth_year": -181.67,
            "eps_4q": 0.76,
            "eps_4q_growth_year": -68.06,
            "roe": -2.17,
            "roe_4q": 3.8100000000000005,
            "gross_profit": -12290,
            "gross_margin": -0.47,
            "gross_margin_4q_avg": 7.83,
            "net_income": -196339,
            "net_income_4q": null,
            "revenue": 2616736,
            "revenue_4q": null,
            "common_shares": 4062205,
            "book_valuer_per_share": 22.1,
            "book_valuer_per_share_4q_avg": 22.58,
            "equity": 8979045,
            "current_ratio": 129.73,
            "debt_ratio": 38.23,
            "inventory_turnover_ratio": 1.17,
            "account_receivable_turnover_ratio": 3.24,
            "reinvestment_rate": 232.56,
            "research_to_sale_ratio": null,
            "price_fair": 89.32,
            "eps_avg_yearly": 2.55,
            "eps_latest_yearly": 1.08,
            "eps_growth_yearly": 93.15
        },
        "20091": {
            "year_quarter": 20091,
            "year": 2009,
            "quarter": 1,
            "eps": -1.19,
            "eps_growth_year": -301.69,
            "eps_4q": -1.01,
            "eps_4q_growth_year": -152.62,
            "roe": -5.5,
            "roe_4q": -4.64,
            "gross_profit": -400211,
            "gross_margin": -17.19,
            "gross_margin_4q_avg": -0.24,
            "net_income": -483743,
            "net_income_4q": null,
            "revenue": 2328272,
            "revenue_4q": null,
            "common_shares": 4062563,
            "book_valuer_per_share": 21.19,
            "book_valuer_per_share_4q_avg": 22.04,
            "equity": 8610026,
            "current_ratio": 119.65,
            "debt_ratio": 39.63,
            "inventory_turnover_ratio": 1.53,
            "account_receivable_turnover_ratio": 1.57,
            "reinvestment_rate": 378.87,
            "research_to_sale_ratio": null,
            "price_fair": 93.1,
            "eps_avg_yearly": 2.66,
            "eps_latest_yearly": 1.08,
            "eps_growth_yearly": 107.15
        },
        "20092": {
            "year_quarter": 20092,
            "year": 2009,
            "quarter": 2,
            "eps": -0.29,
            "eps_growth_year": -169.05,
            "eps_4q": -1.69,
            "eps_4q_growth_year": -190.47,
            "roe": -1.38,
            "roe_4q": -7.840000000000001,
            "gross_profit": 86638,
            "gross_margin": 2.93,
            "gross_margin_4q_avg": -2.29,
            "net_income": -117004,
            "net_income_4q": null,
            "revenue": 2961740,
            "revenue_4q": null,
            "common_shares": 4068156,
            "book_valuer_per_share": 20.65,
            "book_valuer_per_share_4q_avg": 21.6,
            "equity": 8401179,
            "current_ratio": 133.58,
            "debt_ratio": 37.67,
            "inventory_turnover_ratio": 2.18,
            "account_receivable_turnover_ratio": 1.97,
            "reinvestment_rate": 432.66,
            "research_to_sale_ratio": null,
            "price_fair": 91.11,
            "eps_avg_yearly": 2.6,
            "eps_latest_yearly": 1.08,
            "eps_growth_yearly": 45.57
        },
        "20093": {
            "year_quarter": 20093,
            "year": 2009,
            "quarter": 3,
            "eps": 0.56,
            "eps_growth_year": 107.41,
            "eps_4q": -1.4,
            "eps_4q_growth_year": -186.45,
            "roe": 2.69,
            "roe_4q": -6.359999999999999,
            "gross_profit": 426468,
            "gross_margin": 10.71,
            "gross_margin_4q_avg": -1.01,
            "net_income": 228289,
            "net_income_4q": null,
            "revenue": 3983089,
            "revenue_4q": null,
            "common_shares": 4075281,
            "book_valuer_per_share": 21.05,
            "book_valuer_per_share_4q_avg": 21.25,
            "equity": 8580302,
            "current_ratio": 137.71,
            "debt_ratio": 38.4,
            "inventory_turnover_ratio": 2.83,
            "account_receivable_turnover_ratio": 1.89,
            "reinvestment_rate": 426.67,
            "research_to_sale_ratio": null,
            "price_fair": 81.78,
            "eps_avg_yearly": 2.34,
            "eps_latest_yearly": 1.08,
            "eps_growth_yearly": 25.84
        },
        "20094": {
            "year_quarter": 20094,
            "year": 2009,
            "quarter": 4,
            "eps": -0.04,
            "eps_growth_year": null,
            "eps_4q": -0.95,
            "eps_4q_growth_year": -224.95,
            "roe": -0.18,
            "roe_4q": -4.37,
            "gross_profit": 248913,
            "gross_margin": 8.28,
            "gross_margin_4q_avg": 1.18,
            "net_income": -15192,
            "net_income_4q": null,
            "revenue": 3006560,
            "revenue_4q": null,
            "common_shares": 4082250,
            "book_valuer_per_share": 20.96,
            "book_valuer_per_share_4q_avg": 20.96,
            "equity": 8558006,
            "current_ratio": 148.12,
            "debt_ratio": 34.35,
            "inventory_turnover_ratio": 2.38,
            "account_receivable_turnover_ratio": 3.59,
            "reinvestment_rate": 357.56,
            "research_to_sale_ratio": null,
            "price_fair": 80.18,
            "eps_avg_yearly": 2.29,
            "eps_latest_yearly": 1.08,
            "eps_growth_yearly": 46.74
        },
        "20101": {
            "year_quarter": 20101,
            "year": 2010,
            "quarter": 1,
            "eps": 0.09,
            "eps_growth_year": null,
            "eps_4q": 0.32,
            "eps_4q_growth_year": null,
            "roe": 0.41,
            "roe_4q": 1.54,
            "gross_profit": 177793,
            "gross_margin": 6.32,
            "gross_margin_4q_avg": 7.06,
            "net_income": 34897,
            "net_income_4q": null,
            "revenue": 2813445,
            "revenue_4q": null,
            "common_shares": 4085184,
            "book_valuer_per_share": 21,
            "book_valuer_per_share_4q_avg": 20.92,
            "equity": 8580026,
            "current_ratio": 123.37,
            "debt_ratio": 36.69,
            "inventory_turnover_ratio": 2.32,
            "account_receivable_turnover_ratio": 1.61,
            "reinvestment_rate": 606.62,
            "research_to_sale_ratio": 1.23,
            "price_fair": 79.94,
            "eps_avg_yearly": 2.28,
            "eps_latest_yearly": 1.08,
            "eps_growth_yearly": 58.18
        },
        "20102": {
            "year_quarter": 20102,
            "year": 2010,
            "quarter": 2,
            "eps": 0.13,
            "eps_growth_year": null,
            "eps_4q": 0.74,
            "eps_4q_growth_year": null,
            "roe": 0.63,
            "roe_4q": 3.55,
            "gross_profit": 212483,
            "gross_margin": 6.18,
            "gross_margin_4q_avg": 7.87,
            "net_income": 54812,
            "net_income_4q": null,
            "revenue": 3436836,
            "revenue_4q": null,
            "common_shares": 4088463,
            "book_valuer_per_share": 21.25,
            "book_valuer_per_share_4q_avg": 21.07,
            "equity": 8688771,
            "current_ratio": 121.87,
            "debt_ratio": 39.84,
            "inventory_turnover_ratio": 2.54,
            "account_receivable_turnover_ratio": 1.66,
            "reinvestment_rate": 723.98,
            "research_to_sale_ratio": 1.11,
            "price_fair": 68.32,
            "eps_avg_yearly": 1.95,
            "eps_latest_yearly": 0.52,
            "eps_growth_yearly": 50.87
        },
        "20103": {
            "year_quarter": 20103,
            "year": 2010,
            "quarter": 3,
            "eps": -0.13,
            "eps_growth_year": -123.5,
            "eps_4q": 0.04,
            "eps_4q_growth_year": null,
            "roe": -0.65,
            "roe_4q": 0.20999999999999996,
            "gross_profit": 152208,
            "gross_margin": 4.3,
            "gross_margin_4q_avg": 6.27,
            "net_income": -57796,
            "net_income_4q": null,
            "revenue": 3540520,
            "revenue_4q": null,
            "common_shares": 4392193,
            "book_valuer_per_share": 20.85,
            "book_valuer_per_share_4q_avg": 21.02,
            "equity": 9156801,
            "current_ratio": 156.19,
            "debt_ratio": 34.74,
            "inventory_turnover_ratio": 2.56,
            "account_receivable_turnover_ratio": 1.46,
            "reinvestment_rate": 1356.47,
            "research_to_sale_ratio": 1.64,
            "price_fair": 68.6,
            "eps_avg_yearly": 1.96,
            "eps_latest_yearly": 0.52,
            "eps_growth_yearly": 79.21
        },
        "20104": {
            "year_quarter": 20104,
            "year": 2010,
            "quarter": 4,
            "eps": -0.84,
            "eps_growth_year": null,
            "eps_4q": -0.77,
            "eps_4q_growth_year": null,
            "roe": -4.15,
            "roe_4q": -3.7600000000000007,
            "gross_profit": -4908,
            "gross_margin": -0.16,
            "gross_margin_4q_avg": 4.16,
            "net_income": -369004,
            "net_income_4q": null,
            "revenue": 3098676,
            "revenue_4q": null,
            "common_shares": 4402027,
            "book_valuer_per_share": 19.59,
            "book_valuer_per_share_4q_avg": 20.67,
            "equity": 8622374,
            "current_ratio": 179.68,
            "debt_ratio": 41.9,
            "inventory_turnover_ratio": 2.34,
            "account_receivable_turnover_ratio": 1.32,
            "reinvestment_rate": 2641.65,
            "research_to_sale_ratio": 2.56,
            "price_fair": 67.03,
            "eps_avg_yearly": 1.92,
            "eps_latest_yearly": 0.52,
            "eps_growth_yearly": 77.41
        },
        "20111": {
            "year_quarter": 20111,
            "year": 2011,
            "quarter": 1,
            "eps": -0.15,
            "eps_growth_year": -266.67,
            "eps_4q": -1,
            "eps_4q_growth_year": -410.97,
            "roe": -0.78,
            "roe_4q": -4.950000000000001,
            "gross_profit": 80959,
            "gross_margin": 2.74,
            "gross_margin_4q_avg": 3.27,
            "net_income": -67894,
            "net_income_4q": null,
            "revenue": 2956524,
            "revenue_4q": null,
            "common_shares": 4411494,
            "book_valuer_per_share": 19.69,
            "book_valuer_per_share_4q_avg": 20.35,
            "equity": 8687258,
            "current_ratio": 184.99,
            "debt_ratio": 43.97,
            "inventory_turnover_ratio": 1.88,
            "account_receivable_turnover_ratio": 1.31,
            "reinvestment_rate": 24774.81,
            "research_to_sale_ratio": 2.11,
            "price_fair": 72.2,
            "eps_avg_yearly": 2.06,
            "eps_latest_yearly": 0.52,
            "eps_growth_yearly": 123.94
        },
        "20112": {
            "year_quarter": 20112,
            "year": 2011,
            "quarter": 2,
            "eps": -0.37,
            "eps_growth_year": -378.59,
            "eps_4q": -1.49,
            "eps_4q_growth_year": -301.75,
            "roe": -1.92,
            "roe_4q": -7.500000000000001,
            "gross_profit": 74406,
            "gross_margin": 2.05,
            "gross_margin_4q_avg": 2.23,
            "net_income": -164859,
            "net_income_4q": null,
            "revenue": 3627096,
            "revenue_4q": null,
            "common_shares": 4414053,
            "book_valuer_per_share": 19.23,
            "book_valuer_per_share_4q_avg": 19.84,
            "equity": 8489458,
            "current_ratio": 168.66,
            "debt_ratio": 46.5,
            "inventory_turnover_ratio": 2.24,
            "account_receivable_turnover_ratio": 1.39,
            "reinvestment_rate": null,
            "research_to_sale_ratio": 2.06,
            "price_fair": 5.62,
            "eps_avg_yearly": 1.87,
            "eps_latest_yearly": 0.52,
            "eps_growth_yearly": -31.17
        },
        "20113": {
            "year_quarter": 20113,
            "year": 2011,
            "quarter": 3,
            "eps": -0.36,
            "eps_growth_year": null,
            "eps_4q": -1.72,
            "eps_4q_growth_year": -4615.77,
            "roe": -1.84,
            "roe_4q": -8.690000000000001,
            "gross_profit": 25719,
            "gross_margin": 0.62,
            "gross_margin_4q_avg": 1.31,
            "net_income": -157197,
            "net_income_4q": null,
            "revenue": 4145999,
            "revenue_4q": null,
            "common_shares": 4414700,
            "book_valuer_per_share": 19.48,
            "book_valuer_per_share_4q_avg": 19.5,
            "equity": 8600239,
            "current_ratio": 179.35,
            "debt_ratio": 52.08,
            "inventory_turnover_ratio": 2.88,
            "account_receivable_turnover_ratio": 1.37,
            "reinvestment_rate": null,
            "research_to_sale_ratio": 1.77,
            "price_fair": 4.82,
            "eps_avg_yearly": 1.61,
            "eps_latest_yearly": 0.52,
            "eps_growth_yearly": -37.4
        },
        "20114": {
            "year_quarter": 20114,
            "year": 2011,
            "quarter": 4,
            "eps": -0.52,
            "eps_growth_year": null,
            "eps_4q": -1.41,
            "eps_4q_growth_year": null,
            "roe": -2.73,
            "roe_4q": -7.2700000000000005,
            "gross_profit": 152402,
            "gross_margin": 4.14,
            "gross_margin_4q_avg": 2.39,
            "net_income": -231205,
            "net_income_4q": null,
            "revenue": 3678912,
            "revenue_4q": null,
            "common_shares": 4414700,
            "book_valuer_per_share": 18.93,
            "book_valuer_per_share_4q_avg": 19.33,
            "equity": 8358348,
            "current_ratio": 177.36,
            "debt_ratio": 50.79,
            "inventory_turnover_ratio": 2.54,
            "account_receivable_turnover_ratio": 1.24,
            "reinvestment_rate": null,
            "research_to_sale_ratio": 1.97,
            "price_fair": 4.23,
            "eps_avg_yearly": 1.41,
            "eps_latest_yearly": 0.52,
            "eps_growth_yearly": -21.75
        },
        "20121": {
            "year_quarter": 20121,
            "year": 2012,
            "quarter": 1,
            "eps": -0.01,
            "eps_growth_year": null,
            "eps_4q": -1.26,
            "eps_4q_growth_year": null,
            "roe": -0.04,
            "roe_4q": -6.53,
            "gross_profit": 250348,
            "gross_margin": 7.27,
            "gross_margin_4q_avg": 3.52,
            "net_income": -2997,
            "net_income_4q": null,
            "revenue": 3442377,
            "revenue_4q": null,
            "common_shares": 4414700,
            "book_valuer_per_share": 18.76,
            "book_valuer_per_share_4q_avg": 19.1,
            "equity": 8280278,
            "current_ratio": 162.67,
            "debt_ratio": 51.89,
            "inventory_turnover_ratio": 2.4,
            "account_receivable_turnover_ratio": 1.33,
            "reinvestment_rate": null,
            "research_to_sale_ratio": 1.63,
            "price_fair": 3.28,
            "eps_avg_yearly": 1.09,
            "eps_latest_yearly": 0.52,
            "eps_growth_yearly": -26.78
        },
        "20122": {
            "year_quarter": 20122,
            "year": 2012,
            "quarter": 2,
            "eps": 0.18,
            "eps_growth_year": null,
            "eps_4q": -0.7,
            "eps_4q_growth_year": null,
            "roe": 0.98,
            "roe_4q": -3.63,
            "gross_profit": 313800,
            "gross_margin": 8.81,
            "gross_margin_4q_avg": 5.21,
            "net_income": 81649,
            "net_income_4q": null,
            "revenue": 3563510,
            "revenue_4q": null,
            "common_shares": 4414700,
            "book_valuer_per_share": 18.99,
            "book_valuer_per_share_4q_avg": 19.04,
            "equity": 8385140,
            "current_ratio": 157.34,
            "debt_ratio": 51.51,
            "inventory_turnover_ratio": 2.46,
            "account_receivable_turnover_ratio": 1.42,
            "reinvestment_rate": null,
            "research_to_sale_ratio": 1.6,
            "price_fair": 21.97,
            "eps_avg_yearly": 0.8,
            "eps_latest_yearly": 0.52,
            "eps_growth_yearly": 17.46
        },
        "20123": {
            "year_quarter": 20123,
            "year": 2012,
            "quarter": 3,
            "eps": -0.26,
            "eps_growth_year": null,
            "eps_4q": -0.61,
            "eps_4q_growth_year": null,
            "roe": -1.39,
            "roe_4q": -3.1799999999999997,
            "gross_profit": 168239,
            "gross_margin": 4.52,
            "gross_margin_4q_avg": 6.19,
            "net_income": -115460,
            "net_income_4q": null,
            "revenue": 3723730,
            "revenue_4q": null,
            "common_shares": 4414759,
            "book_valuer_per_share": 18.54,
            "book_valuer_per_share_4q_avg": 18.81,
            "equity": 8184707,
            "current_ratio": 166.86,
            "debt_ratio": 49.22,
            "inventory_turnover_ratio": 2.74,
            "account_receivable_turnover_ratio": 1.42,
            "reinvestment_rate": null,
            "research_to_sale_ratio": 1.44,
            "price_fair": 18.2,
            "eps_avg_yearly": 0.52,
            "eps_latest_yearly": 0.52,
            "eps_growth_yearly": 177.78
        },
        "20124": {
            "year_quarter": 20124,
            "year": 2012,
            "quarter": 4,
            "eps": -1.34,
            "eps_growth_year": null,
            "eps_4q": -1.42,
            "eps_4q_growth_year": null,
            "roe": -7.5,
            "roe_4q": -7.95,
            "gross_profit": -144995,
            "gross_margin": -5.47,
            "gross_margin_4q_avg": 3.78,
            "net_income": -591376,
            "net_income_4q": null,
            "revenue": 2650353,
            "revenue_4q": null,
            "common_shares": 4414759,
            "book_valuer_per_share": 17.18,
            "book_valuer_per_share_4q_avg": 18.37,
            "equity": 7585007,
            "current_ratio": 169.34,
            "debt_ratio": 46.8,
            "inventory_turnover_ratio": 2.43,
            "account_receivable_turnover_ratio": 1.12,
            "reinvestment_rate": null,
            "research_to_sale_ratio": 2.87,
            "price_fair": 18.2,
            "eps_avg_yearly": 0.52,
            "eps_latest_yearly": 0.52,
            "eps_growth_yearly": 177.78
        },
        "20131": {
            "year_quarter": 20131,
            "year": 2013,
            "quarter": 1,
            "eps": -0.52,
            "eps_growth_year": null,
            "eps_4q": -1.94,
            "eps_4q_growth_year": null,
            "roe": -3.07,
            "roe_4q": -10.98,
            "gross_profit": -23702,
            "gross_margin": -1.02,
            "gross_margin_4q_avg": 1.71,
            "net_income": -229568,
            "net_income_4q": null,
            "revenue": 2314217,
            "revenue_4q": null,
            "common_shares": 4414759,
            "book_valuer_per_share": 16.7,
            "book_valuer_per_share_4q_avg": 17.85,
            "equity": 7371846,
            "current_ratio": 150.32,
            "debt_ratio": 38.9,
            "inventory_turnover_ratio": 2.22,
            "account_receivable_turnover_ratio": 1.18,
            "reinvestment_rate": null,
            "research_to_sale_ratio": 3.05,
            "price_fair": 18.2,
            "eps_avg_yearly": 0.52,
            "eps_latest_yearly": 0.52,
            "eps_growth_yearly": 177.78
        },
        "20132": {
            "year_quarter": 20132,
            "year": 2013,
            "quarter": 2,
            "eps": -0.46,
            "eps_growth_year": -348.72,
            "eps_4q": -2.58,
            "eps_4q_growth_year": null,
            "roe": -2.79,
            "roe_4q": -14.75,
            "gross_profit": -6790,
            "gross_margin": -0.31,
            "gross_margin_4q_avg": -0.57,
            "net_income": -203231,
            "net_income_4q": null,
            "revenue": 2175521,
            "revenue_4q": null,
            "common_shares": 4414759,
            "book_valuer_per_share": 16.31,
            "book_valuer_per_share_4q_avg": 17.18,
            "equity": 7199605,
            "current_ratio": 143.87,
            "debt_ratio": 39.98,
            "inventory_turnover_ratio": 1.93,
            "account_receivable_turnover_ratio": 1.18,
            "reinvestment_rate": null,
            "research_to_sale_ratio": 3.27,
            "price_fair": 18.2,
            "eps_avg_yearly": 0.52,
            "eps_latest_yearly": 0.52,
            "eps_growth_yearly": 177.78
        },
        "20133": {
            "year_quarter": 20133,
            "year": 2013,
            "quarter": 3,
            "eps": -0.31,
            "eps_growth_year": null,
            "eps_4q": -2.63,
            "eps_4q_growth_year": null,
            "roe": -1.92,
            "roe_4q": -15.28,
            "gross_profit": 86186,
            "gross_margin": 2.82,
            "gross_margin_4q_avg": -1,
            "net_income": -136957,
            "net_income_4q": null,
            "revenue": 3050780,
            "revenue_4q": null,
            "common_shares": 4414759,
            "book_valuer_per_share": 15.94,
            "book_valuer_per_share_4q_avg": 16.53,
            "equity": 7036430,
            "current_ratio": 138.17,
            "debt_ratio": 43.5,
            "inventory_turnover_ratio": 2.42,
            "account_receivable_turnover_ratio": 1.36,
            "reinvestment_rate": null,
            "research_to_sale_ratio": 2.3,
            "price_fair": 18.2,
            "eps_avg_yearly": 0.52,
            "eps_latest_yearly": 0.52,
            "eps_growth_yearly": 177.78
        },
        "20134": {
            "year_quarter": 20134,
            "year": 2013,
            "quarter": 4,
            "eps": -0.07,
            "eps_growth_year": null,
            "eps_4q": -1.36,
            "eps_4q_growth_year": null,
            "roe": -0.45,
            "roe_4q": -8.23,
            "gross_profit": 148163,
            "gross_margin": 3.79,
            "gross_margin_4q_avg": 1.32,
            "net_income": -31757,
            "net_income_4q": null,
            "revenue": 3904298,
            "revenue_4q": null,
            "common_shares": 4414759,
            "book_valuer_per_share": 16,
            "book_valuer_per_share_4q_avg": 16.24,
            "equity": 7061634,
            "current_ratio": 136.68,
            "debt_ratio": 44.31,
            "inventory_turnover_ratio": 3.24,
            "account_receivable_turnover_ratio": 1.36,
            "reinvestment_rate": null,
            "research_to_sale_ratio": 1.72,
            "price_fair": 18.2,
            "eps_avg_yearly": 0.52,
            "eps_latest_yearly": 0.52,
            "eps_growth_yearly": 177.78
        },
        "20141": {
            "year_quarter": 20141,
            "year": 2014,
            "quarter": 1,
            "eps": 0.15,
            "eps_growth_year": null,
            "eps_4q": -0.69,
            "eps_4q_growth_year": null,
            "roe": 0.95,
            "roe_4q": -4.21,
            "gross_profit": 266818,
            "gross_margin": 6.29,
            "gross_margin_4q_avg": 3.15,
            "net_income": 67793,
            "net_income_4q": null,
            "revenue": 4240406,
            "revenue_4q": null,
            "common_shares": 4414759,
            "book_valuer_per_share": 16.23,
            "book_valuer_per_share_4q_avg": 16.12,
            "equity": 7164333,
            "current_ratio": 138.54,
            "debt_ratio": 49.1,
            "inventory_turnover_ratio": 3.54,
            "account_receivable_turnover_ratio": 1.26,
            "reinvestment_rate": null,
            "research_to_sale_ratio": 1.58,
            "price_fair": 18.2,
            "eps_avg_yearly": 0.52,
            "eps_latest_yearly": 0.52,
            "eps_growth_yearly": 177.78
        },
        "20142": {
            "year_quarter": 20142,
            "year": 2014,
            "quarter": 2,
            "eps": -0.06,
            "eps_growth_year": null,
            "eps_4q": -0.29,
            "eps_4q_growth_year": null,
            "roe": -0.39,
            "roe_4q": -1.81,
            "gross_profit": 262724,
            "gross_margin": 7.97,
            "gross_margin_4q_avg": 5.22,
            "net_income": -27699,
            "net_income_4q": null,
            "revenue": 3295948,
            "revenue_4q": null,
            "common_shares": 4414759,
            "book_valuer_per_share": 16.02,
            "book_valuer_per_share_4q_avg": 16.05,
            "equity": 7073683,
            "current_ratio": 148.26,
            "debt_ratio": 42.97,
            "inventory_turnover_ratio": 2.99,
            "account_receivable_turnover_ratio": 1.05,
            "reinvestment_rate": null,
            "research_to_sale_ratio": 2,
            "price_fair": 0,
            "eps_avg_yearly": 0,
            "eps_latest_yearly": 0,
            "eps_growth_yearly": 0
        },
        "20143": {
            "year_quarter": 20143,
            "year": 2014,
            "quarter": 3,
            "eps": 0.16,
            "eps_growth_year": null,
            "eps_4q": 0.18,
            "eps_4q_growth_year": null,
            "roe": 1.02,
            "roe_4q": 1.1300000000000001,
            "gross_profit": 254014,
            "gross_margin": 7.65,
            "gross_margin_4q_avg": 6.43,
            "net_income": 72724,
            "net_income_4q": null,
            "revenue": 3320388,
            "revenue_4q": null,
            "common_shares": 4415449,
            "book_valuer_per_share": 16.31,
            "book_valuer_per_share_4q_avg": 16.14,
            "equity": 7200621,
            "current_ratio": 154.21,
            "debt_ratio": 40.96,
            "inventory_turnover_ratio": 3.35,
            "account_receivable_turnover_ratio": 1.31,
            "reinvestment_rate": null,
            "research_to_sale_ratio": 1.77,
            "price_fair": 0,
            "eps_avg_yearly": 0,
            "eps_latest_yearly": 0,
            "eps_growth_yearly": 0
        },
        "20144": {
            "year_quarter": 20144,
            "year": 2014,
            "quarter": 4,
            "eps": -0.06,
            "eps_growth_year": null,
            "eps_4q": 0.2,
            "eps_4q_growth_year": null,
            "roe": -0.36,
            "roe_4q": 1.22,
            "gross_profit": 72330,
            "gross_margin": 3.02,
            "gross_margin_4q_avg": 6.23,
            "net_income": -25905,
            "net_income_4q": null,
            "revenue": 2398131,
            "revenue_4q": null,
            "common_shares": 4415449,
            "book_valuer_per_share": 16.54,
            "book_valuer_per_share_4q_avg": 16.28,
            "equity": 7303062,
            "current_ratio": 168.95,
            "debt_ratio": 34.32,
            "inventory_turnover_ratio": 2.38,
            "account_receivable_turnover_ratio": 1.14,
            "reinvestment_rate": null,
            "research_to_sale_ratio": 2.9,
            "price_fair": 0,
            "eps_avg_yearly": 0,
            "eps_latest_yearly": 0,
            "eps_growth_yearly": 0
        },
        "20151": {
            "year_quarter": 20151,
            "year": 2015,
            "quarter": 1,
            "eps": -0.1,
            "eps_growth_year": -166.67,
            "eps_4q": -0.06,
            "eps_4q_growth_year": null,
            "roe": -0.62,
            "roe_4q": -0.35,
            "gross_profit": 183658,
            "gross_margin": 7.23,
            "gross_margin_4q_avg": 6.47,
            "net_income": -44863,
            "net_income_4q": null,
            "revenue": 2541583,
            "revenue_4q": null,
            "common_shares": 4415449,
            "book_valuer_per_share": 16.34,
            "book_valuer_per_share_4q_avg": 16.3,
            "equity": 7214635,
            "current_ratio": 173.47,
            "debt_ratio": 35.9,
            "inventory_turnover_ratio": 2.25,
            "account_receivable_turnover_ratio": 1.35,
            "reinvestment_rate": null,
            "research_to_sale_ratio": 2.41,
            "price_fair": 0,
            "eps_avg_yearly": 0,
            "eps_latest_yearly": 0,
            "eps_growth_yearly": 0
        },
        "20152": {
            "year_quarter": 20152,
            "year": 2015,
            "quarter": 2,
            "eps": 0.11,
            "eps_growth_year": null,
            "eps_4q": 0.11,
            "eps_4q_growth_year": null,
            "roe": 0.64,
            "roe_4q": 0.68,
            "gross_profit": 294571,
            "gross_margin": 10.4,
            "gross_margin_4q_avg": 7.08,
            "net_income": 46552,
            "net_income_4q": null,
            "revenue": 2833006,
            "revenue_4q": null,
            "common_shares": 4415449,
            "book_valuer_per_share": 16.38,
            "book_valuer_per_share_4q_avg": 16.39,
            "equity": 7233856,
            "current_ratio": 185.8,
            "debt_ratio": 37.13,
            "inventory_turnover_ratio": 2.61,
            "account_receivable_turnover_ratio": 1.36,
            "reinvestment_rate": null,
            "research_to_sale_ratio": 2.46,
            "price_fair": 0,
            "eps_avg_yearly": 0,
            "eps_latest_yearly": 0,
            "eps_growth_yearly": 0
        },
        "20153": {
            "year_quarter": 20153,
            "year": 2015,
            "quarter": 3,
            "eps": 0.79,
            "eps_growth_year": 393.75,
            "eps_4q": 0.73,
            "eps_4q_growth_year": 297.94,
            "roe": 4.66,
            "roe_4q": 4.319999999999999,
            "gross_profit": 381955,
            "gross_margin": 13.9,
            "gross_margin_4q_avg": 8.64,
            "net_income": 346786,
            "net_income_4q": null,
            "revenue": 2747953,
            "revenue_4q": null,
            "common_shares": 4415449,
            "book_valuer_per_share": 17.32,
            "book_valuer_per_share_4q_avg": 16.65,
            "equity": 7647311,
            "current_ratio": 198.81,
            "debt_ratio": 35.39,
            "inventory_turnover_ratio": 2.79,
            "account_receivable_turnover_ratio": 1.22,
            "reinvestment_rate": null,
            "research_to_sale_ratio": 2.56,
            "price_fair": 110.6,
            "eps_avg_yearly": 3.16,
            "eps_latest_yearly": 3.16,
            "eps_growth_yearly": 2472.73
        },
        "20154": {
            "year_quarter": 20154,
            "year": 2015,
            "quarter": 4,
            "eps": 0.22,
            "eps_growth_year": null,
            "eps_4q": 1.01,
            "eps_4q_growth_year": 414.58,
            "roe": 1.29,
            "roe_4q": 5.97,
            "gross_profit": 361812,
            "gross_margin": 13.37,
            "gross_margin_4q_avg": 11.23,
            "net_income": 98762,
            "net_income_4q": null,
            "revenue": 2705704,
            "revenue_4q": null,
            "common_shares": 4415449,
            "book_valuer_per_share": 17.37,
            "book_valuer_per_share_4q_avg": 16.85,
            "equity": 7669580,
            "current_ratio": 161.96,
            "debt_ratio": 41.74,
            "inventory_turnover_ratio": 2.94,
            "account_receivable_turnover_ratio": 1.23,
            "reinvestment_rate": null,
            "research_to_sale_ratio": 3.18,
            "price_fair": 70.7,
            "eps_avg_yearly": 2.02,
            "eps_latest_yearly": 0.88,
            "eps_growth_yearly": 1092.06
        },
        "20161": {
            "year_quarter": 20161,
            "year": 2016,
            "quarter": 1,
            "eps": 0.3,
            "eps_growth_year": null,
            "eps_4q": 1.41,
            "eps_4q_growth_year": null,
            "roe": 1.7,
            "roe_4q": 8.290000000000001,
            "gross_profit": 428413,
            "gross_margin": 15.07,
            "gross_margin_4q_avg": 13.19,
            "net_income": 130821,
            "net_income_4q": null,
            "revenue": 2842542,
            "revenue_4q": null,
            "common_shares": 4415449,
            "book_valuer_per_share": 17.58,
            "book_valuer_per_share_4q_avg": 17.16,
            "equity": 7763033,
            "current_ratio": 157.71,
            "debt_ratio": 40.33,
            "inventory_turnover_ratio": 3.21,
            "account_receivable_turnover_ratio": 1.29,
            "reinvestment_rate": null,
            "research_to_sale_ratio": 2.04,
            "price_fair": 61.13,
            "eps_avg_yearly": 1.75,
            "eps_latest_yearly": 1.2,
            "eps_growth_yearly": 776.52
        },
        "20162": {
            "year_quarter": 20162,
            "year": 2016,
            "quarter": 2,
            "eps": 0.47,
            "eps_growth_year": 327.27,
            "eps_4q": 1.77,
            "eps_4q_growth_year": 1512.61,
            "roe": 2.63,
            "roe_4q": 10.280000000000001,
            "gross_profit": 445589,
            "gross_margin": 15.6,
            "gross_margin_4q_avg": 14.49,
            "net_income": 205877,
            "net_income_4q": null,
            "revenue": 2856201,
            "revenue_4q": null,
            "common_shares": 4415449,
            "book_valuer_per_share": 17.81,
            "book_valuer_per_share_4q_avg": 17.52,
            "equity": 7864598,
            "current_ratio": 161.59,
            "debt_ratio": 39.22,
            "inventory_turnover_ratio": 3.38,
            "account_receivable_turnover_ratio": 1.24,
            "reinvestment_rate": null,
            "research_to_sale_ratio": 2.52,
            "price_fair": 62.3,
            "eps_avg_yearly": 1.78,
            "eps_latest_yearly": 1.88,
            "eps_growth_yearly": 639.06
        },
        "20163": {
            "year_quarter": 20163,
            "year": 2016,
            "quarter": 3,
            "eps": 0.06,
            "eps_growth_year": -92.41,
            "eps_4q": 1.05,
            "eps_4q_growth_year": 43.61,
            "roe": 0.35,
            "roe_4q": 5.97,
            "gross_profit": 377820,
            "gross_margin": 12.85,
            "gross_margin_4q_avg": 14.22,
            "net_income": 27769,
            "net_income_4q": null,
            "revenue": 2939816,
            "revenue_4q": null,
            "common_shares": 4415449,
            "book_valuer_per_share": 17.67,
            "book_valuer_per_share_4q_avg": 17.61,
            "equity": 7800912,
            "current_ratio": 162.81,
            "debt_ratio": 40.83,
            "inventory_turnover_ratio": 3.87,
            "account_receivable_turnover_ratio": 1.29,
            "reinvestment_rate": null,
            "research_to_sale_ratio": 3.24,
            "price_fair": 51.52,
            "eps_avg_yearly": 1.47,
            "eps_latest_yearly": 0.24,
            "eps_growth_yearly": 441.46
        },
        "20164": {
            "year_quarter": 20164,
            "year": 2016,
            "quarter": 4,
            "eps": 0.61,
            "eps_growth_year": 171.15,
            "eps_4q": 1.43,
            "eps_4q_growth_year": 41.37,
            "roe": 3.38,
            "roe_4q": 8.059999999999999,
            "gross_profit": 480285,
            "gross_margin": 15.77,
            "gross_margin_4q_avg": 14.82,
            "net_income": 267796,
            "net_income_4q": null,
            "revenue": 3045050,
            "revenue_4q": null,
            "common_shares": 4415449,
            "book_valuer_per_share": 18.21,
            "book_valuer_per_share_4q_avg": 17.82,
            "equity": 8038513,
            "current_ratio": 186.2,
            "debt_ratio": 36.18,
            "inventory_turnover_ratio": 3.93,
            "account_receivable_turnover_ratio": 1.31,
            "reinvestment_rate": -105.78,
            "research_to_sale_ratio": 2.58,
            "price_fair": 57.17,
            "eps_avg_yearly": 1.63,
            "eps_latest_yearly": 2.44,
            "eps_growth_yearly": 979
        },
        "20171": {
            "year_quarter": 20171,
            "year": 2017,
            "quarter": 1,
            "eps": 0.24,
            "eps_growth_year": -20,
            "eps_4q": 1.38,
            "eps_4q_growth_year": -2.45,
            "roe": 1.32,
            "roe_4q": 7.68,
            "gross_profit": 592208,
            "gross_margin": 19.76,
            "gross_margin_4q_avg": 16,
            "net_income": 106240,
            "net_income_4q": null,
            "revenue": 2997437,
            "revenue_4q": null,
            "common_shares": 4415449,
            "book_valuer_per_share": 18.16,
            "book_valuer_per_share_4q_avg": 17.96,
            "equity": 8016655,
            "current_ratio": 161.06,
            "debt_ratio": 40,
            "inventory_turnover_ratio": 3.59,
            "account_receivable_turnover_ratio": 1.32,
            "reinvestment_rate": -42.22,
            "research_to_sale_ratio": 2.28,
            "price_fair": 53.8,
            "eps_avg_yearly": 1.54,
            "eps_latest_yearly": 0.96,
            "eps_growth_yearly": 804.48
        },
        "20172": {
            "year_quarter": 20172,
            "year": 2017,
            "quarter": 2,
            "eps": 0.46,
            "eps_growth_year": -2.13,
            "eps_4q": 1.37,
            "eps_4q_growth_year": -22.56,
            "roe": 2.52,
            "roe_4q": 7.569999999999999,
            "gross_profit": 550512,
            "gross_margin": 18.17,
            "gross_margin_4q_avg": 16.64,
            "net_income": 203949,
            "net_income_4q": null,
            "revenue": 3029503,
            "revenue_4q": null,
            "common_shares": 4415449,
            "book_valuer_per_share": 18.52,
            "book_valuer_per_share_4q_avg": 18.14,
            "equity": 8176663,
            "current_ratio": 170.32,
            "debt_ratio": 45.6,
            "inventory_turnover_ratio": 3.36,
            "account_receivable_turnover_ratio": 1.3,
            "reinvestment_rate": 253.47,
            "research_to_sale_ratio": 2.53,
            "price_fair": 55.13,
            "eps_avg_yearly": 1.58,
            "eps_latest_yearly": 1.84,
            "eps_growth_yearly": 749.75
        },
        "20173": {
            "year_quarter": 20173,
            "year": 2017,
            "quarter": 3,
            "eps": 0.47,
            "eps_growth_year": 683.33,
            "eps_4q": 1.78,
            "eps_4q_growth_year": 69.58,
            "roe": 2.5,
            "roe_4q": 9.719999999999999,
            "gross_profit": 528722,
            "gross_margin": 15.52,
            "gross_margin_4q_avg": 17.31,
            "net_income": 207549,
            "net_income_4q": null,
            "revenue": 3406002,
            "revenue_4q": null,
            "common_shares": 4415449,
            "book_valuer_per_share": 19.07,
            "book_valuer_per_share_4q_avg": 18.49,
            "equity": 8421816,
            "current_ratio": 179.04,
            "debt_ratio": 45.13,
            "inventory_turnover_ratio": 3.74,
            "account_receivable_turnover_ratio": 1.39,
            "reinvestment_rate": 198.79,
            "research_to_sale_ratio": 2.24,
            "price_fair": 56.31,
            "eps_avg_yearly": 1.61,
            "eps_latest_yearly": 1.88,
            "eps_growth_yearly": 667.41
        },
        "20174": {
            "year_quarter": 20174,
            "year": 2017,
            "quarter": 4,
            "eps": 0.2,
            "eps_growth_year": -67.12,
            "eps_4q": 1.37,
            "eps_4q_growth_year": -4.19,
            "roe": 1.04,
            "roe_4q": 7.380000000000001,
            "gross_profit": 439116,
            "gross_margin": 14.5,
            "gross_margin_4q_avg": 16.99,
            "net_income": 88051,
            "net_income_4q": null,
            "revenue": 3029276,
            "revenue_4q": null,
            "common_shares": 4415449,
            "book_valuer_per_share": 19.25,
            "book_valuer_per_share_4q_avg": 18.75,
            "equity": 8500301,
            "current_ratio": 184.94,
            "debt_ratio": 44.95,
            "inventory_turnover_ratio": 3.22,
            "account_receivable_turnover_ratio": 1.36,
            "reinvestment_rate": 187.65,
            "research_to_sale_ratio": 2.65,
            "price_fair": 53.48,
            "eps_avg_yearly": 1.53,
            "eps_latest_yearly": 0.8,
            "eps_growth_yearly": 577.69
        },
        "20181": {
            "year_quarter": 20181,
            "year": 2018,
            "quarter": 1,
            "eps": 0.03,
            "eps_growth_year": -87.5,
            "eps_4q": 1.16,
            "eps_4q_growth_year": -15.57,
            "roe": 0.16,
            "roe_4q": 6.220000000000001,
            "gross_profit": 334748,
            "gross_margin": 13.37,
            "gross_margin_4q_avg": 15.39,
            "net_income": 13495,
            "net_income_4q": null,
            "revenue": 2503098,
            "revenue_4q": null,
            "common_shares": 4415449,
            "book_valuer_per_share": 19.37,
            "book_valuer_per_share_4q_avg": 19.05,
            "equity": 8553893,
            "current_ratio": 219.51,
            "debt_ratio": 41.16,
            "inventory_turnover_ratio": 2.3,
            "account_receivable_turnover_ratio": 1.35,
            "reinvestment_rate": 196.39,
            "research_to_sale_ratio": 2.74,
            "price_fair": 49,
            "eps_avg_yearly": 1.4,
            "eps_latest_yearly": 0.12,
            "eps_growth_yearly": 494.27
        },
        "20182": {
            "year_quarter": 20182,
            "year": 2018,
            "quarter": 2,
            "eps": 0.17,
            "eps_growth_year": -63.04,
            "eps_4q": 0.87,
            "eps_4q_growth_year": -36.78,
            "roe": 0.87,
            "roe_4q": 4.57,
            "gross_profit": 325777,
            "gross_margin": 12.32,
            "gross_margin_4q_avg": 13.93,
            "net_income": 73883,
            "net_income_4q": null,
            "revenue": 2645268,
            "revenue_4q": null,
            "common_shares": 4415449,
            "book_valuer_per_share": 19.31,
            "book_valuer_per_share_4q_avg": 19.25,
            "equity": 8526482,
            "current_ratio": 189.51,
            "debt_ratio": 39.88,
            "inventory_turnover_ratio": 2.21,
            "account_receivable_turnover_ratio": 1.48,
            "reinvestment_rate": 189.81,
            "research_to_sale_ratio": 2.59,
            "price_fair": 46.9,
            "eps_avg_yearly": 1.34,
            "eps_latest_yearly": 0.68,
            "eps_growth_yearly": 608.63
        },
        "20183": {
            "year_quarter": 20183,
            "year": 2018,
            "quarter": 3,
            "eps": 0.18,
            "eps_growth_year": -61.7,
            "eps_4q": 0.58,
            "eps_4q_growth_year": -67.34,
            "roe": 0.95,
            "roe_4q": 3.0199999999999996,
            "gross_profit": 333434,
            "gross_margin": 12.73,
            "gross_margin_4q_avg": 13.23,
            "net_income": 81163,
            "net_income_4q": null,
            "revenue": 2618330,
            "revenue_4q": null,
            "common_shares": 4415449,
            "book_valuer_per_share": 19.29,
            "book_valuer_per_share_4q_avg": 19.31,
            "equity": 8517061,
            "current_ratio": 190.35,
            "debt_ratio": 39.34,
            "inventory_turnover_ratio": 2.11,
            "account_receivable_turnover_ratio": 1.36,
            "reinvestment_rate": 190.26,
            "research_to_sale_ratio": 2.53,
            "price_fair": 45.23,
            "eps_avg_yearly": 1.29,
            "eps_latest_yearly": 0.72,
            "eps_growth_yearly": 563.62
        },
        "20184": {
            "year_quarter": 20184,
            "year": 2018,
            "quarter": 4,
            "eps": -0.68,
            "eps_growth_year": -441.98,
            "eps_4q": -0.3,
            "eps_4q_growth_year": -121.89,
            "roe": -3.59,
            "roe_4q": -1.6099999999999997,
            "gross_profit": 155010,
            "gross_margin": 7.31,
            "gross_margin_4q_avg": 11.43,
            "net_income": -301119,
            "net_income_4q": null,
            "revenue": 2121156,
            "revenue_4q": null,
            "common_shares": 4415449,
            "book_valuer_per_share": 18.66,
            "book_valuer_per_share_4q_avg": 19.16,
            "equity": 8238407,
            "current_ratio": 192.79,
            "debt_ratio": 38.31,
            "inventory_turnover_ratio": 1.87,
            "account_receivable_turnover_ratio": 1.18,
            "reinvestment_rate": 201.62,
            "research_to_sale_ratio": 3.43,
            "price_fair": 45.23,
            "eps_avg_yearly": 1.29,
            "eps_latest_yearly": 0.72,
            "eps_growth_yearly": 563.62
        },
        "20191": {
            "year_quarter": 20191,
            "year": 2019,
            "quarter": 1,
            "eps": -0.37,
            "eps_growth_year": -1333.33,
            "eps_4q": -0.7,
            "eps_4q_growth_year": -160.24,
            "roe": -1.99,
            "roe_4q": -3.76,
            "gross_profit": 51152,
            "gross_margin": 2.64,
            "gross_margin_4q_avg": 8.75,
            "net_income": -162968,
            "net_income_4q": null,
            "revenue": 1935452,
            "revenue_4q": null,
            "common_shares": 4415449,
            "book_valuer_per_share": 18.41,
            "book_valuer_per_share_4q_avg": 18.92,
            "equity": 8129922,
            "current_ratio": 194.85,
            "debt_ratio": 37.33,
            "inventory_turnover_ratio": 1.87,
            "account_receivable_turnover_ratio": 1.22,
            "reinvestment_rate": 225.85,
            "research_to_sale_ratio": 3.3,
            "price_fair": 45.23,
            "eps_avg_yearly": 1.29,
            "eps_latest_yearly": 0.72,
            "eps_growth_yearly": 563.62
        },
        "20192": {
            "year_quarter": 20192,
            "year": 2019,
            "quarter": 2,
            "eps": 1.86,
            "eps_growth_year": 994.12,
            "eps_4q": 0.99,
            "eps_4q_growth_year": 14.62,
            "roe": 9.6,
            "roe_4q": 4.97,
            "gross_profit": 289754,
            "gross_margin": 11.7,
            "gross_margin_4q_avg": 8.6,
            "net_income": 821902,
            "net_income_4q": null,
            "revenue": 2477038,
            "revenue_4q": null,
            "common_shares": 4415449,
            "book_valuer_per_share": 20.38,
            "book_valuer_per_share_4q_avg": 19.19,
            "equity": 8998277,
            "current_ratio": 187.97,
            "debt_ratio": 34.12,
            "inventory_turnover_ratio": 2.16,
            "account_receivable_turnover_ratio": 1.48,
            "reinvestment_rate": 146.86,
            "research_to_sale_ratio": 2.87,
            "price_fair": 45.23,
            "eps_avg_yearly": 1.29,
            "eps_latest_yearly": 0.72,
            "eps_growth_yearly": 563.62
        },
        "20193": {
            "year_quarter": 20193,
            "year": 2019,
            "quarter": 3,
            "eps": 0.14,
            "eps_growth_year": -22.22,
            "eps_4q": 0.95,
            "eps_4q_growth_year": 63.62,
            "roe": 0.69,
            "roe_4q": 4.709999999999999,
            "gross_profit": 269737,
            "gross_margin": 11.76,
            "gross_margin_4q_avg": 8.35,
            "net_income": 62029,
            "net_income_4q": null,
            "revenue": 2292714,
            "revenue_4q": null,
            "common_shares": 4415449,
            "book_valuer_per_share": 20.44,
            "book_valuer_per_share_4q_avg": 19.47,
            "equity": 9026333,
            "current_ratio": 177.96,
            "debt_ratio": 32.62,
            "inventory_turnover_ratio": 1.82,
            "account_receivable_turnover_ratio": 1.23,
            "reinvestment_rate": 171.11,
            "research_to_sale_ratio": 2.95,
            "price_fair": 38.23,
            "eps_avg_yearly": 1.09,
            "eps_latest_yearly": 0.56,
            "eps_growth_yearly": 344.96
        },
        "20194": {
            "year_quarter": 20194,
            "year": 2019,
            "quarter": 4,
            "eps": -2.09,
            "eps_growth_year": null,
            "eps_4q": -0.45,
            "eps_4q_growth_year": null,
            "roe": -10.77,
            "roe_4q": -2.4700000000000006,
            "gross_profit": 155813,
            "gross_margin": 7.39,
            "gross_margin_4q_avg": 8.37,
            "net_income": -921865,
            "net_income_4q": null,
            "revenue": 2109775,
            "revenue_4q": null,
            "common_shares": 4415449,
            "book_valuer_per_share": 18.32,
            "book_valuer_per_share_4q_avg": 19.39,
            "equity": 8088538,
            "current_ratio": 166.39,
            "debt_ratio": 33.74,
            "inventory_turnover_ratio": 1.58,
            "account_receivable_turnover_ratio": 1.2,
            "reinvestment_rate": 311.9,
            "research_to_sale_ratio": 3.04,
            "price_fair": 38.85,
            "eps_avg_yearly": 1.11,
            "eps_latest_yearly": 0.56,
            "eps_growth_yearly": 397.76
        },
        "20201": {
            "year_quarter": 20201,
            "year": 2020,
            "quarter": 1,
            "eps": -0.43,
            "eps_growth_year": null,
            "eps_4q": -0.51,
            "eps_4q_growth_year": null,
            "roe": -2.36,
            "roe_4q": -2.84,
            "gross_profit": 12022,
            "gross_margin": 0.77,
            "gross_margin_4q_avg": 7.91,
            "net_income": -187990,
            "net_income_4q": null,
            "revenue": 1558631,
            "revenue_4q": null,
            "common_shares": 4415449,
            "book_valuer_per_share": 17.78,
            "book_valuer_per_share_4q_avg": 19.23,
            "equity": 7850854,
            "current_ratio": 168.33,
            "debt_ratio": 31.4,
            "inventory_turnover_ratio": 1.18,
            "account_receivable_turnover_ratio": 1.18,
            "reinvestment_rate": 189.39,
            "research_to_sale_ratio": 4.59,
            "price_fair": 38.56,
            "eps_avg_yearly": 1.1,
            "eps_latest_yearly": 0.56,
            "eps_growth_yearly": 420.7
        },
        "20202": {
            "year_quarter": 20202,
            "year": 2020,
            "quarter": 2,
            "eps": -0.34,
            "eps_growth_year": -118.28,
            "eps_4q": -2.72,
            "eps_4q_growth_year": -373.37,
            "roe": -1.96,
            "roe_4q": -14.4,
            "gross_profit": 106741,
            "gross_margin": 5.99,
            "gross_margin_4q_avg": 6.48,
            "net_income": -152187,
            "net_income_4q": null,
            "revenue": 1780546,
            "revenue_4q": null,
            "common_shares": 4415449,
            "book_valuer_per_share": 17.4,
            "book_valuer_per_share_4q_avg": 18.49,
            "equity": 7683260,
            "current_ratio": 168.1,
            "debt_ratio": 31.22,
            "inventory_turnover_ratio": 1.31,
            "account_receivable_turnover_ratio": 1.54,
            "reinvestment_rate": 510.85,
            "research_to_sale_ratio": 3.47,
            "price_fair": 35.84,
            "eps_avg_yearly": 1.02,
            "eps_latest_yearly": 0.56,
            "eps_growth_yearly": 440.1
        },
        "20203": {
            "year_quarter": 20203,
            "year": 2020,
            "quarter": 3,
            "eps": -0.69,
            "eps_growth_year": -592.86,
            "eps_4q": -3.55,
            "eps_4q_growth_year": -473.12,
            "roe": -4.04,
            "roe_4q": -19.13,
            "gross_profit": -8899,
            "gross_margin": -0.5,
            "gross_margin_4q_avg": 3.41,
            "net_income": -304500,
            "net_income_4q": null,
            "revenue": 1784829,
            "revenue_4q": null,
            "common_shares": 4415449,
            "book_valuer_per_share": 16.75,
            "book_valuer_per_share_4q_avg": 17.56,
            "equity": 7395192,
            "current_ratio": 156.45,
            "debt_ratio": 32.18,
            "inventory_turnover_ratio": 1.55,
            "account_receivable_turnover_ratio": 1.46,
            "reinvestment_rate": null,
            "research_to_sale_ratio": 3.39,
            "price_fair": 38.89,
            "eps_avg_yearly": 1.11,
            "eps_latest_yearly": 0.56,
            "eps_growth_yearly": 527.77
        },
        "20204": {
            "year_quarter": 20204,
            "year": 2020,
            "quarter": 4,
            "eps": -1.01,
            "eps_growth_year": null,
            "eps_4q": -2.47,
            "eps_4q_growth_year": null,
            "roe": -6.2,
            "roe_4q": -14.559999999999999,
            "gross_profit": 35959,
            "gross_margin": 1.77,
            "gross_margin_4q_avg": 2.01,
            "net_income": -445510,
            "net_income_4q": null,
            "revenue": 2035037,
            "revenue_4q": null,
            "common_shares": 4415449,
            "book_valuer_per_share": 15.78,
            "book_valuer_per_share_4q_avg": 16.93,
            "equity": 6968810,
            "current_ratio": 143.99,
            "debt_ratio": 39.48,
            "inventory_turnover_ratio": 1.77,
            "account_receivable_turnover_ratio": 1.68,
            "reinvestment_rate": null,
            "research_to_sale_ratio": 2.85,
            "price_fair": 33.08,
            "eps_avg_yearly": 0.95,
            "eps_latest_yearly": 0.56,
            "eps_growth_yearly": 135.41
        },
        "20211": {
            "year_quarter": 20211,
            "year": 2021,
            "quarter": 1,
            "eps": -0.37,
            "eps_growth_year": null,
            "eps_4q": -2.41,
            "eps_4q_growth_year": null,
            "roe": -2.35,
            "roe_4q": -14.55,
            "gross_profit": 104570,
            "gross_margin": 4.76,
            "gross_margin_4q_avg": 3.01,
            "net_income": -162926,
            "net_income_4q": null,
            "revenue": 2194735,
            "revenue_4q": null,
            "common_shares": 4415449,
            "book_valuer_per_share": 15.61,
            "book_valuer_per_share_4q_avg": 16.39,
            "equity": 6890498,
            "current_ratio": 138.96,
            "debt_ratio": 40.99,
            "inventory_turnover_ratio": 1.74,
            "account_receivable_turnover_ratio": 1.68,
            "reinvestment_rate": null,
            "research_to_sale_ratio": 2.31,
            "price_fair": 33,
            "eps_avg_yearly": 0.94,
            "eps_latest_yearly": 0.56,
            "eps_growth_yearly": 189.41
        },
        "20212": {
            "year_quarter": 20212,
            "year": 2021,
            "quarter": 2,
            "eps": -0.02,
            "eps_growth_year": null,
            "eps_4q": -2.09,
            "eps_4q_growth_year": null,
            "roe": -0.13,
            "roe_4q": -12.719999999999999,
            "gross_profit": 273011,
            "gross_margin": 10.16,
            "gross_margin_4q_avg": 4.05,
            "net_income": -8989,
            "net_income_4q": null,
            "revenue": 2686477,
            "revenue_4q": null,
            "common_shares": 4415449,
            "book_valuer_per_share": 15.58,
            "book_valuer_per_share_4q_avg": 15.93,
            "equity": 6877315,
            "current_ratio": 175.15,
            "debt_ratio": 42.21,
            "inventory_turnover_ratio": 1.87,
            "account_receivable_turnover_ratio": 1.77,
            "reinvestment_rate": null,
            "research_to_sale_ratio": 1.94,
            "price_fair": 27.77,
            "eps_avg_yearly": 0.79,
            "eps_latest_yearly": 0.56,
            "eps_growth_yearly": 159.87
        },
        "20213": {
            "year_quarter": 20213,
            "year": 2021,
            "quarter": 3,
            "eps": 0.27,
            "eps_growth_year": null,
            "eps_4q": -1.12,
            "eps_4q_growth_year": null,
            "roe": 1.74,
            "roe_4q": -6.94,
            "gross_profit": 281781,
            "gross_margin": 10.45,
            "gross_margin_4q_avg": 6.79,
            "net_income": 120991,
            "net_income_4q": null,
            "revenue": 2696030,
            "revenue_4q": null,
            "common_shares": 4415449,
            "book_valuer_per_share": 15.84,
            "book_valuer_per_share_4q_avg": 15.7,
            "equity": 6995909,
            "current_ratio": 174.88,
            "debt_ratio": 42.75,
            "inventory_turnover_ratio": 1.62,
            "account_receivable_turnover_ratio": 1.6,
            "reinvestment_rate": null,
            "research_to_sale_ratio": 1.75,
            "price_fair": 20.16,
            "eps_avg_yearly": 0.58,
            "eps_latest_yearly": 0.56,
            "eps_growth_yearly": 190.1
        },
        "20214": {
            "year_quarter": 20214,
            "year": 2021,
            "quarter": 4,
            "eps": 0.33,
            "eps_growth_year": null,
            "eps_4q": 0.21,
            "eps_4q_growth_year": null,
            "roe": 2.03,
            "roe_4q": 1.2899999999999996,
            "gross_profit": 296126,
            "gross_margin": 11,
            "gross_margin_4q_avg": 9.09,
            "net_income": 143592,
            "net_income_4q": null,
            "revenue": 2692062,
            "revenue_4q": null,
            "common_shares": 4415449,
            "book_valuer_per_share": 16.19,
            "book_valuer_per_share_4q_avg": 15.81,
            "equity": 7148389,
            "current_ratio": 177.37,
            "debt_ratio": 42.13,
            "inventory_turnover_ratio": 1.36,
            "account_receivable_turnover_ratio": 1.66,
            "reinvestment_rate": null,
            "research_to_sale_ratio": 1.75,
            "price_fair": 23.8,
            "eps_avg_yearly": 0.68,
            "eps_latest_yearly": 1.32,
            "eps_growth_yearly": 253.84
        },
        "20221": {
            "year_quarter": 20221,
            "year": 2022,
            "quarter": 1,
            "eps": 0.41,
            "eps_growth_year": null,
            "eps_4q": 0.99,
            "eps_4q_growth_year": null,
            "roe": 2.5,
            "roe_4q": 6.14,
            "gross_profit": 275487,
            "gross_margin": 10.63,
            "gross_margin_4q_avg": 10.56,
            "net_income": 180984,
            "net_income_4q": null,
            "revenue": 2591426,
            "revenue_4q": null,
            "common_shares": 4415449,
            "book_valuer_per_share": 16.65,
            "book_valuer_per_share_4q_avg": 16.07,
            "equity": 7351796,
            "current_ratio": 185.29,
            "debt_ratio": 40.17,
            "inventory_turnover_ratio": 1.19,
            "account_receivable_turnover_ratio": 1.59,
            "reinvestment_rate": null,
            "research_to_sale_ratio": 1.65,
            "price_fair": 34.44,
            "eps_avg_yearly": 0.98,
            "eps_latest_yearly": 1.64,
            "eps_growth_yearly": 341.23
        },
        "20222": {
            "year_quarter": 20222,
            "year": 2022,
            "quarter": 2,
            "eps": 0.31,
            "eps_growth_year": null,
            "eps_4q": 1.32,
            "eps_4q_growth_year": null,
            "roe": 1.86,
            "roe_4q": 8.13,
            "gross_profit": 259332,
            "gross_margin": 9.96,
            "gross_margin_4q_avg": 10.51,
            "net_income": 138028,
            "net_income_4q": null,
            "revenue": 2603960,
            "revenue_4q": null,
            "common_shares": 4415449,
            "book_valuer_per_share": 16.94,
            "book_valuer_per_share_4q_avg": 16.41,
            "equity": 7479326,
            "current_ratio": 199.99,
            "debt_ratio": 37.42,
            "inventory_turnover_ratio": 1.23,
            "account_receivable_turnover_ratio": 1.57,
            "reinvestment_rate": null,
            "research_to_sale_ratio": 1.82,
            "price_fair": 3.29,
            "eps_avg_yearly": 1.1,
            "eps_latest_yearly": 1.24,
            "eps_growth_yearly": -51.61
        },
        "20223": {
            "year_quarter": 20223,
            "year": 2022,
            "quarter": 3,
            "eps": 0.6,
            "eps_growth_year": 122.22,
            "eps_4q": 1.65,
            "eps_4q_growth_year": null,
            "roe": 3.5,
            "roe_4q": 9.89,
            "gross_profit": 320298,
            "gross_margin": 12.46,
            "gross_margin_4q_avg": 11.01,
            "net_income": 266739,
            "net_income_4q": null,
            "revenue": 2571061,
            "revenue_4q": null,
            "common_shares": 4415449,
            "book_valuer_per_share": 17.56,
            "book_valuer_per_share_4q_avg": 16.84,
            "equity": 7751814,
            "current_ratio": 196.96,
            "debt_ratio": 37.64,
            "inventory_turnover_ratio": 1.23,
            "account_receivable_turnover_ratio": 1.59,
            "reinvestment_rate": null,
            "research_to_sale_ratio": 1.96,
            "price_fair": 40.84,
            "eps_avg_yearly": 1.43,
            "eps_latest_yearly": 2.4,
            "eps_growth_yearly": 18.52
        },
        "20224": {
            "year_quarter": 20224,
            "year": 2022,
            "quarter": 4,
            "eps": 0.06,
            "eps_growth_year": -80.55,
            "eps_4q": 1.39,
            "eps_4q_growth_year": 562.23,
            "roe": 0.36,
            "roe_4q": 8.219999999999999,
            "gross_profit": 283848,
            "gross_margin": 10.72,
            "gross_margin_4q_avg": 10.94,
            "net_income": 27923,
            "net_income_4q": null,
            "revenue": 2647923,
            "revenue_4q": null,
            "common_shares": 4415449,
            "book_valuer_per_share": 17.62,
            "book_valuer_per_share_4q_avg": 17.19,
            "equity": 7781193,
            "current_ratio": 194.45,
            "debt_ratio": 37.44,
            "inventory_turnover_ratio": 1.32,
            "account_receivable_turnover_ratio": 1.64,
            "reinvestment_rate": null,
            "research_to_sale_ratio": 1.65,
            "price_fair": 3.7,
            "eps_avg_yearly": 1.23,
            "eps_latest_yearly": 0.24,
            "eps_growth_yearly": -44.57
        },
        "20231": {
            "year_quarter": 20231,
            "year": 2023,
            "quarter": 1,
            "eps": 0.12,
            "eps_growth_year": -70.73,
            "eps_4q": 1.1,
            "eps_4q_growth_year": 11.6,
            "roe": 0.7,
            "roe_4q": 6.420000000000001,
            "gross_profit": 148261,
            "gross_margin": 6.3,
            "gross_margin_4q_avg": 9.86,
            "net_income": 54524,
            "net_income_4q": null,
            "revenue": 2351501,
            "revenue_4q": null,
            "common_shares": 4415449,
            "book_valuer_per_share": 17.55,
            "book_valuer_per_share_4q_avg": 17.42,
            "equity": 7750630,
            "current_ratio": 176.82,
            "debt_ratio": 36.99,
            "inventory_turnover_ratio": 1.35,
            "account_receivable_turnover_ratio": 1.61,
            "reinvestment_rate": null,
            "research_to_sale_ratio": 1.86,
            "price_fair": 32.58,
            "eps_avg_yearly": 1.13,
            "eps_latest_yearly": 0.48,
            "eps_growth_yearly": 18.94
        },
        "20232": {
            "year_quarter": 20232,
            "year": 2023,
            "quarter": 2,
            "eps": 0.15,
            "eps_growth_year": -51.61,
            "eps_4q": 0.94,
            "eps_4q_growth_year": -29,
            "roe": 0.84,
            "roe_4q": 5.4,
            "gross_profit": 200290,
            "gross_margin": 8.52,
            "gross_margin_4q_avg": 9.5,
            "net_income": 65144,
            "net_income_4q": null,
            "revenue": 2349591,
            "revenue_4q": null,
            "common_shares": 4415449,
            "book_valuer_per_share": 17.67,
            "book_valuer_per_share_4q_avg": 17.6,
            "equity": 7800147,
            "current_ratio": 179.3,
            "debt_ratio": 34.37,
            "inventory_turnover_ratio": 1.48,
            "account_receivable_turnover_ratio": 1.73,
            "reinvestment_rate": null,
            "research_to_sale_ratio": 1.9,
            "price_fair": 37.1,
            "eps_avg_yearly": 1.06,
            "eps_latest_yearly": 0.6,
            "eps_growth_yearly": 29.07
        },
        "20233": {
            "year_quarter": 20233,
            "year": 2023,
            "quarter": 3,
            "eps": 0.29,
            "eps_growth_year": -51.67,
            "eps_4q": 0.62,
            "eps_4q_growth_year": -62.3,
            "roe": 1.62,
            "roe_4q": 3.52,
            "gross_profit": 176616,
            "gross_margin": 8.17,
            "gross_margin_4q_avg": 8.43,
            "net_income": 127338,
            "net_income_4q": null,
            "revenue": 2160924,
            "revenue_4q": null,
            "common_shares": 4415449,
            "book_valuer_per_share": 18.01,
            "book_valuer_per_share_4q_avg": 17.71,
            "equity": 7951201,
            "current_ratio": 185.4,
            "debt_ratio": 33.15,
            "inventory_turnover_ratio": 1.37,
            "account_receivable_turnover_ratio": 1.61,
            "reinvestment_rate": null,
            "research_to_sale_ratio": 2.17,
            "price_fair": 39.73,
            "eps_avg_yearly": 1.14,
            "eps_latest_yearly": 1.16,
            "eps_growth_yearly": 121.98
        }
    },
    "months": {
        "2003-09": {
            "month": "2003-09",
            "price": "7.80",
            "revenue": 315270
        },
        "2003-10": {
            "month": "2003-10",
            "price": "8.18",
            "revenue": 454649
        },
        "2003-11": {
            "month": "2003-11",
            "price": "10.25",
            "revenue": 370949
        },
        "2003-12": {
            "month": "2003-12",
            "price": "14.05",
            "revenue": 174545
        },
        "2004-01": {
            "month": "2004-01",
            "price": "13.65",
            "revenue": 237961
        },
        "2004-02": {
            "month": "2004-02",
            "price": "14.10",
            "revenue": 367120
        },
        "2004-03": {
            "month": "2004-03",
            "price": "17.36",
            "revenue": 443763
        },
        "2004-04": {
            "month": "2004-04",
            "price": "24.93",
            "revenue": 482708
        },
        "2004-05": {
            "month": "2004-05",
            "price": "20.29",
            "revenue": 500503
        },
        "2004-06": {
            "month": "2004-06",
            "price": "18.74",
            "revenue": 591846
        },
        "2004-07": {
            "month": "2004-07",
            "price": "16.92",
            "revenue": 678246
        },
        "2004-08": {
            "month": "2004-08",
            "price": "15.44",
            "revenue": 623443
        },
        "2004-09": {
            "month": "2004-09",
            "price": "15.69",
            "revenue": 472386
        },
        "2004-10": {
            "month": "2004-10",
            "price": "14.80",
            "revenue": 416489
        },
        "2004-11": {
            "month": "2004-11",
            "price": "12.39",
            "revenue": 277513
        },
        "2004-12": {
            "month": "2004-12",
            "price": "11.94",
            "revenue": 235176
        },
        "2005-01": {
            "month": "2005-01",
            "price": "11.15",
            "revenue": 336451
        },
        "2005-02": {
            "month": "2005-02",
            "price": "12.08",
            "revenue": 260373
        },
        "2005-03": {
            "month": "2005-03",
            "price": "14.84",
            "revenue": 467005
        },
        "2005-04": {
            "month": "2005-04",
            "price": "15.43",
            "revenue": 412269
        },
        "2005-05": {
            "month": "2005-05",
            "price": "13.40",
            "revenue": 509144
        },
        "2005-06": {
            "month": "2005-06",
            "price": "17.37",
            "revenue": 609796
        },
        "2005-07": {
            "month": "2005-07",
            "price": "22.34",
            "revenue": 594585
        },
        "2005-08": {
            "month": "2005-08",
            "price": "24.46",
            "revenue": 663785
        },
        "2005-09": {
            "month": "2005-09",
            "price": "22.99",
            "revenue": 749221
        },
        "2005-10": {
            "month": "2005-10",
            "price": "23.80",
            "revenue": 812242
        },
        "2005-11": {
            "month": "2005-11",
            "price": "22.79",
            "revenue": 630468
        },
        "2005-12": {
            "month": "2005-12",
            "price": "25.55",
            "revenue": 379550
        },
        "2006-01": {
            "month": "2006-01",
            "price": "26.92",
            "revenue": 424172
        },
        "2006-02": {
            "month": "2006-02",
            "price": "24.28",
            "revenue": 413338
        },
        "2006-03": {
            "month": "2006-03",
            "price": "23.01",
            "revenue": 463693
        },
        "2006-04": {
            "month": "2006-04",
            "price": "29.11",
            "revenue": 372788
        },
        "2006-05": {
            "month": "2006-05",
            "price": "28.29",
            "revenue": 631671
        },
        "2006-06": {
            "month": "2006-06",
            "price": "24.82",
            "revenue": 491175
        },
        "2006-07": {
            "month": "2006-07",
            "price": "23.08",
            "revenue": 490075
        },
        "2006-08": {
            "month": "2006-08",
            "price": "23.34",
            "revenue": 562614
        },
        "2006-09": {
            "month": "2006-09",
            "price": "22.58",
            "revenue": 505768
        },
        "2006-10": {
            "month": "2006-10",
            "price": "22.28",
            "revenue": 449893
        },
        "2006-11": {
            "month": "2006-11",
            "price": "20.04",
            "revenue": 548607
        },
        "2006-12": {
            "month": "2006-12",
            "price": "23.38",
            "revenue": 539851
        },
        "2007-01": {
            "month": "2007-01",
            "price": "23.65",
            "revenue": 720640
        },
        "2007-02": {
            "month": "2007-02",
            "price": "22.85",
            "revenue": 631863
        },
        "2007-03": {
            "month": "2007-03",
            "price": "23.80",
            "revenue": 965650
        },
        "2007-04": {
            "month": "2007-04",
            "price": "36.97",
            "revenue": 1014284
        },
        "2007-05": {
            "month": "2007-05",
            "price": "41.39",
            "revenue": 1098891
        },
        "2007-06": {
            "month": "2007-06",
            "price": "45.79",
            "revenue": 1087403
        },
        "2007-07": {
            "month": "2007-07",
            "price": "46.04",
            "revenue": 1058278
        },
        "2007-08": {
            "month": "2007-08",
            "price": "39.02",
            "revenue": 1292198
        },
        "2007-09": {
            "month": "2007-09",
            "price": "43.09",
            "revenue": 1346567
        },
        "2007-10": {
            "month": "2007-10",
            "price": "47.81",
            "revenue": 1265849
        },
        "2007-11": {
            "month": "2007-11",
            "price": "53.28",
            "revenue": 1299571
        },
        "2007-12": {
            "month": "2007-12",
            "price": "50.03",
            "revenue": 762086
        },
        "2008-01": {
            "month": "2008-01",
            "price": "32.50",
            "revenue": 1261709
        },
        "2008-02": {
            "month": "2008-02",
            "price": "29.56",
            "revenue": 974594
        },
        "2008-03": {
            "month": "2008-03",
            "price": "32.39",
            "revenue": 1434521
        },
        "2008-04": {
            "month": "2008-04",
            "price": "40.20",
            "revenue": 1287438
        },
        "2008-05": {
            "month": "2008-05",
            "price": "38.57",
            "revenue": 988130
        },
        "2008-06": {
            "month": "2008-06",
            "price": "29.21",
            "revenue": 935240
        },
        "2008-07": {
            "month": "2008-07",
            "price": "26.93",
            "revenue": 1072849
        },
        "2008-08": {
            "month": "2008-08",
            "price": "29.59",
            "revenue": 1407773
        },
        "2008-09": {
            "month": "2008-09",
            "price": "23.65",
            "revenue": 1517496
        },
        "2008-10": {
            "month": "2008-10",
            "price": "16.40",
            "revenue": 1086868
        },
        "2008-11": {
            "month": "2008-11",
            "price": "9.79",
            "revenue": 760133
        },
        "2008-12": {
            "month": "2008-12",
            "price": "9.64",
            "revenue": 687844
        },
        "2009-01": {
            "month": "2009-01",
            "price": "10.62",
            "revenue": 539986
        },
        "2009-02": {
            "month": "2009-02",
            "price": "11.60",
            "revenue": 788320
        },
        "2009-03": {
            "month": "2009-03",
            "price": "14.47",
            "revenue": 999033
        },
        "2009-04": {
            "month": "2009-04",
            "price": "16.92",
            "revenue": 1019619
        },
        "2009-05": {
            "month": "2009-05",
            "price": "17.61",
            "revenue": 925456
        },
        "2009-06": {
            "month": "2009-06",
            "price": "15.64",
            "revenue": 1022848
        },
        "2009-07": {
            "month": "2009-07",
            "price": "17.14",
            "revenue": 1282224
        },
        "2009-08": {
            "month": "2009-08",
            "price": "19.27",
            "revenue": 1308127
        },
        "2009-09": {
            "month": "2009-09",
            "price": "18.92",
            "revenue": 1392391
        },
        "2009-10": {
            "month": "2009-10",
            "price": "19.80",
            "revenue": 1198698
        },
        "2009-11": {
            "month": "2009-11",
            "price": "19.41",
            "revenue": 936014
        },
        "2009-12": {
            "month": "2009-12",
            "price": "20.45",
            "revenue": 880964
        },
        "2010-01": {
            "month": "2010-01",
            "price": "20.02",
            "revenue": 883028
        },
        "2010-02": {
            "month": "2010-02",
            "price": "16.63",
            "revenue": 800795
        },
        "2010-03": {
            "month": "2010-03",
            "price": "18.06",
            "revenue": 1130813
        },
        "2010-04": {
            "month": "2010-04",
            "price": "18.47",
            "revenue": 1116318
        },
        "2010-05": {
            "month": "2010-05",
            "price": "15.82",
            "revenue": 1156859
        },
        "2010-06": {
            "month": "2010-06",
            "price": "15.33",
            "revenue": 1161251
        },
        "2010-07": {
            "month": "2010-07",
            "price": "16.40",
            "revenue": 1146863
        },
        "2010-08": {
            "month": "2010-08",
            "price": "18.02",
            "revenue": 1258054
        },
        "2010-09": {
            "month": "2010-09",
            "price": "22.04",
            "revenue": 1138449
        },
        "2010-10": {
            "month": "2010-10",
            "price": "21.08",
            "revenue": 1026258
        },
        "2010-11": {
            "month": "2010-11",
            "price": "18.76",
            "revenue": 1015298
        },
        "2010-12": {
            "month": "2010-12",
            "price": "20.82",
            "revenue": 1033019
        },
        "2011-01": {
            "month": "2011-01",
            "price": "20.06",
            "revenue": 926604
        },
        "2011-02": {
            "month": "2011-02",
            "price": "21.28",
            "revenue": 771998
        },
        "2011-03": {
            "month": "2011-03",
            "price": "20.41",
            "revenue": 1258926
        },
        "2011-04": {
            "month": "2011-04",
            "price": "20.20",
            "revenue": 1110771
        },
        "2011-05": {
            "month": "2011-05",
            "price": "17.00",
            "revenue": 1198369
        },
        "2011-06": {
            "month": "2011-06",
            "price": "14.65",
            "revenue": 1313344
        },
        "2011-07": {
            "month": "2011-07",
            "price": "13.05",
            "revenue": 1381854
        },
        "2011-08": {
            "month": "2011-08",
            "price": "12.28",
            "revenue": 1438816
        },
        "2011-09": {
            "month": "2011-09",
            "price": "10.51",
            "revenue": 1328669
        },
        "2011-10": {
            "month": "2011-10",
            "price": "9.71",
            "revenue": 1358986
        },
        "2011-11": {
            "month": "2011-11",
            "price": "9.19",
            "revenue": 1178047
        },
        "2011-12": {
            "month": "2011-12",
            "price": "7.34",
            "revenue": 1142717
        },
        "2012-01": {
            "month": "2012-01",
            "price": "7.64",
            "revenue": 889167
        },
        "2012-02": {
            "month": "2012-02",
            "price": "10.17",
            "revenue": 1186916
        },
        "2012-03": {
            "month": "2012-03",
            "price": "10.63",
            "revenue": 1362483
        },
        "2012-04": {
            "month": "2012-04",
            "price": "8.93",
            "revenue": 1213135
        },
        "2012-05": {
            "month": "2012-05",
            "price": "8.92",
            "revenue": 1175417
        },
        "2012-06": {
            "month": "2012-06",
            "price": "8.77",
            "revenue": 1183185
        },
        "2012-07": {
            "month": "2012-07",
            "price": "8.95",
            "revenue": 1210056
        },
        "2012-08": {
            "month": "2012-08",
            "price": "8.76",
            "revenue": 1339568
        },
        "2012-09": {
            "month": "2012-09",
            "price": "11.05",
            "revenue": 1167196
        },
        "2012-10": {
            "month": "2012-10",
            "price": "9.78",
            "revenue": 992524
        },
        "2012-11": {
            "month": "2012-11",
            "price": "8.32",
            "revenue": 885320
        },
        "2012-12": {
            "month": "2012-12",
            "price": "9.38",
            "revenue": 742507
        },
        "2013-01": {
            "month": "2013-01",
            "price": "8.75",
            "revenue": 945517
        },
        "2013-02": {
            "month": "2013-02",
            "price": "8.70",
            "revenue": 545895
        },
        "2013-03": {
            "month": "2013-03",
            "price": "8.93",
            "revenue": 821394
        },
        "2013-04": {
            "month": "2013-04",
            "price": "8.96",
            "revenue": 756527
        },
        "2013-05": {
            "month": "2013-05",
            "price": "10.33",
            "revenue": 755793
        },
        "2013-06": {
            "month": "2013-06",
            "price": "11.14",
            "revenue": 692082
        },
        "2013-07": {
            "month": "2013-07",
            "price": "10.88",
            "revenue": 978312
        },
        "2013-08": {
            "month": "2013-08",
            "price": "11.35",
            "revenue": 1007142
        },
        "2013-09": {
            "month": "2013-09",
            "price": "10.36",
            "revenue": 1043879
        },
        "2013-10": {
            "month": "2013-10",
            "price": "9.35",
            "revenue": 1351781
        },
        "2013-11": {
            "month": "2013-11",
            "price": "8.53",
            "revenue": 1306185
        },
        "2013-12": {
            "month": "2013-12",
            "price": "8.85",
            "revenue": 1245256
        },
        "2014-01": {
            "month": "2014-01",
            "price": "9.62",
            "revenue": 1276418
        },
        "2014-02": {
            "month": "2014-02",
            "price": "9.70",
            "revenue": 1270935
        },
        "2014-03": {
            "month": "2014-03",
            "price": "13.19",
            "revenue": 1693053
        },
        "2014-04": {
            "month": "2014-04",
            "price": "13.66",
            "revenue": 969586
        },
        "2014-05": {
            "month": "2014-05",
            "price": "12.15",
            "revenue": 1175054
        },
        "2014-06": {
            "month": "2014-06",
            "price": "13.16",
            "revenue": 1151308
        },
        "2014-07": {
            "month": "2014-07",
            "price": "13.30",
            "revenue": 1185204
        },
        "2014-08": {
            "month": "2014-08",
            "price": "12.49",
            "revenue": 1253649
        },
        "2014-09": {
            "month": "2014-09",
            "price": "12.64",
            "revenue": 881536
        },
        "2014-10": {
            "month": "2014-10",
            "price": "10.95",
            "revenue": 801135
        },
        "2014-11": {
            "month": "2014-11",
            "price": "11.05",
            "revenue": 826861
        },
        "2014-12": {
            "month": "2014-12",
            "price": "11.75",
            "revenue": 770134
        },
        "2015-01": {
            "month": "2015-01",
            "price": "12.45",
            "revenue": 926837
        },
        "2015-02": {
            "month": "2015-02",
            "price": "11.97",
            "revenue": 684282
        },
        "2015-03": {
            "month": "2015-03",
            "price": "11.57",
            "revenue": 930624
        },
        "2015-04": {
            "month": "2015-04",
            "price": "10.50",
            "revenue": 973747
        },
        "2015-05": {
            "month": "2015-05",
            "price": "9.70",
            "revenue": 927883
        },
        "2015-06": {
            "month": "2015-06",
            "price": "8.40",
            "revenue": 931376
        },
        "2015-07": {
            "month": "2015-07",
            "price": "7.52",
            "revenue": 915491
        },
        "2015-08": {
            "month": "2015-08",
            "price": "6.79",
            "revenue": 961983
        },
        "2015-09": {
            "month": "2015-09",
            "price": "8.54",
            "revenue": 881539
        },
        "2015-10": {
            "month": "2015-10",
            "price": "12.48",
            "revenue": 944484
        },
        "2015-11": {
            "month": "2015-11",
            "price": "19.19",
            "revenue": 883298
        },
        "2015-12": {
            "month": "2015-12",
            "price": "19.45",
            "revenue": 877922
        },
        "2016-01": {
            "month": "2016-01",
            "price": "17.53",
            "revenue": 1025295
        },
        "2016-02": {
            "month": "2016-02",
            "price": "19.58",
            "revenue": 840383
        },
        "2016-03": {
            "month": "2016-03",
            "price": "19.77",
            "revenue": 975413
        },
        "2016-04": {
            "month": "2016-04",
            "price": "19.54",
            "revenue": 987447
        },
        "2016-05": {
            "month": "2016-05",
            "price": "17.21",
            "revenue": 947461
        },
        "2016-06": {
            "month": "2016-06",
            "price": "18.87",
            "revenue": 922743
        },
        "2016-07": {
            "month": "2016-07",
            "price": "19.57",
            "revenue": 933384
        },
        "2016-08": {
            "month": "2016-08",
            "price": "20.32",
            "revenue": 1032618
        },
        "2016-09": {
            "month": "2016-09",
            "price": "20.35",
            "revenue": 973814
        },
        "2016-10": {
            "month": "2016-10",
            "price": "18.04",
            "revenue": 1001468
        },
        "2016-11": {
            "month": "2016-11",
            "price": "15.70",
            "revenue": 1050003
        },
        "2016-12": {
            "month": "2016-12",
            "price": "15.85",
            "revenue": 993579
        },
        "2017-01": {
            "month": "2017-01",
            "price": "16.98",
            "revenue": 957443
        },
        "2017-02": {
            "month": "2017-02",
            "price": "18.52",
            "revenue": 973104
        },
        "2017-03": {
            "month": "2017-03",
            "price": "17.89",
            "revenue": 1066890
        },
        "2017-04": {
            "month": "2017-04",
            "price": "16.75",
            "revenue": 1035081
        },
        "2017-05": {
            "month": "2017-05",
            "price": "17.71",
            "revenue": 960053
        },
        "2017-06": {
            "month": "2017-06",
            "price": "18.78",
            "revenue": 1034369
        },
        "2017-07": {
            "month": "2017-07",
            "price": "18.52",
            "revenue": 1160616
        },
        "2017-08": {
            "month": "2017-08",
            "price": "21.11",
            "revenue": 1164105
        },
        "2017-09": {
            "month": "2017-09",
            "price": "23.42",
            "revenue": 1081280
        },
        "2017-10": {
            "month": "2017-10",
            "price": "23.50",
            "revenue": 1052956
        },
        "2017-11": {
            "month": "2017-11",
            "price": "21.20",
            "revenue": 1060978
        },
        "2017-12": {
            "month": "2017-12",
            "price": "18.82",
            "revenue": 915342
        },
        "2018-01": {
            "month": "2018-01",
            "price": "18.65",
            "revenue": 974459
        },
        "2018-02": {
            "month": "2018-02",
            "price": "18.24",
            "revenue": 660147
        },
        "2018-03": {
            "month": "2018-03",
            "price": "18.48",
            "revenue": 868492
        },
        "2018-04": {
            "month": "2018-04",
            "price": "17.04",
            "revenue": 830369
        },
        "2018-05": {
            "month": "2018-05",
            "price": "15.07",
            "revenue": 897930
        },
        "2018-06": {
            "month": "2018-06",
            "price": "15.14",
            "revenue": 916968
        },
        "2018-07": {
            "month": "2018-07",
            "price": "13.05",
            "revenue": 890008
        },
        "2018-08": {
            "month": "2018-08",
            "price": "12.96",
            "revenue": 866158
        },
        "2018-09": {
            "month": "2018-09",
            "price": "12.32",
            "revenue": 862188
        },
        "2018-10": {
            "month": "2018-10",
            "price": "10.02",
            "revenue": 811505
        },
        "2018-11": {
            "month": "2018-11",
            "price": "9.65",
            "revenue": 720323
        },
        "2018-12": {
            "month": "2018-12",
            "price": "10.21",
            "revenue": 589327
        },
        "2019-01": {
            "month": "2019-01",
            "price": "9.52",
            "revenue": 727210
        },
        "2019-02": {
            "month": "2019-02",
            "price": "10.10",
            "revenue": 449572
        },
        "2019-03": {
            "month": "2019-03",
            "price": "10.62",
            "revenue": 758669
        },
        "2019-04": {
            "month": "2019-04",
            "price": "11.74",
            "revenue": 820022
        },
        "2019-05": {
            "month": "2019-05",
            "price": "10.16",
            "revenue": 833022
        },
        "2019-06": {
            "month": "2019-06",
            "price": "10.49",
            "revenue": 823994
        },
        "2019-07": {
            "month": "2019-07",
            "price": "11.57",
            "revenue": 818531
        },
        "2019-08": {
            "month": "2019-08",
            "price": "14.07",
            "revenue": 750619
        },
        "2019-09": {
            "month": "2019-09",
            "price": "14.29",
            "revenue": 723564
        },
        "2019-10": {
            "month": "2019-10",
            "price": "14.55",
            "revenue": 716796
        },
        "2019-11": {
            "month": "2019-11",
            "price": "13.60",
            "revenue": 713040
        },
        "2019-12": {
            "month": "2019-12",
            "price": "14.15",
            "revenue": 679939
        },
        "2020-01": {
            "month": "2020-01",
            "price": "13.72",
            "revenue": 558850
        },
        "2020-02": {
            "month": "2020-02",
            "price": "12.45",
            "revenue": 452380
        },
        "2020-03": {
            "month": "2020-03",
            "price": "9.45",
            "revenue": 547401
        },
        "2020-04": {
            "month": "2020-04",
            "price": "9.07",
            "revenue": 600368
        },
        "2020-05": {
            "month": "2020-05",
            "price": "9.12",
            "revenue": 589292
        },
        "2020-06": {
            "month": "2020-06",
            "price": "9.51",
            "revenue": 590885
        },
        "2020-07": {
            "month": "2020-07",
            "price": "10.05",
            "revenue": 552400
        },
        "2020-08": {
            "month": "2020-08",
            "price": "9.91",
            "revenue": 595308
        },
        "2020-09": {
            "month": "2020-09",
            "price": "10.58",
            "revenue": 637122
        },
        "2020-10": {
            "month": "2020-10",
            "price": "10.82",
            "revenue": 637435
        },
        "2020-11": {
            "month": "2020-11",
            "price": "10.50",
            "revenue": 724295
        },
        "2020-12": {
            "month": "2020-12",
            "price": "11.98",
            "revenue": 673307
        },
        "2021-01": {
            "month": "2021-01",
            "price": "11.80",
            "revenue": 753779
        },
        "2021-02": {
            "month": "2021-02",
            "price": "12.57",
            "revenue": 582724
        },
        "2021-03": {
            "month": "2021-03",
            "price": "12.78",
            "revenue": 858232
        },
        "2021-04": {
            "month": "2021-04",
            "price": "15.59",
            "revenue": 895224
        },
        "2021-05": {
            "month": "2021-05",
            "price": "13.46",
            "revenue": 912922
        },
        "2021-06": {
            "month": "2021-06",
            "price": "13.89",
            "revenue": 878332
        },
        "2021-07": {
            "month": "2021-07",
            "price": "13.33",
            "revenue": 891996
        },
        "2021-08": {
            "month": "2021-08",
            "price": "12.31",
            "revenue": 924132
        },
        "2021-09": {
            "month": "2021-09",
            "price": "11.82",
            "revenue": 879901
        },
        "2021-10": {
            "month": "2021-10",
            "price": "11.33",
            "revenue": 872203
        },
        "2021-11": {
            "month": "2021-11",
            "price": "12.35",
            "revenue": 882137
        },
        "2021-12": {
            "month": "2021-12",
            "price": "13.18",
            "revenue": 937723
        },
        "2022-01": {
            "month": "2022-01",
            "price": "12.70",
            "revenue": 916432
        },
        "2022-02": {
            "month": "2022-02",
            "price": "12.36",
            "revenue": 764953
        },
        "2022-03": {
            "month": "2022-03",
            "price": "12.17",
            "revenue": 910040
        },
        "2022-04": {
            "month": "2022-04",
            "price": "11.30",
            "revenue": 742827
        },
        "2022-05": {
            "month": "2022-05",
            "price": "10.79",
            "revenue": 909413
        },
        "2022-06": {
            "month": "2022-06",
            "price": "10.75",
            "revenue": 951721
        },
        "2022-07": {
            "month": "2022-07",
            "price": "10.30",
            "revenue": 891233
        },
        "2022-08": {
            "month": "2022-08",
            "price": "12.65",
            "revenue": 846983
        },
        "2022-09": {
            "month": "2022-09",
            "price": "12.40",
            "revenue": 832845
        },
        "2022-10": {
            "month": "2022-10",
            "price": "11.27",
            "revenue": 918539
        },
        "2022-11": {
            "month": "2022-11",
            "price": "12.54",
            "revenue": 917457
        },
        "2022-12": {
            "month": "2022-12",
            "price": "12.67",
            "revenue": 811928
        },
        "2023-01": {
            "month": "2023-01",
            "price": "13.24",
            "revenue": 850044
        },
        "2023-02": {
            "month": "2023-02",
            "price": "14.73",
            "revenue": 737673
        },
        "2023-03": {
            "month": "2023-03",
            "price": "14.80",
            "revenue": 763784
        },
        "2023-04": {
            "month": "2023-04",
            "price": "14.19",
            "revenue": 764420
        },
        "2023-05": {
            "month": "2023-05",
            "price": "13.56",
            "revenue": 782642
        },
        "2023-06": {
            "month": "2023-06",
            "price": "14.74",
            "revenue": 802529
        },
        "2023-07": {
            "month": "2023-07",
            "price": "15.90",
            "revenue": 722831
        },
        "2023-08": {
            "month": "2023-08",
            "price": "14.29",
            "revenue": 731544
        },
        "2023-09": {
            "month": "2023-09",
            "price": "13.37",
            "revenue": 706549
        },
        "2023-10": {
            "month": "2023-10",
            "price": "12.56",
            "revenue": 746630
        },
        "2023-11": {
            "month": "2023-11",
            "price": "12.71",
            "revenue": 752174
        },
        "2023-12": {
            "month": "2023-12",
            "price": "13.16",
            "revenue": 681295
        }
    }
}
