{
    "summary": {
        "stock_name": "大億金茂",
        "stock_id": "8107",
        "category": "電機機械",
        "main_business": "CC01080電子零組件製造業<br>CD01030汽車及其零件製造業<br>F401030製造輸出業",
        "website_url": "http://www.kenmos.com",
        "ceo": "吳育賢董事長兼任",
        "pe_ratio": -35,
        "report_year_from": 2001,
        "report_year_to": 2023,
        "age": 22,
        "eps_negative_percentage": 37,
        "eps_growth_avg": {
            "last_all": -28.82,
            "last_2y": 23.94,
            "last_4y": 6.06,
            "last_8y": -11.21,
            "last_12y": -22.31,
            "last_16y": -28.82,
            "last_20y": null,
            "at_2006_last_3y": null,
            "at_2007_last_3y": null,
            "at_2008_last_3y": null,
            "at_2009_last_3y": -46.19,
            "at_2010_last_3y": -19.29,
            "at_2011_last_3y": -46.19,
            "at_2012_last_3y": -100,
            "at_2013_last_3y": -100,
            "at_2014_last_3y": -100,
            "at_2015_last_3y": -8.75,
            "at_2016_last_3y": -54.38,
            "at_2017_last_3y": -54.38,
            "at_2018_last_3y": -63.63,
            "at_2019_last_3y": -47.18,
            "at_2020_last_3y": -46.32,
            "at_2021_last_3y": -9.74,
            "at_2022_last_3y": 28.11,
            "at_2023_last_3y": 28.11,
            "at_2006_last_all": null,
            "at_2007_last_all": -100,
            "at_2008_last_all": -19.29,
            "at_2009_last_all": -46.19,
            "at_2010_last_all": -46.19,
            "at_2011_last_all": -59.65,
            "at_2012_last_all": -59.65,
            "at_2013_last_all": -59.65,
            "at_2014_last_all": -59.65,
            "at_2015_last_all": -49.47,
            "at_2016_last_all": -57.89,
            "at_2017_last_all": -57.89,
            "at_2018_last_all": -61.35,
            "at_2019_last_all": -48.61,
            "at_2020_last_all": -54.03,
            "at_2021_last_all": -38.63,
            "at_2022_last_all": -28.82,
            "at_2023_last_all": -28.82
        },
        "latest_eps": -0.47,
        "latest_price": 16.6,
        "latest_roe": -2.41,
        "latest_gross_margin": 12.75,
        "latest_equity": 1453888,
        "latest_revenue": 157224,
        "latest_gross_profit": 20039,
        "latest_net_income": -12903,
        "latest_debt_ratio": 54.62,
        "latest_current_ratio": 129.65,
        "latest_account_receivable_turnover_ratio": 0.85,
        "latest_inventory_turnover_ratio": 1.02,
        "latest_reinvestment_rate": 585.1,
        "latest_research_to_sale_ratio": 3.66
    },
    "eps_dividends": {
        "2001": {
            "cash": 0,
            "stock": 0,
            "eps": 0
        },
        "2002": {
            "cash": 0,
            "stock": 0,
            "eps": 0
        },
        "2003": {
            "cash": 0,
            "stock": 0,
            "eps": 0
        },
        "2004": {
            "cash": 0,
            "stock": 0,
            "eps": 0
        },
        "2005": {
            "cash": 1.3,
            "stock": 0.1,
            "eps": 2.2
        },
        "2006": {
            "cash": 0.8,
            "stock": 0.7,
            "eps": -1.03
        },
        "2007": {
            "cash": 0,
            "stock": 0,
            "eps": 1.27
        },
        "2008": {
            "cash": 0.26,
            "stock": 0.26,
            "eps": 2.05
        },
        "2009": {
            "cash": 0.3,
            "stock": 0.7,
            "eps": -1.89
        },
        "2010": {
            "cash": 0,
            "stock": 0,
            "eps": 1.01
        },
        "2011": {
            "cash": 0.85,
            "stock": 0,
            "eps": -0.15
        },
        "2012": {
            "cash": 0,
            "stock": 0,
            "eps": -1.08
        },
        "2013": {
            "cash": 0,
            "stock": 0,
            "eps": -8.45
        },
        "2014": {
            "cash": 0,
            "stock": 0,
            "eps": 0.8
        },
        "2015": {
            "cash": 0,
            "stock": 0,
            "eps": 0.73
        },
        "2016": {
            "cash": 0.71,
            "stock": 0,
            "eps": -0.22
        },
        "2017": {
            "cash": 0,
            "stock": 0,
            "eps": 9.24
        },
        "2018": {
            "cash": 7,
            "stock": 0,
            "eps": 1.65
        },
        "2019": {
            "cash": 1,
            "stock": 0,
            "eps": 2.32
        },
        "2020": {
            "cash": 1,
            "stock": 0,
            "eps": 0.06
        },
        "2021": {
            "cash": 0.07,
            "stock": 0,
            "eps": 0.26
        },
        "2022": {
            "cash": 0.15,
            "stock": 0,
            "eps": 0.44
        },
        "2023": {
            "cash": 0.27,
            "stock": 0,
            "eps": -0.16
        }
    },
    "dividends": {
        "2005-03-22": {
            "cash": 1.3,
            "stock": 0.1
        },
        "2006-03-16": {
            "cash": 0.8,
            "stock": 0.7
        },
        "2008-03-31": {
            "cash": 0.26,
            "stock": 0.26
        },
        "2009-03-26": {
            "cash": 0.3,
            "stock": 0.7
        },
        "2011-03-31": {
            "cash": 0.85,
            "stock": 0
        },
        "2016-09-23": {
            "cash": 0.71,
            "stock": 0
        },
        "2018-09-19": {
            "cash": 7,
            "stock": 0
        },
        "2019-08-30": {
            "cash": 1,
            "stock": 0
        },
        "2020-09-03": {
            "cash": 1,
            "stock": 0
        },
        "2021-10-15": {
            "cash": 0.07,
            "stock": 0
        },
        "2022-10-07": {
            "cash": 0.15,
            "stock": 0
        },
        "2023-10-06": {
            "cash": 0.27,
            "stock": 0
        }
    },
    "prices": {
        "200101": "無",
        "200102": "無",
        "200103": "無",
        "200104": "無",
        "200105": "無",
        "200106": "無",
        "200107": "無",
        "200108": "無",
        "200109": "無",
        "200110": "無",
        "200111": "無",
        "200112": "無",
        "200201": "無",
        "200202": "無",
        "200203": "無",
        "200204": "無",
        "200205": "無",
        "200206": "無",
        "200207": "無",
        "200208": "無",
        "200209": "無",
        "200210": "無",
        "200211": "無",
        "200212": "無",
        "200301": "無",
        "200302": "無",
        "200303": "無",
        "200304": "無",
        "200305": "無",
        "200306": "無",
        "200307": "無",
        "200308": "無",
        "200309": "9.12",
        "200310": "9.20",
        "200311": "無",
        "200312": "13.85",
        "200401": "14.22",
        "200402": "18.66",
        "200403": "20.23",
        "200404": "21.57",
        "200405": "20.09",
        "200406": "15.31",
        "200407": "13.83",
        "200408": "13.29",
        "200409": "13.99",
        "200410": "14.47",
        "200411": "14.77",
        "200412": "15.15",
        "200501": "15.34",
        "200502": "16.52",
        "200503": "20.78",
        "200504": "21.41",
        "200505": "19.48",
        "200506": "23.26",
        "200507": "25.16",
        "200508": "26.48",
        "200509": "25.80",
        "200510": "25.10",
        "200511": "27.68",
        "200512": "34.82",
        "200601": "39.51",
        "200602": "42.61",
        "200603": "48.16",
        "200604": "44.25",
        "200605": "33.70",
        "200606": "29.68",
        "200607": "27.24",
        "200608": "25.30",
        "200609": "23.18",
        "200610": "23.84",
        "200611": "22.96",
        "200612": "22.65",
        "200701": "23.38",
        "200702": "21.89",
        "200703": "19.95",
        "200704": "24.40",
        "200705": "30.11",
        "200706": "30.36",
        "200707": "34.27",
        "200708": "44.14",
        "200709": "39.84",
        "200710": "37.30",
        "200711": "28.40",
        "200712": "27.74",
        "200801": "21.62",
        "200802": "20.64",
        "200803": "25.29",
        "200804": "28.95",
        "200805": "34.02",
        "200806": "29.82",
        "200807": "22.05",
        "200808": "22.68",
        "200809": "22.12",
        "200810": "19.47",
        "200811": "14.18",
        "200812": "11.54",
        "200901": "13.02",
        "200902": "13.78",
        "200903": "15.43",
        "200904": "16.94",
        "200905": "19.53",
        "200906": "17.74",
        "200907": "19.41",
        "200908": "17.80",
        "200909": "16.49",
        "200910": "17.29",
        "200911": "17.64",
        "200912": "20.34",
        "201001": "21.09",
        "201002": "19.16",
        "201003": "21.64",
        "201004": "20.10",
        "201005": "21.46",
        "201006": "20.90",
        "201007": "20.58",
        "201008": "21.26",
        "201009": "20.44",
        "201010": "20.42",
        "201011": "18.31",
        "201012": "18.39",
        "201101": "17.22",
        "201102": "16.71",
        "201103": "15.51",
        "201104": "15.26",
        "201105": "14.55",
        "201106": "13.86",
        "201107": "12.24",
        "201108": "9.10",
        "201109": "8.88",
        "201110": "8.93",
        "201111": "8.04",
        "201112": "6.71",
        "201201": "7.16",
        "201202": "8.96",
        "201203": "8.51",
        "201204": "7.42",
        "201205": "8.01",
        "201206": "9.14",
        "201207": "8.71",
        "201208": "8.88",
        "201209": "9.32",
        "201210": "9.30",
        "201211": "9.22",
        "201212": "10.65",
        "201301": "10.48",
        "201302": "11.44",
        "201303": "11.24",
        "201304": "9.91",
        "201305": "9.41",
        "201306": "8.08",
        "201307": "9.28",
        "201308": "9.36",
        "201309": "9.47",
        "201310": "9.42",
        "201311": "9.10",
        "201312": "9.25",
        "201401": "9.99",
        "201402": "11.97",
        "201403": "13.57",
        "201404": "13.43",
        "201405": "13.21",
        "201406": "13.66",
        "201407": "12.89",
        "201408": "13.08",
        "201409": "14.83",
        "201410": "16.23",
        "201411": "21.78",
        "201412": "22.54",
        "201501": "22.52",
        "201502": "22.08",
        "201503": "21.96",
        "201504": "23.22",
        "201505": "20.49",
        "201506": "18.51",
        "201507": "16.55",
        "201508": "15.67",
        "201509": "16.59",
        "201510": "17.55",
        "201511": "19.24",
        "201512": "18.25",
        "201601": "18.21",
        "201602": "19.17",
        "201603": "23.44",
        "201604": "25.11",
        "201605": "23.08",
        "201606": "22.78",
        "201607": "23.64",
        "201608": "24.05",
        "201609": "24.43",
        "201610": "23.77",
        "201611": "22.49",
        "201612": "22.53",
        "201701": "22.45",
        "201702": "23.07",
        "201703": "23.49",
        "201704": "23.08",
        "201705": "23.39",
        "201706": "24.73",
        "201707": "28.21",
        "201708": "34.10",
        "201709": "38.62",
        "201710": "45.77",
        "201711": "44.20",
        "201712": "36.83",
        "201801": "39.23",
        "201802": "39.42",
        "201803": "48.09",
        "201804": "49.93",
        "201805": "47.15",
        "201806": "46.22",
        "201807": "41.93",
        "201808": "40.45",
        "201809": "26.89",
        "201810": "20.94",
        "201811": "18.56",
        "201812": "21.64",
        "201901": "20.86",
        "201902": "21.78",
        "201903": "23.87",
        "201904": "22.82",
        "201905": "21.89",
        "201906": "21.83",
        "201907": "22.97",
        "201908": "23.18",
        "201909": "25.46",
        "201910": "23.72",
        "201911": "22.88",
        "201912": "22.56",
        "202001": "22.47",
        "202002": "20.48",
        "202003": "16.95",
        "202004": "16.32",
        "202005": "16.36",
        "202006": "16.09",
        "202007": "15.85",
        "202008": "15.26",
        "202009": "16.40",
        "202010": "17.56",
        "202011": "17.35",
        "202012": "18.04",
        "202101": "21.47",
        "202102": "20.01",
        "202103": "21.30",
        "202104": "24.48",
        "202105": "20.28",
        "202106": "19.85",
        "202107": "20.33",
        "202108": "19.07",
        "202109": "18.28",
        "202110": "17.50",
        "202111": "18.79",
        "202112": "18.99",
        "202201": "19.98",
        "202202": "21.07",
        "202203": "19.95",
        "202204": "18.74",
        "202205": "17.24",
        "202206": "17.60",
        "202207": "18.09",
        "202208": "20.68",
        "202209": "20.46",
        "202210": "17.16",
        "202211": "17.11",
        "202212": "17.30",
        "202301": "16.57",
        "202302": "17.88",
        "202303": "17.85",
        "202304": "17.19",
        "202305": "16.93",
        "202306": "17.18",
        "202307": "17.00",
        "202308": "16.42",
        "202309": "16.28"
    },
    "quarters": {
        "20011": {
            "year_quarter": 20011,
            "year": 2001,
            "quarter": 1,
            "eps": null,
            "eps_growth_year": null,
            "eps_4q": null,
            "eps_4q_growth_year": null,
            "roe": null,
            "roe_4q": 0,
            "gross_profit": null,
            "gross_margin": null,
            "gross_margin_4q_avg": 0,
            "net_income": null,
            "revenue": null,
            "common_shares": null,
            "book_valuer_per_share": null,
            "book_valuer_per_share_4q_avg": 0,
            "equity": null,
            "current_ratio": null,
            "debt_ratio": null,
            "inventory_turnover_ratio": null,
            "account_receivable_turnover_ratio": null,
            "reinvestment_rate": null,
            "research_to_sale_ratio": null,
            "price_fair": 0,
            "eps_avg_yearly": 0,
            "eps_latest_yearly": 0,
            "eps_growth_yearly": 0
        },
        "20012": {
            "year_quarter": 20012,
            "year": 2001,
            "quarter": 2,
            "eps": null,
            "eps_growth_year": null,
            "eps_4q": null,
            "eps_4q_growth_year": null,
            "roe": null,
            "roe_4q": 0,
            "gross_profit": null,
            "gross_margin": null,
            "gross_margin_4q_avg": 0,
            "net_income": null,
            "revenue": null,
            "common_shares": null,
            "book_valuer_per_share": null,
            "book_valuer_per_share_4q_avg": 0,
            "equity": null,
            "current_ratio": null,
            "debt_ratio": null,
            "inventory_turnover_ratio": null,
            "account_receivable_turnover_ratio": null,
            "reinvestment_rate": null,
            "research_to_sale_ratio": null,
            "price_fair": 0,
            "eps_avg_yearly": 0,
            "eps_latest_yearly": 0,
            "eps_growth_yearly": 0
        },
        "20013": {
            "year_quarter": 20013,
            "year": 2001,
            "quarter": 3,
            "eps": null,
            "eps_growth_year": null,
            "eps_4q": null,
            "eps_4q_growth_year": null,
            "roe": null,
            "roe_4q": 0,
            "gross_profit": null,
            "gross_margin": null,
            "gross_margin_4q_avg": 0,
            "net_income": null,
            "revenue": null,
            "common_shares": null,
            "book_valuer_per_share": null,
            "book_valuer_per_share_4q_avg": 0,
            "equity": null,
            "current_ratio": null,
            "debt_ratio": null,
            "inventory_turnover_ratio": null,
            "account_receivable_turnover_ratio": null,
            "reinvestment_rate": null,
            "research_to_sale_ratio": null,
            "price_fair": 0,
            "eps_avg_yearly": 0,
            "eps_latest_yearly": 0,
            "eps_growth_yearly": 0
        },
        "20014": {
            "year_quarter": 20014,
            "year": 2001,
            "quarter": 4,
            "eps": null,
            "eps_growth_year": null,
            "eps_4q": null,
            "eps_4q_growth_year": null,
            "roe": null,
            "roe_4q": 0,
            "gross_profit": null,
            "gross_margin": null,
            "gross_margin_4q_avg": 0,
            "net_income": null,
            "revenue": null,
            "common_shares": 1280000,
            "book_valuer_per_share": 8.17,
            "book_valuer_per_share_4q_avg": 2.04,
            "equity": 1045230,
            "current_ratio": 197.77,
            "debt_ratio": 28.2,
            "inventory_turnover_ratio": null,
            "account_receivable_turnover_ratio": null,
            "reinvestment_rate": null,
            "research_to_sale_ratio": null,
            "price_fair": 0,
            "eps_avg_yearly": 0,
            "eps_latest_yearly": 0,
            "eps_growth_yearly": 0
        },
        "20021": {
            "year_quarter": 20021,
            "year": 2002,
            "quarter": 1,
            "eps": null,
            "eps_growth_year": null,
            "eps_4q": null,
            "eps_4q_growth_year": null,
            "roe": null,
            "roe_4q": 0,
            "gross_profit": null,
            "gross_margin": null,
            "gross_margin_4q_avg": 0,
            "net_income": null,
            "revenue": null,
            "common_shares": null,
            "book_valuer_per_share": null,
            "book_valuer_per_share_4q_avg": 2.04,
            "equity": null,
            "current_ratio": null,
            "debt_ratio": null,
            "inventory_turnover_ratio": null,
            "account_receivable_turnover_ratio": null,
            "reinvestment_rate": null,
            "research_to_sale_ratio": null,
            "price_fair": 0,
            "eps_avg_yearly": 0,
            "eps_latest_yearly": 0,
            "eps_growth_yearly": 0
        },
        "20022": {
            "year_quarter": 20022,
            "year": 2002,
            "quarter": 2,
            "eps": null,
            "eps_growth_year": null,
            "eps_4q": null,
            "eps_4q_growth_year": null,
            "roe": null,
            "roe_4q": 0,
            "gross_profit": null,
            "gross_margin": null,
            "gross_margin_4q_avg": 0,
            "net_income": null,
            "revenue": null,
            "common_shares": null,
            "book_valuer_per_share": null,
            "book_valuer_per_share_4q_avg": 2.04,
            "equity": null,
            "current_ratio": null,
            "debt_ratio": null,
            "inventory_turnover_ratio": null,
            "account_receivable_turnover_ratio": null,
            "reinvestment_rate": null,
            "research_to_sale_ratio": null,
            "price_fair": 0,
            "eps_avg_yearly": 0,
            "eps_latest_yearly": 0,
            "eps_growth_yearly": 0
        },
        "20023": {
            "year_quarter": 20023,
            "year": 2002,
            "quarter": 3,
            "eps": null,
            "eps_growth_year": null,
            "eps_4q": null,
            "eps_4q_growth_year": null,
            "roe": null,
            "roe_4q": 0,
            "gross_profit": null,
            "gross_margin": null,
            "gross_margin_4q_avg": 0,
            "net_income": null,
            "revenue": null,
            "common_shares": null,
            "book_valuer_per_share": null,
            "book_valuer_per_share_4q_avg": 2.04,
            "equity": null,
            "current_ratio": null,
            "debt_ratio": null,
            "inventory_turnover_ratio": null,
            "account_receivable_turnover_ratio": null,
            "reinvestment_rate": null,
            "research_to_sale_ratio": null,
            "price_fair": 0,
            "eps_avg_yearly": 0,
            "eps_latest_yearly": 0,
            "eps_growth_yearly": 0
        },
        "20024": {
            "year_quarter": 20024,
            "year": 2002,
            "quarter": 4,
            "eps": null,
            "eps_growth_year": null,
            "eps_4q": null,
            "eps_4q_growth_year": null,
            "roe": null,
            "roe_4q": 0,
            "gross_profit": null,
            "gross_margin": null,
            "gross_margin_4q_avg": 0,
            "net_income": null,
            "revenue": null,
            "common_shares": 1280000,
            "book_valuer_per_share": 6.65,
            "book_valuer_per_share_4q_avg": 1.66,
            "equity": 850706,
            "current_ratio": 122.2,
            "debt_ratio": 50.05,
            "inventory_turnover_ratio": null,
            "account_receivable_turnover_ratio": null,
            "reinvestment_rate": null,
            "research_to_sale_ratio": null,
            "price_fair": 0,
            "eps_avg_yearly": 0,
            "eps_latest_yearly": 0,
            "eps_growth_yearly": 0
        },
        "20031": {
            "year_quarter": 20031,
            "year": 2003,
            "quarter": 1,
            "eps": null,
            "eps_growth_year": null,
            "eps_4q": null,
            "eps_4q_growth_year": null,
            "roe": null,
            "roe_4q": 0,
            "gross_profit": null,
            "gross_margin": null,
            "gross_margin_4q_avg": 0,
            "net_income": null,
            "revenue": null,
            "common_shares": null,
            "book_valuer_per_share": null,
            "book_valuer_per_share_4q_avg": 1.66,
            "equity": null,
            "current_ratio": null,
            "debt_ratio": null,
            "inventory_turnover_ratio": null,
            "account_receivable_turnover_ratio": null,
            "reinvestment_rate": null,
            "research_to_sale_ratio": null,
            "price_fair": 0,
            "eps_avg_yearly": 0,
            "eps_latest_yearly": 0,
            "eps_growth_yearly": 0
        },
        "20032": {
            "year_quarter": 20032,
            "year": 2003,
            "quarter": 2,
            "eps": null,
            "eps_growth_year": null,
            "eps_4q": null,
            "eps_4q_growth_year": null,
            "roe": null,
            "roe_4q": 0,
            "gross_profit": null,
            "gross_margin": null,
            "gross_margin_4q_avg": 0,
            "net_income": null,
            "revenue": null,
            "common_shares": null,
            "book_valuer_per_share": null,
            "book_valuer_per_share_4q_avg": 1.66,
            "equity": null,
            "current_ratio": null,
            "debt_ratio": null,
            "inventory_turnover_ratio": null,
            "account_receivable_turnover_ratio": null,
            "reinvestment_rate": null,
            "research_to_sale_ratio": null,
            "price_fair": 0,
            "eps_avg_yearly": 0,
            "eps_latest_yearly": 0,
            "eps_growth_yearly": 0
        },
        "20033": {
            "year_quarter": 20033,
            "year": 2003,
            "quarter": 3,
            "eps": null,
            "eps_growth_year": null,
            "eps_4q": null,
            "eps_4q_growth_year": null,
            "roe": null,
            "roe_4q": 0,
            "gross_profit": null,
            "gross_margin": null,
            "gross_margin_4q_avg": 0,
            "net_income": null,
            "revenue": null,
            "common_shares": null,
            "book_valuer_per_share": null,
            "book_valuer_per_share_4q_avg": 1.66,
            "equity": null,
            "current_ratio": null,
            "debt_ratio": null,
            "inventory_turnover_ratio": null,
            "account_receivable_turnover_ratio": null,
            "reinvestment_rate": null,
            "research_to_sale_ratio": null,
            "price_fair": 0,
            "eps_avg_yearly": 0,
            "eps_latest_yearly": 0,
            "eps_growth_yearly": 0
        },
        "20034": {
            "year_quarter": 20034,
            "year": 2003,
            "quarter": 4,
            "eps": null,
            "eps_growth_year": null,
            "eps_4q": null,
            "eps_4q_growth_year": null,
            "roe": null,
            "roe_4q": 0,
            "gross_profit": null,
            "gross_margin": null,
            "gross_margin_4q_avg": 0,
            "net_income": null,
            "revenue": null,
            "common_shares": 820000,
            "book_valuer_per_share": 9.76,
            "book_valuer_per_share_4q_avg": 2.44,
            "equity": 799974,
            "current_ratio": 139.06,
            "debt_ratio": 54.44,
            "inventory_turnover_ratio": null,
            "account_receivable_turnover_ratio": null,
            "reinvestment_rate": null,
            "research_to_sale_ratio": null,
            "price_fair": 0,
            "eps_avg_yearly": 0,
            "eps_latest_yearly": 0,
            "eps_growth_yearly": 0
        },
        "20041": {
            "year_quarter": 20041,
            "year": 2004,
            "quarter": 1,
            "eps": null,
            "eps_growth_year": null,
            "eps_4q": null,
            "eps_4q_growth_year": null,
            "roe": null,
            "roe_4q": 0,
            "gross_profit": null,
            "gross_margin": null,
            "gross_margin_4q_avg": 0,
            "net_income": null,
            "revenue": null,
            "common_shares": null,
            "book_valuer_per_share": null,
            "book_valuer_per_share_4q_avg": 2.44,
            "equity": null,
            "current_ratio": null,
            "debt_ratio": null,
            "inventory_turnover_ratio": null,
            "account_receivable_turnover_ratio": null,
            "reinvestment_rate": null,
            "research_to_sale_ratio": null,
            "price_fair": 0,
            "eps_avg_yearly": 0,
            "eps_latest_yearly": 0,
            "eps_growth_yearly": 0
        },
        "20042": {
            "year_quarter": 20042,
            "year": 2004,
            "quarter": 2,
            "eps": null,
            "eps_growth_year": null,
            "eps_4q": null,
            "eps_4q_growth_year": null,
            "roe": null,
            "roe_4q": 0,
            "gross_profit": null,
            "gross_margin": null,
            "gross_margin_4q_avg": 0,
            "net_income": null,
            "revenue": null,
            "common_shares": null,
            "book_valuer_per_share": null,
            "book_valuer_per_share_4q_avg": 2.44,
            "equity": null,
            "current_ratio": null,
            "debt_ratio": null,
            "inventory_turnover_ratio": null,
            "account_receivable_turnover_ratio": null,
            "reinvestment_rate": null,
            "research_to_sale_ratio": null,
            "price_fair": 0,
            "eps_avg_yearly": 0,
            "eps_latest_yearly": 0,
            "eps_growth_yearly": 0
        },
        "20043": {
            "year_quarter": 20043,
            "year": 2004,
            "quarter": 3,
            "eps": null,
            "eps_growth_year": null,
            "eps_4q": null,
            "eps_4q_growth_year": null,
            "roe": null,
            "roe_4q": 0,
            "gross_profit": null,
            "gross_margin": null,
            "gross_margin_4q_avg": 0,
            "net_income": null,
            "revenue": null,
            "common_shares": null,
            "book_valuer_per_share": null,
            "book_valuer_per_share_4q_avg": 2.44,
            "equity": null,
            "current_ratio": null,
            "debt_ratio": null,
            "inventory_turnover_ratio": null,
            "account_receivable_turnover_ratio": null,
            "reinvestment_rate": null,
            "research_to_sale_ratio": null,
            "price_fair": 0,
            "eps_avg_yearly": 0,
            "eps_latest_yearly": 0,
            "eps_growth_yearly": 0
        },
        "20044": {
            "year_quarter": 20044,
            "year": 2004,
            "quarter": 4,
            "eps": null,
            "eps_growth_year": null,
            "eps_4q": null,
            "eps_4q_growth_year": null,
            "roe": null,
            "roe_4q": 0,
            "gross_profit": null,
            "gross_margin": null,
            "gross_margin_4q_avg": 0,
            "net_income": null,
            "revenue": null,
            "common_shares": 820000,
            "book_valuer_per_share": 11.85,
            "book_valuer_per_share_4q_avg": 2.96,
            "equity": 972102,
            "current_ratio": 147.86,
            "debt_ratio": 57.87,
            "inventory_turnover_ratio": null,
            "account_receivable_turnover_ratio": null,
            "reinvestment_rate": null,
            "research_to_sale_ratio": null,
            "price_fair": 0,
            "eps_avg_yearly": 0,
            "eps_latest_yearly": 0,
            "eps_growth_yearly": 0
        },
        "20051": {
            "year_quarter": 20051,
            "year": 2005,
            "quarter": 1,
            "eps": 0.51,
            "eps_growth_year": null,
            "eps_4q": null,
            "eps_4q_growth_year": null,
            "roe": 4.25,
            "roe_4q": 4.25,
            "gross_profit": 105638,
            "gross_margin": 8.22,
            "gross_margin_4q_avg": 2.06,
            "net_income": 42187,
            "revenue": 1285088,
            "common_shares": 820000,
            "book_valuer_per_share": 12.36,
            "book_valuer_per_share_4q_avg": 6.05,
            "equity": 1013788,
            "current_ratio": 153.09,
            "debt_ratio": 60.35,
            "inventory_turnover_ratio": 3.84,
            "account_receivable_turnover_ratio": null,
            "reinvestment_rate": null,
            "research_to_sale_ratio": null,
            "price_fair": 0,
            "eps_avg_yearly": 0,
            "eps_latest_yearly": 0,
            "eps_growth_yearly": 0
        },
        "20052": {
            "year_quarter": 20052,
            "year": 2005,
            "quarter": 2,
            "eps": 0.53,
            "eps_growth_year": null,
            "eps_4q": null,
            "eps_4q_growth_year": null,
            "roe": 4.43,
            "roe_4q": 8.68,
            "gross_profit": 102523,
            "gross_margin": 7.62,
            "gross_margin_4q_avg": 3.96,
            "net_income": 43238,
            "revenue": 1344909,
            "common_shares": 820000,
            "book_valuer_per_share": 11.44,
            "book_valuer_per_share_4q_avg": 8.91,
            "equity": 938309,
            "current_ratio": 145.24,
            "debt_ratio": 64.09,
            "inventory_turnover_ratio": 3.45,
            "account_receivable_turnover_ratio": null,
            "reinvestment_rate": null,
            "research_to_sale_ratio": null,
            "price_fair": 54.45,
            "eps_avg_yearly": 2.12,
            "eps_latest_yearly": 2.12,
            "eps_growth_yearly": 15.69
        },
        "20053": {
            "year_quarter": 20053,
            "year": 2005,
            "quarter": 3,
            "eps": 0.38,
            "eps_growth_year": null,
            "eps_4q": null,
            "eps_4q_growth_year": null,
            "roe": 3.32,
            "roe_4q": 12,
            "gross_profit": 112367,
            "gross_margin": 6.82,
            "gross_margin_4q_avg": 5.67,
            "net_income": 31646,
            "revenue": 1647862,
            "common_shares": 833200,
            "book_valuer_per_share": 11.65,
            "book_valuer_per_share_4q_avg": 11.83,
            "equity": 970419,
            "current_ratio": 137.94,
            "debt_ratio": 67.26,
            "inventory_turnover_ratio": 3.75,
            "account_receivable_turnover_ratio": null,
            "reinvestment_rate": null,
            "research_to_sale_ratio": null,
            "price_fair": 5.46,
            "eps_avg_yearly": 1.82,
            "eps_latest_yearly": 1.52,
            "eps_growth_yearly": -48.76
        },
        "20054": {
            "year_quarter": 20054,
            "year": 2005,
            "quarter": 4,
            "eps": 0.78,
            "eps_growth_year": null,
            "eps_4q": 2.16,
            "eps_4q_growth_year": null,
            "roe": 5.75,
            "roe_4q": 17.75,
            "gross_profit": 130783,
            "gross_margin": 6.72,
            "gross_margin_4q_avg": 7.35,
            "net_income": 66389,
            "revenue": 1945719,
            "common_shares": 944300,
            "book_valuer_per_share": 13.39,
            "book_valuer_per_share_4q_avg": 12.21,
            "equity": 1336954,
            "current_ratio": 150.23,
            "debt_ratio": 61.71,
            "inventory_turnover_ratio": 3.64,
            "account_receivable_turnover_ratio": null,
            "reinvestment_rate": null,
            "research_to_sale_ratio": null,
            "price_fair": 78.87,
            "eps_avg_yearly": 2.25,
            "eps_latest_yearly": 3.12,
            "eps_growth_yearly": 107.84
        },
        "20061": {
            "year_quarter": 20061,
            "year": 2006,
            "quarter": 1,
            "eps": 0.33,
            "eps_growth_year": -35.29,
            "eps_4q": 1.82,
            "eps_4q_growth_year": null,
            "roe": 2.38,
            "roe_4q": 15.879999999999999,
            "gross_profit": 110108,
            "gross_margin": 5.27,
            "gross_margin_4q_avg": 6.61,
            "net_income": 31355,
            "revenue": 2089618,
            "common_shares": 944300,
            "book_valuer_per_share": 13.72,
            "book_valuer_per_share_4q_avg": 12.55,
            "equity": 1295836,
            "current_ratio": 139.71,
            "debt_ratio": 64.36,
            "inventory_turnover_ratio": 3.77,
            "account_receivable_turnover_ratio": null,
            "reinvestment_rate": null,
            "research_to_sale_ratio": null,
            "price_fair": 67.04,
            "eps_avg_yearly": 2.02,
            "eps_latest_yearly": 1.32,
            "eps_growth_yearly": 23.19
        },
        "20062": {
            "year_quarter": 20062,
            "year": 2006,
            "quarter": 2,
            "eps": -1.83,
            "eps_growth_year": -445.28,
            "eps_4q": -0.46,
            "eps_4q_growth_year": null,
            "roe": -14.82,
            "roe_4q": -3.3700000000000014,
            "gross_profit": -4335,
            "gross_margin": -0.34,
            "gross_margin_4q_avg": 4.62,
            "net_income": -172864,
            "revenue": 1286077,
            "common_shares": 944300,
            "book_valuer_per_share": 10.98,
            "book_valuer_per_share_4q_avg": 12.44,
            "equity": 1036629,
            "current_ratio": 132.52,
            "debt_ratio": 68.06,
            "inventory_turnover_ratio": 2.6,
            "account_receivable_turnover_ratio": null,
            "reinvestment_rate": null,
            "research_to_sale_ratio": null,
            "price_fair": 67.04,
            "eps_avg_yearly": 2.02,
            "eps_latest_yearly": 1.32,
            "eps_growth_yearly": 23.19
        },
        "20063": {
            "year_quarter": 20063,
            "year": 2006,
            "quarter": 3,
            "eps": -0.04,
            "eps_growth_year": -110.53,
            "eps_4q": -0.77,
            "eps_4q_growth_year": null,
            "roe": -0.38,
            "roe_4q": -7.07,
            "gross_profit": 50430,
            "gross_margin": 3.38,
            "gross_margin_4q_avg": 3.76,
            "net_income": -3894,
            "revenue": 1492239,
            "common_shares": 1020000,
            "book_valuer_per_share": 10.19,
            "book_valuer_per_share_4q_avg": 12.07,
            "equity": 1039260,
            "current_ratio": 126.64,
            "debt_ratio": 69.05,
            "inventory_turnover_ratio": 3.2,
            "account_receivable_turnover_ratio": null,
            "reinvestment_rate": null,
            "research_to_sale_ratio": null,
            "price_fair": 67.04,
            "eps_avg_yearly": 2.02,
            "eps_latest_yearly": 1.32,
            "eps_growth_yearly": 23.19
        },
        "20064": {
            "year_quarter": 20064,
            "year": 2006,
            "quarter": 4,
            "eps": 0.51,
            "eps_growth_year": -34.62,
            "eps_4q": -0.92,
            "eps_4q_growth_year": -142.63,
            "roe": 4.72,
            "roe_4q": -8.100000000000001,
            "gross_profit": 145684,
            "gross_margin": 7.38,
            "gross_margin_4q_avg": 3.92,
            "net_income": 51898,
            "revenue": 1974214,
            "common_shares": 1020000,
            "book_valuer_per_share": 10.71,
            "book_valuer_per_share_4q_avg": 11.4,
            "equity": 1160932,
            "current_ratio": 98.91,
            "debt_ratio": 74.09,
            "inventory_turnover_ratio": 4.4,
            "account_receivable_turnover_ratio": null,
            "reinvestment_rate": null,
            "research_to_sale_ratio": null,
            "price_fair": 67.04,
            "eps_avg_yearly": 2.02,
            "eps_latest_yearly": 1.32,
            "eps_growth_yearly": 23.19
        },
        "20071": {
            "year_quarter": 20071,
            "year": 2007,
            "quarter": 1,
            "eps": 0.4,
            "eps_growth_year": 21.21,
            "eps_4q": -0.61,
            "eps_4q_growth_year": -133.78,
            "roe": 3.23,
            "roe_4q": -7.250000000000001,
            "gross_profit": 118666,
            "gross_margin": 8.23,
            "gross_margin_4q_avg": 4.66,
            "net_income": 49268,
            "revenue": 1442219,
            "common_shares": 1420000,
            "book_valuer_per_share": 13.29,
            "book_valuer_per_share_4q_avg": 11.29,
            "equity": 1886761,
            "current_ratio": 138.53,
            "debt_ratio": 52.84,
            "inventory_turnover_ratio": 3.76,
            "account_receivable_turnover_ratio": null,
            "reinvestment_rate": null,
            "research_to_sale_ratio": null,
            "price_fair": 21.87,
            "eps_avg_yearly": 1.94,
            "eps_latest_yearly": 1.6,
            "eps_growth_yearly": 1.3
        },
        "20072": {
            "year_quarter": 20072,
            "year": 2007,
            "quarter": 2,
            "eps": 0.18,
            "eps_growth_year": null,
            "eps_4q": 0.93,
            "eps_4q_growth_year": null,
            "roe": 1.23,
            "roe_4q": 8.799999999999999,
            "gross_profit": 34247,
            "gross_margin": 2.56,
            "gross_margin_4q_avg": 5.39,
            "net_income": 23409,
            "revenue": 1340109,
            "common_shares": 1420000,
            "book_valuer_per_share": 13.5,
            "book_valuer_per_share_4q_avg": 11.92,
            "equity": 1916504,
            "current_ratio": 130.29,
            "debt_ratio": 56.2,
            "inventory_turnover_ratio": 5.3,
            "account_receivable_turnover_ratio": null,
            "reinvestment_rate": null,
            "research_to_sale_ratio": null,
            "price_fair": 5.2,
            "eps_avg_yearly": 1.73,
            "eps_latest_yearly": 0.72,
            "eps_growth_yearly": -35.59
        },
        "20073": {
            "year_quarter": 20073,
            "year": 2007,
            "quarter": 3,
            "eps": 0.23,
            "eps_growth_year": null,
            "eps_4q": 1.15,
            "eps_4q_growth_year": null,
            "roe": 1.31,
            "roe_4q": 10.489999999999998,
            "gross_profit": 99815,
            "gross_margin": 6.6,
            "gross_margin_4q_avg": 6.19,
            "net_income": 31245,
            "revenue": 1512356,
            "common_shares": 1704130,
            "book_valuer_per_share": 16.72,
            "book_valuer_per_share_4q_avg": 13.56,
            "equity": 2849757,
            "current_ratio": 204.12,
            "debt_ratio": 46.44,
            "inventory_turnover_ratio": 5.24,
            "account_receivable_turnover_ratio": null,
            "reinvestment_rate": null,
            "research_to_sale_ratio": null,
            "price_fair": 4.85,
            "eps_avg_yearly": 1.62,
            "eps_latest_yearly": 0.92,
            "eps_growth_yearly": -14.63
        },
        "20074": {
            "year_quarter": 20074,
            "year": 2007,
            "quarter": 4,
            "eps": 0.46,
            "eps_growth_year": -9.8,
            "eps_4q": 1.18,
            "eps_4q_growth_year": null,
            "roe": 2.15,
            "roe_4q": 7.92,
            "gross_profit": 131588,
            "gross_margin": 8.57,
            "gross_margin_4q_avg": 6.49,
            "net_income": 66408,
            "revenue": 1536066,
            "common_shares": 1704875,
            "book_valuer_per_share": 17.28,
            "book_valuer_per_share_4q_avg": 15.2,
            "equity": 3318832,
            "current_ratio": 154.56,
            "debt_ratio": 54.9,
            "inventory_turnover_ratio": 3.31,
            "account_receivable_turnover_ratio": null,
            "reinvestment_rate": null,
            "research_to_sale_ratio": null,
            "price_fair": 57.58,
            "eps_avg_yearly": 1.65,
            "eps_latest_yearly": 1.84,
            "eps_growth_yearly": 37.2
        },
        "20081": {
            "year_quarter": 20081,
            "year": 2008,
            "quarter": 1,
            "eps": 0.57,
            "eps_growth_year": 42.5,
            "eps_4q": 1.4,
            "eps_4q_growth_year": null,
            "roe": 2.64,
            "roe_4q": 7.33,
            "gross_profit": 305117,
            "gross_margin": 12.49,
            "gross_margin_4q_avg": 7.56,
            "net_income": 87222,
            "revenue": 2443324,
            "common_shares": 1605245,
            "book_valuer_per_share": 17.54,
            "book_valuer_per_share_4q_avg": 16.26,
            "equity": 3281680,
            "current_ratio": 134.98,
            "debt_ratio": 60.12,
            "inventory_turnover_ratio": 4.1,
            "account_receivable_turnover_ratio": null,
            "reinvestment_rate": null,
            "research_to_sale_ratio": null,
            "price_fair": 60.04,
            "eps_avg_yearly": 1.72,
            "eps_latest_yearly": 2.28,
            "eps_growth_yearly": 43.69
        },
        "20082": {
            "year_quarter": 20082,
            "year": 2008,
            "quarter": 2,
            "eps": 0.87,
            "eps_growth_year": 383.33,
            "eps_4q": 2.42,
            "eps_4q_growth_year": 161.08,
            "roe": 3.45,
            "roe_4q": 9.55,
            "gross_profit": 293940,
            "gross_margin": 11.51,
            "gross_margin_4q_avg": 9.79,
            "net_income": 119490,
            "revenue": 2554167,
            "common_shares": 1605285,
            "book_valuer_per_share": 18.33,
            "book_valuer_per_share_4q_avg": 17.47,
            "equity": 3645825,
            "current_ratio": 127.17,
            "debt_ratio": 60.43,
            "inventory_turnover_ratio": 4.96,
            "account_receivable_turnover_ratio": null,
            "reinvestment_rate": null,
            "research_to_sale_ratio": null,
            "price_fair": 66.22,
            "eps_avg_yearly": 1.89,
            "eps_latest_yearly": 3.48,
            "eps_growth_yearly": 60.38
        },
        "20083": {
            "year_quarter": 20083,
            "year": 2008,
            "quarter": 3,
            "eps": 0.42,
            "eps_growth_year": 82.61,
            "eps_4q": 3.62,
            "eps_4q_growth_year": 215.49,
            "roe": 1.17,
            "roe_4q": 9.41,
            "gross_profit": 295030,
            "gross_margin": 11.34,
            "gross_margin_4q_avg": 10.98,
            "net_income": 42908,
            "revenue": 2600636,
            "common_shares": 1606163,
            "book_valuer_per_share": 18.88,
            "book_valuer_per_share_4q_avg": 18.01,
            "equity": 3711671,
            "current_ratio": 118.97,
            "debt_ratio": 62.8,
            "inventory_turnover_ratio": 5.07,
            "account_receivable_turnover_ratio": null,
            "reinvestment_rate": null,
            "research_to_sale_ratio": null,
            "price_fair": 65.55,
            "eps_avg_yearly": 1.87,
            "eps_latest_yearly": 1.68,
            "eps_growth_yearly": 36.08
        },
        "20084": {
            "year_quarter": 20084,
            "year": 2008,
            "quarter": 4,
            "eps": 0.19,
            "eps_growth_year": -58.7,
            "eps_4q": 279.44,
            "eps_4q_growth_year": 23584.24,
            "roe": 0.01,
            "roe_4q": 7.27,
            "gross_profit": 181427,
            "gross_margin": 10.09,
            "gross_margin_4q_avg": 11.36,
            "net_income": 227,
            "revenue": 1798730,
            "common_shares": 1603794,
            "book_valuer_per_share": 19.21,
            "book_valuer_per_share_4q_avg": 18.49,
            "equity": 3640144,
            "current_ratio": 116.82,
            "debt_ratio": 62.89,
            "inventory_turnover_ratio": 4.36,
            "account_receivable_turnover_ratio": 1.21,
            "reinvestment_rate": 572.8,
            "research_to_sale_ratio": null,
            "price_fair": 44.18,
            "eps_avg_yearly": 1.78,
            "eps_latest_yearly": 0.76,
            "eps_growth_yearly": 14.82
        },
        "20091": {
            "year_quarter": 20091,
            "year": 2009,
            "quarter": 1,
            "eps": 0.18,
            "eps_growth_year": -68.42,
            "eps_4q": 2.73,
            "eps_4q_growth_year": 94.59,
            "roe": -0.49,
            "roe_4q": 4.140000000000001,
            "gross_profit": 122095,
            "gross_margin": 9.8,
            "gross_margin_4q_avg": 10.69,
            "net_income": -17841,
            "revenue": 1246257,
            "common_shares": 1603856,
            "book_valuer_per_share": 19.74,
            "book_valuer_per_share_4q_avg": 19.04,
            "equity": 3682785,
            "current_ratio": 122.57,
            "debt_ratio": 55.88,
            "inventory_turnover_ratio": 4.22,
            "account_receivable_turnover_ratio": 0.48,
            "reinvestment_rate": 663.82,
            "research_to_sale_ratio": null,
            "price_fair": 37.47,
            "eps_avg_yearly": 1.7,
            "eps_latest_yearly": 0.72,
            "eps_growth_yearly": 12.06
        },
        "20092": {
            "year_quarter": 20092,
            "year": 2009,
            "quarter": 2,
            "eps": -0.12,
            "eps_growth_year": -113.79,
            "eps_4q": 0.67,
            "eps_4q_growth_year": -72.38,
            "roe": -0.84,
            "roe_4q": -0.15000000000000013,
            "gross_profit": 60992,
            "gross_margin": 3.8,
            "gross_margin_4q_avg": 8.76,
            "net_income": -30165,
            "revenue": 1607100,
            "common_shares": 1603856,
            "book_valuer_per_share": 18.94,
            "book_valuer_per_share_4q_avg": 19.19,
            "equity": 3542266,
            "current_ratio": 113.87,
            "debt_ratio": 56.81,
            "inventory_turnover_ratio": 5.6,
            "account_receivable_turnover_ratio": 0.69,
            "reinvestment_rate": 672.01,
            "research_to_sale_ratio": null,
            "price_fair": 36.19,
            "eps_avg_yearly": 1.66,
            "eps_latest_yearly": 0.72,
            "eps_growth_yearly": 11.76
        },
        "20093": {
            "year_quarter": 20093,
            "year": 2009,
            "quarter": 3,
            "eps": -0.04,
            "eps_growth_year": -109.52,
            "eps_4q": 0.19,
            "eps_4q_growth_year": -94.76,
            "roe": -1.18,
            "roe_4q": -2.5,
            "gross_profit": 112799,
            "gross_margin": 6.57,
            "gross_margin_4q_avg": 7.57,
            "net_income": -41278,
            "revenue": 1717311,
            "common_shares": 1716726,
            "book_valuer_per_share": 17.45,
            "book_valuer_per_share_4q_avg": 18.84,
            "equity": 3466528,
            "current_ratio": 99.2,
            "debt_ratio": 57.78,
            "inventory_turnover_ratio": 4.99,
            "account_receivable_turnover_ratio": 0.64,
            "reinvestment_rate": 836.06,
            "research_to_sale_ratio": null,
            "price_fair": 55.52,
            "eps_avg_yearly": 1.68,
            "eps_latest_yearly": 0.72,
            "eps_growth_yearly": 23.12
        },
        "20094": {
            "year_quarter": 20094,
            "year": 2009,
            "quarter": 4,
            "eps": -1.91,
            "eps_growth_year": -1105.26,
            "eps_4q": -1.9,
            "eps_4q_growth_year": -100.68,
            "roe": -12.28,
            "roe_4q": -14.79,
            "gross_profit": 287227,
            "gross_margin": 13.35,
            "gross_margin_4q_avg": 8.38,
            "net_income": -376177,
            "revenue": 2152001,
            "common_shares": 1717161,
            "book_valuer_per_share": 15.47,
            "book_valuer_per_share_4q_avg": 17.9,
            "equity": 2657700,
            "current_ratio": 104.27,
            "debt_ratio": 61.23,
            "inventory_turnover_ratio": 5.66,
            "account_receivable_turnover_ratio": 1.34,
            "reinvestment_rate": null,
            "research_to_sale_ratio": null,
            "price_fair": 4.6,
            "eps_avg_yearly": 1.53,
            "eps_latest_yearly": 0.72,
            "eps_growth_yearly": -16.68
        },
        "20101": {
            "year_quarter": 20101,
            "year": 2010,
            "quarter": 1,
            "eps": 0.6,
            "eps_growth_year": 233.33,
            "eps_4q": -1.48,
            "eps_4q_growth_year": -154.12,
            "roe": 3.79,
            "roe_4q": -10.509999999999998,
            "gross_profit": 230294,
            "gross_margin": 11.28,
            "gross_margin_4q_avg": 8.75,
            "net_income": 102514,
            "revenue": 2040888,
            "common_shares": 1718299,
            "book_valuer_per_share": 15.99,
            "book_valuer_per_share_4q_avg": 16.96,
            "equity": 2749978,
            "current_ratio": 106.6,
            "debt_ratio": 61.48,
            "inventory_turnover_ratio": 4.87,
            "account_receivable_turnover_ratio": 0.61,
            "reinvestment_rate": 2670.07,
            "research_to_sale_ratio": 0.72,
            "price_fair": 26.62,
            "eps_avg_yearly": 1.56,
            "eps_latest_yearly": 0.72,
            "eps_growth_yearly": 7.11
        },
        "20102": {
            "year_quarter": 20102,
            "year": 2010,
            "quarter": 2,
            "eps": 0.53,
            "eps_growth_year": null,
            "eps_4q": -0.82,
            "eps_4q_growth_year": -223.17,
            "roe": 3.22,
            "roe_4q": -6.449999999999999,
            "gross_profit": 236451,
            "gross_margin": 8.76,
            "gross_margin_4q_avg": 9.99,
            "net_income": 90731,
            "revenue": 2700162,
            "common_shares": 1718986,
            "book_valuer_per_share": 16.73,
            "book_valuer_per_share_4q_avg": 16.41,
            "equity": 2877584,
            "current_ratio": 111.28,
            "debt_ratio": 63.7,
            "inventory_turnover_ratio": 4.29,
            "account_receivable_turnover_ratio": 0.75,
            "reinvestment_rate": 587.36,
            "research_to_sale_ratio": 0.65,
            "price_fair": 18.92,
            "eps_avg_yearly": 1.61,
            "eps_latest_yearly": 2.12,
            "eps_growth_yearly": 1.74
        },
        "20103": {
            "year_quarter": 20103,
            "year": 2010,
            "quarter": 3,
            "eps": 0.05,
            "eps_growth_year": null,
            "eps_4q": -0.74,
            "eps_4q_growth_year": -488.66,
            "roe": 0.29,
            "roe_4q": -4.979999999999999,
            "gross_profit": 163013,
            "gross_margin": 4.97,
            "gross_margin_4q_avg": 9.59,
            "net_income": 8336,
            "revenue": 3276826,
            "common_shares": 1718986,
            "book_valuer_per_share": 16.6,
            "book_valuer_per_share_4q_avg": 16.2,
            "equity": 2855919,
            "current_ratio": 112.05,
            "debt_ratio": 66.97,
            "inventory_turnover_ratio": 4.09,
            "account_receivable_turnover_ratio": 0.82,
            "reinvestment_rate": 540.47,
            "research_to_sale_ratio": 0.57,
            "price_fair": 4.45,
            "eps_avg_yearly": 1.48,
            "eps_latest_yearly": 0.2,
            "eps_growth_yearly": -31.36
        },
        "20104": {
            "year_quarter": 20104,
            "year": 2010,
            "quarter": 4,
            "eps": -0.17,
            "eps_growth_year": null,
            "eps_4q": 1,
            "eps_4q_growth_year": null,
            "roe": -1.05,
            "roe_4q": 6.25,
            "gross_profit": 129555,
            "gross_margin": 5.95,
            "gross_margin_4q_avg": 7.74,
            "net_income": -29494,
            "revenue": 2175918,
            "common_shares": 1719049,
            "book_valuer_per_share": 16.13,
            "book_valuer_per_share_4q_avg": 16.36,
            "equity": 2773431,
            "current_ratio": 118.66,
            "debt_ratio": 63.72,
            "inventory_turnover_ratio": 2.88,
            "account_receivable_turnover_ratio": 0.64,
            "reinvestment_rate": 564.44,
            "research_to_sale_ratio": 0.85,
            "price_fair": 4.45,
            "eps_avg_yearly": 1.48,
            "eps_latest_yearly": 0.2,
            "eps_growth_yearly": -31.36
        },
        "20111": {
            "year_quarter": 20111,
            "year": 2011,
            "quarter": 1,
            "eps": 0.02,
            "eps_growth_year": -96.67,
            "eps_4q": 0.42,
            "eps_4q_growth_year": null,
            "roe": 0.1,
            "roe_4q": 2.56,
            "gross_profit": 124207,
            "gross_margin": 6.57,
            "gross_margin_4q_avg": 6.56,
            "net_income": 2764,
            "revenue": 1891857,
            "common_shares": 1719049,
            "book_valuer_per_share": 16.22,
            "book_valuer_per_share_4q_avg": 16.42,
            "equity": 2788307,
            "current_ratio": 119.3,
            "debt_ratio": 60.12,
            "inventory_turnover_ratio": 3.34,
            "account_receivable_turnover_ratio": 0.81,
            "reinvestment_rate": 887.09,
            "research_to_sale_ratio": 0.99,
            "price_fair": 4.42,
            "eps_avg_yearly": 1.47,
            "eps_latest_yearly": 0.2,
            "eps_growth_yearly": -25.86
        },
        "20112": {
            "year_quarter": 20112,
            "year": 2011,
            "quarter": 2,
            "eps": 0.02,
            "eps_growth_year": -95.87,
            "eps_4q": -0.09,
            "eps_4q_growth_year": null,
            "roe": 0.14,
            "roe_4q": -0.52,
            "gross_profit": 113307,
            "gross_margin": 6.13,
            "gross_margin_4q_avg": 5.91,
            "net_income": 3750,
            "revenue": 1849871,
            "common_shares": 1719049,
            "book_valuer_per_share": 15.07,
            "book_valuer_per_share_4q_avg": 16.01,
            "equity": 2589924,
            "current_ratio": 108.07,
            "debt_ratio": 65.49,
            "inventory_turnover_ratio": 4.34,
            "account_receivable_turnover_ratio": 0.82,
            "reinvestment_rate": 1001.37,
            "research_to_sale_ratio": 1.04,
            "price_fair": 4.22,
            "eps_avg_yearly": 1.41,
            "eps_latest_yearly": 0.08,
            "eps_growth_yearly": -3.86
        },
        "20113": {
            "year_quarter": 20113,
            "year": 2011,
            "quarter": 3,
            "eps": -0.02,
            "eps_growth_year": -143.68,
            "eps_4q": -0.16,
            "eps_4q_growth_year": null,
            "roe": -0.14,
            "roe_4q": -0.9500000000000001,
            "gross_profit": 99522,
            "gross_margin": 5.87,
            "gross_margin_4q_avg": 6.13,
            "net_income": -3632,
            "revenue": 1694532,
            "common_shares": 1719049,
            "book_valuer_per_share": 16.24,
            "book_valuer_per_share_4q_avg": 15.92,
            "equity": 2785048,
            "current_ratio": 113.42,
            "debt_ratio": 63.15,
            "inventory_turnover_ratio": 4.89,
            "account_receivable_turnover_ratio": 0.67,
            "reinvestment_rate": 1260.11,
            "research_to_sale_ratio": 1.2,
            "price_fair": 4.39,
            "eps_avg_yearly": 1.46,
            "eps_latest_yearly": 0.08,
            "eps_growth_yearly": -16.64
        },
        "20114": {
            "year_quarter": 20114,
            "year": 2011,
            "quarter": 4,
            "eps": -0.17,
            "eps_growth_year": null,
            "eps_4q": -0.15,
            "eps_4q_growth_year": -115.32,
            "roe": -1.05,
            "roe_4q": -0.9499999999999998,
            "gross_profit": 82253,
            "gross_margin": 5.65,
            "gross_margin_4q_avg": 6.06,
            "net_income": -28959,
            "revenue": 1457061,
            "common_shares": 1719049,
            "book_valuer_per_share": 16.15,
            "book_valuer_per_share_4q_avg": 15.92,
            "equity": 2746264,
            "current_ratio": 115.45,
            "debt_ratio": 58.42,
            "inventory_turnover_ratio": 4.96,
            "account_receivable_turnover_ratio": 0.55,
            "reinvestment_rate": 1349.02,
            "research_to_sale_ratio": 1.32,
            "price_fair": 4.25,
            "eps_avg_yearly": 1.42,
            "eps_latest_yearly": 0.08,
            "eps_growth_yearly": -68.72
        },
        "20121": {
            "year_quarter": 20121,
            "year": 2012,
            "quarter": 1,
            "eps": -0.61,
            "eps_growth_year": -3150,
            "eps_4q": -0.78,
            "eps_4q_growth_year": -285.3,
            "roe": -3.86,
            "roe_4q": -4.91,
            "gross_profit": 24785,
            "gross_margin": 2.49,
            "gross_margin_4q_avg": 5.04,
            "net_income": -103087,
            "revenue": 996019,
            "common_shares": 1691929,
            "book_valuer_per_share": 15.34,
            "book_valuer_per_share_4q_avg": 15.7,
            "equity": 2595980,
            "current_ratio": 116.74,
            "debt_ratio": 54.04,
            "inventory_turnover_ratio": 4.47,
            "account_receivable_turnover_ratio": 0.44,
            "reinvestment_rate": null,
            "research_to_sale_ratio": 1.74,
            "price_fair": 3.87,
            "eps_avg_yearly": 1.29,
            "eps_latest_yearly": 0.08,
            "eps_growth_yearly": -92.2
        },
        "20122": {
            "year_quarter": 20122,
            "year": 2012,
            "quarter": 2,
            "eps": -0.26,
            "eps_growth_year": -1270.75,
            "eps_4q": -1.1,
            "eps_4q_growth_year": null,
            "roe": -1.62,
            "roe_4q": -6.67,
            "gross_profit": 54516,
            "gross_margin": 4,
            "gross_margin_4q_avg": 4.5,
            "net_income": -40989,
            "revenue": 1363971,
            "common_shares": 1691929,
            "book_valuer_per_share": 15.4,
            "book_valuer_per_share_4q_avg": 15.78,
            "equity": 2470954,
            "current_ratio": 110.51,
            "debt_ratio": 62.57,
            "inventory_turnover_ratio": 3.52,
            "account_receivable_turnover_ratio": 0.63,
            "reinvestment_rate": null,
            "research_to_sale_ratio": 1.21,
            "price_fair": 2.78,
            "eps_avg_yearly": 0.93,
            "eps_latest_yearly": 0.08,
            "eps_growth_yearly": -142.65
        },
        "20123": {
            "year_quarter": 20123,
            "year": 2012,
            "quarter": 3,
            "eps": 0.29,
            "eps_growth_year": null,
            "eps_4q": -0.79,
            "eps_4q_growth_year": null,
            "roe": 1.9,
            "roe_4q": -4.63,
            "gross_profit": 155392,
            "gross_margin": 5.18,
            "gross_margin_4q_avg": 4.33,
            "net_income": 46923,
            "revenue": 2997691,
            "common_shares": 1604969,
            "book_valuer_per_share": 15.31,
            "book_valuer_per_share_4q_avg": 15.55,
            "equity": 2457571,
            "current_ratio": 98.08,
            "debt_ratio": 71.58,
            "inventory_turnover_ratio": 4.3,
            "account_receivable_turnover_ratio": 0.9,
            "reinvestment_rate": null,
            "research_to_sale_ratio": 0.44,
            "price_fair": 2.33,
            "eps_avg_yearly": 0.78,
            "eps_latest_yearly": 0.08,
            "eps_growth_yearly": -129.81
        },
        "20124": {
            "year_quarter": 20124,
            "year": 2012,
            "quarter": 4,
            "eps": -0.5,
            "eps_growth_year": null,
            "eps_4q": -1.1,
            "eps_4q_growth_year": null,
            "roe": -3.29,
            "roe_4q": -6.87,
            "gross_profit": 91719,
            "gross_margin": 2.78,
            "gross_margin_4q_avg": 3.61,
            "net_income": -79623,
            "revenue": 3294565,
            "common_shares": 1607799,
            "book_valuer_per_share": 14.84,
            "book_valuer_per_share_4q_avg": 15.22,
            "equity": 2386763,
            "current_ratio": 100.76,
            "debt_ratio": 70.27,
            "inventory_turnover_ratio": 5.82,
            "account_receivable_turnover_ratio": 0.78,
            "reinvestment_rate": null,
            "research_to_sale_ratio": 0.32,
            "price_fair": 2.34,
            "eps_avg_yearly": 0.78,
            "eps_latest_yearly": 0.08,
            "eps_growth_yearly": -107.5
        },
        "20131": {
            "year_quarter": 20131,
            "year": 2013,
            "quarter": 1,
            "eps": -0.53,
            "eps_growth_year": null,
            "eps_4q": -0.96,
            "eps_4q_growth_year": null,
            "roe": -3.56,
            "roe_4q": -6.569999999999999,
            "gross_profit": 801,
            "gross_margin": 0.04,
            "gross_margin_4q_avg": 3,
            "net_income": -85845,
            "revenue": 2109521,
            "common_shares": 1662704,
            "book_valuer_per_share": 14.63,
            "book_valuer_per_share_4q_avg": 15.05,
            "equity": 2432319,
            "current_ratio": 95.24,
            "debt_ratio": 61.18,
            "inventory_turnover_ratio": 8.15,
            "account_receivable_turnover_ratio": 0.63,
            "reinvestment_rate": null,
            "research_to_sale_ratio": 0.48,
            "price_fair": 2.4,
            "eps_avg_yearly": 0.8,
            "eps_latest_yearly": 0.08,
            "eps_growth_yearly": -136.31
        },
        "20132": {
            "year_quarter": 20132,
            "year": 2013,
            "quarter": 2,
            "eps": -0.93,
            "eps_growth_year": null,
            "eps_4q": -1.64,
            "eps_4q_growth_year": null,
            "roe": -6.49,
            "roe_4q": -11.44,
            "gross_profit": -23626,
            "gross_margin": -2.44,
            "gross_margin_4q_avg": 1.39,
            "net_income": -154619,
            "revenue": 966877,
            "common_shares": 1664402,
            "book_valuer_per_share": 14,
            "book_valuer_per_share_4q_avg": 14.7,
            "equity": 2330553,
            "current_ratio": 85.31,
            "debt_ratio": 55.99,
            "inventory_turnover_ratio": 4.51,
            "account_receivable_turnover_ratio": 0.5,
            "reinvestment_rate": null,
            "research_to_sale_ratio": 1.18,
            "price_fair": 2.4,
            "eps_avg_yearly": 0.8,
            "eps_latest_yearly": 0.08,
            "eps_growth_yearly": -136.31
        },
        "20133": {
            "year_quarter": 20133,
            "year": 2013,
            "quarter": 3,
            "eps": -0.41,
            "eps_growth_year": -240.24,
            "eps_4q": -2.33,
            "eps_4q_growth_year": null,
            "roe": -2.85,
            "roe_4q": -16.19,
            "gross_profit": 32456,
            "gross_margin": 2.35,
            "gross_margin_4q_avg": 0.68,
            "net_income": -69472,
            "revenue": 1383660,
            "common_shares": 1664402,
            "book_valuer_per_share": 13.4,
            "book_valuer_per_share_4q_avg": 14.22,
            "equity": 2543587,
            "current_ratio": 83.48,
            "debt_ratio": 57.12,
            "inventory_turnover_ratio": 5.16,
            "account_receivable_turnover_ratio": 0.93,
            "reinvestment_rate": null,
            "research_to_sale_ratio": 0.89,
            "price_fair": 2.4,
            "eps_avg_yearly": 0.8,
            "eps_latest_yearly": 0.08,
            "eps_growth_yearly": -136.31
        },
        "20134": {
            "year_quarter": 20134,
            "year": 2013,
            "quarter": 4,
            "eps": -6.58,
            "eps_growth_year": null,
            "eps_4q": -8.43,
            "eps_4q_growth_year": null,
            "roe": -53.96,
            "roe_4q": -66.86,
            "gross_profit": -70483,
            "gross_margin": -5.46,
            "gross_margin_4q_avg": -1.38,
            "net_income": -1085575,
            "revenue": 1289935,
            "common_shares": 1664402,
            "book_valuer_per_share": 6.98,
            "book_valuer_per_share_4q_avg": 12.25,
            "equity": 1480017,
            "current_ratio": 79.65,
            "debt_ratio": 68.74,
            "inventory_turnover_ratio": 6.6,
            "account_receivable_turnover_ratio": 0.85,
            "reinvestment_rate": null,
            "research_to_sale_ratio": 1.48,
            "price_fair": 2.4,
            "eps_avg_yearly": 0.8,
            "eps_latest_yearly": 0.08,
            "eps_growth_yearly": -136.31
        },
        "20141": {
            "year_quarter": 20141,
            "year": 2014,
            "quarter": 1,
            "eps": 0.23,
            "eps_growth_year": null,
            "eps_4q": -7.11,
            "eps_4q_growth_year": null,
            "roe": 2.77,
            "roe_4q": -60.53,
            "gross_profit": 28019,
            "gross_margin": 3.27,
            "gross_margin_4q_avg": -0.57,
            "net_income": 43061,
            "revenue": 857568,
            "common_shares": 1799646,
            "book_valuer_per_share": 7.24,
            "book_valuer_per_share_4q_avg": 10.41,
            "equity": 1628005,
            "current_ratio": 119.14,
            "debt_ratio": 62.94,
            "inventory_turnover_ratio": 7.51,
            "account_receivable_turnover_ratio": 0.7,
            "reinvestment_rate": null,
            "research_to_sale_ratio": 0.92,
            "price_fair": 2.4,
            "eps_avg_yearly": 0.8,
            "eps_latest_yearly": 0.08,
            "eps_growth_yearly": -136.31
        },
        "20142": {
            "year_quarter": 20142,
            "year": 2014,
            "quarter": 2,
            "eps": 0.29,
            "eps_growth_year": null,
            "eps_4q": -5.82,
            "eps_4q_growth_year": null,
            "roe": 3.88,
            "roe_4q": -50.160000000000004,
            "gross_profit": 106714,
            "gross_margin": 11.72,
            "gross_margin_4q_avg": 2.97,
            "net_income": 64473,
            "revenue": 910552,
            "common_shares": 1843798,
            "book_valuer_per_share": 7.48,
            "book_valuer_per_share_4q_avg": 8.78,
            "equity": 1695842,
            "current_ratio": 145.5,
            "debt_ratio": 58.63,
            "inventory_turnover_ratio": 10.08,
            "account_receivable_turnover_ratio": 1.01,
            "reinvestment_rate": null,
            "research_to_sale_ratio": 0.57,
            "price_fair": 1.44,
            "eps_avg_yearly": 0.48,
            "eps_latest_yearly": 1.16,
            "eps_growth_yearly": -85.97
        },
        "20143": {
            "year_quarter": 20143,
            "year": 2014,
            "quarter": 3,
            "eps": 0.24,
            "eps_growth_year": null,
            "eps_4q": -8.75,
            "eps_4q_growth_year": null,
            "roe": 1.97,
            "roe_4q": -45.34,
            "gross_profit": 85315,
            "gross_margin": 22.89,
            "gross_margin_4q_avg": 8.11,
            "net_income": 34389,
            "revenue": 372637,
            "common_shares": 1118895,
            "book_valuer_per_share": 13.04,
            "book_valuer_per_share_4q_avg": 8.69,
            "equity": 1787581,
            "current_ratio": 189.67,
            "debt_ratio": 44.99,
            "inventory_turnover_ratio": 3.81,
            "account_receivable_turnover_ratio": 0.73,
            "reinvestment_rate": null,
            "research_to_sale_ratio": 2.29,
            "price_fair": 15.98,
            "eps_avg_yearly": 0.73,
            "eps_latest_yearly": 0.96,
            "eps_growth_yearly": 11.79
        },
        "20144": {
            "year_quarter": 20144,
            "year": 2014,
            "quarter": 4,
            "eps": 0.04,
            "eps_growth_year": null,
            "eps_4q": 1.07,
            "eps_4q_growth_year": null,
            "roe": 0.76,
            "roe_4q": 9.379999999999999,
            "gross_profit": -43968,
            "gross_margin": 3.17,
            "gross_margin_4q_avg": 10.26,
            "net_income": 13855,
            "revenue": -1386465,
            "common_shares": 1126395,
            "book_valuer_per_share": 13.42,
            "book_valuer_per_share_4q_avg": 10.3,
            "equity": 1852424,
            "current_ratio": 222.2,
            "debt_ratio": 40.71,
            "inventory_turnover_ratio": -28.48,
            "account_receivable_turnover_ratio": -4.81,
            "reinvestment_rate": null,
            "research_to_sale_ratio": 0.11,
            "price_fair": 1.77,
            "eps_avg_yearly": 0.59,
            "eps_latest_yearly": 0.16,
            "eps_growth_yearly": -74.49
        },
        "20151": {
            "year_quarter": 20151,
            "year": 2015,
            "quarter": 1,
            "eps": 0.03,
            "eps_growth_year": -86.96,
            "eps_4q": 0.75,
            "eps_4q_growth_year": null,
            "roe": 0.74,
            "roe_4q": 7.35,
            "gross_profit": 58768,
            "gross_margin": 26.4,
            "gross_margin_4q_avg": 16.05,
            "net_income": 13897,
            "revenue": 222626,
            "common_shares": 1150940,
            "book_valuer_per_share": 13.48,
            "book_valuer_per_share_4q_avg": 11.86,
            "equity": 1895836,
            "current_ratio": 255.19,
            "debt_ratio": 36.34,
            "inventory_turnover_ratio": 3.77,
            "account_receivable_turnover_ratio": 0.83,
            "reinvestment_rate": null,
            "research_to_sale_ratio": 2.42,
            "price_fair": 1.49,
            "eps_avg_yearly": 0.5,
            "eps_latest_yearly": 0.12,
            "eps_growth_yearly": -79.59
        },
        "20152": {
            "year_quarter": 20152,
            "year": 2015,
            "quarter": 2,
            "eps": 0.03,
            "eps_growth_year": -89.66,
            "eps_4q": 0.33,
            "eps_4q_growth_year": null,
            "roe": 0.33,
            "roe_4q": 3.8,
            "gross_profit": 56865,
            "gross_margin": 23.33,
            "gross_margin_4q_avg": 18.95,
            "net_income": 6169,
            "revenue": 243691,
            "common_shares": 1150940,
            "book_valuer_per_share": 13.31,
            "book_valuer_per_share_4q_avg": 13.31,
            "equity": 1867907,
            "current_ratio": 234.86,
            "debt_ratio": 37.04,
            "inventory_turnover_ratio": 2.91,
            "account_receivable_turnover_ratio": 1.08,
            "reinvestment_rate": null,
            "research_to_sale_ratio": 2.55,
            "price_fair": 1.51,
            "eps_avg_yearly": 0.5,
            "eps_latest_yearly": 0.12,
            "eps_growth_yearly": -79.59
        },
        "20153": {
            "year_quarter": 20153,
            "year": 2015,
            "quarter": 3,
            "eps": 0.31,
            "eps_growth_year": 29.17,
            "eps_4q": 0.41,
            "eps_4q_growth_year": null,
            "roe": 2.37,
            "roe_4q": 4.2,
            "gross_profit": 46108,
            "gross_margin": 18.22,
            "gross_margin_4q_avg": 17.78,
            "net_income": 45122,
            "revenue": 253131,
            "common_shares": 1150940,
            "book_valuer_per_share": 13.94,
            "book_valuer_per_share_4q_avg": 13.54,
            "equity": 1937262,
            "current_ratio": 265.06,
            "debt_ratio": 33.85,
            "inventory_turnover_ratio": 3.65,
            "account_receivable_turnover_ratio": 1.09,
            "reinvestment_rate": null,
            "research_to_sale_ratio": 2.76,
            "price_fair": 21.93,
            "eps_avg_yearly": 0.63,
            "eps_latest_yearly": 1.24,
            "eps_growth_yearly": 555.9
        },
        "20154": {
            "year_quarter": 20154,
            "year": 2015,
            "quarter": 4,
            "eps": 0.36,
            "eps_growth_year": 708.26,
            "eps_4q": 0.79,
            "eps_4q_growth_year": -26.73,
            "roe": 2.36,
            "roe_4q": 5.800000000000001,
            "gross_profit": 61892,
            "gross_margin": 25.26,
            "gross_margin_4q_avg": 23.3,
            "net_income": 44026,
            "revenue": 244991,
            "common_shares": 993350,
            "book_valuer_per_share": 14.58,
            "book_valuer_per_share_4q_avg": 13.83,
            "equity": 1796720,
            "current_ratio": 246.24,
            "debt_ratio": 42.67,
            "inventory_turnover_ratio": 4.3,
            "account_receivable_turnover_ratio": 0.99,
            "reinvestment_rate": null,
            "research_to_sale_ratio": 2.5,
            "price_fair": 26,
            "eps_avg_yearly": 0.74,
            "eps_latest_yearly": 1.44,
            "eps_growth_yearly": 485.7
        },
        "20161": {
            "year_quarter": 20161,
            "year": 2016,
            "quarter": 1,
            "eps": 0.31,
            "eps_growth_year": 933.33,
            "eps_4q": 1.06,
            "eps_4q_growth_year": 41.56,
            "roe": 2.16,
            "roe_4q": 7.22,
            "gross_profit": 82843,
            "gross_margin": 29.29,
            "gross_margin_4q_avg": 24.03,
            "net_income": 39339,
            "revenue": 282790,
            "common_shares": 993350,
            "book_valuer_per_share": 15,
            "book_valuer_per_share_4q_avg": 14.21,
            "equity": 1848709,
            "current_ratio": 133.93,
            "debt_ratio": 42.74,
            "inventory_turnover_ratio": 4.24,
            "account_receivable_turnover_ratio": 1.1,
            "reinvestment_rate": null,
            "research_to_sale_ratio": 2.94,
            "price_fair": 28.18,
            "eps_avg_yearly": 0.81,
            "eps_latest_yearly": 1.24,
            "eps_growth_yearly": 418.04
        },
        "20162": {
            "year_quarter": 20162,
            "year": 2016,
            "quarter": 2,
            "eps": 0.38,
            "eps_growth_year": 1166.67,
            "eps_4q": 1.41,
            "eps_4q_growth_year": 333.2,
            "roe": 2.46,
            "roe_4q": 9.350000000000001,
            "gross_profit": 76369,
            "gross_margin": 32.46,
            "gross_margin_4q_avg": 26.31,
            "net_income": 42013,
            "revenue": 235292,
            "common_shares": 993350,
            "book_valuer_per_share": 14.14,
            "book_valuer_per_share_4q_avg": 14.42,
            "equity": 1571465,
            "current_ratio": 143.58,
            "debt_ratio": 50.78,
            "inventory_turnover_ratio": 2.92,
            "account_receivable_turnover_ratio": 0.95,
            "reinvestment_rate": null,
            "research_to_sale_ratio": 3.03,
            "price_fair": 30.96,
            "eps_avg_yearly": 0.88,
            "eps_latest_yearly": 1.52,
            "eps_growth_yearly": 381.63
        },
        "20163": {
            "year_quarter": 20163,
            "year": 2016,
            "quarter": 3,
            "eps": 0.31,
            "eps_growth_year": 0,
            "eps_4q": 1.37,
            "eps_4q_growth_year": 230.48,
            "roe": 2.3,
            "roe_4q": 9.28,
            "gross_profit": 93741,
            "gross_margin": 37.63,
            "gross_margin_4q_avg": 31.16,
            "net_income": 34958,
            "revenue": 249124,
            "common_shares": 993350,
            "book_valuer_per_share": 14.18,
            "book_valuer_per_share_4q_avg": 14.48,
            "equity": 1473952,
            "current_ratio": 226.59,
            "debt_ratio": 47.91,
            "inventory_turnover_ratio": 2.85,
            "account_receivable_turnover_ratio": 1.15,
            "reinvestment_rate": null,
            "research_to_sale_ratio": 3.06,
            "price_fair": 32.2,
            "eps_avg_yearly": 0.92,
            "eps_latest_yearly": 1.24,
            "eps_growth_yearly": 336.1
        },
        "20164": {
            "year_quarter": 20164,
            "year": 2016,
            "quarter": 4,
            "eps": -1.22,
            "eps_growth_year": -435.93,
            "eps_4q": -0.21,
            "eps_4q_growth_year": -127.13,
            "roe": -8.45,
            "roe_4q": -1.5299999999999994,
            "gross_profit": 84509,
            "gross_margin": 36.86,
            "gross_margin_4q_avg": 34.06,
            "net_income": -119427,
            "revenue": 229271,
            "common_shares": 993350,
            "book_valuer_per_share": 12.93,
            "book_valuer_per_share_4q_avg": 14.06,
            "equity": 1351940,
            "current_ratio": 346.3,
            "debt_ratio": 48.51,
            "inventory_turnover_ratio": 2.71,
            "account_receivable_turnover_ratio": 1.17,
            "reinvestment_rate": null,
            "research_to_sale_ratio": 4.06,
            "price_fair": 32.2,
            "eps_avg_yearly": 0.92,
            "eps_latest_yearly": 1.24,
            "eps_growth_yearly": 336.1
        },
        "20171": {
            "year_quarter": 20171,
            "year": 2017,
            "quarter": 1,
            "eps": 0.31,
            "eps_growth_year": 0,
            "eps_4q": -0.21,
            "eps_4q_growth_year": -119.82,
            "roe": 2.36,
            "roe_4q": -1.33,
            "gross_profit": 74311,
            "gross_margin": 35.09,
            "gross_margin_4q_avg": 35.51,
            "net_income": 31202,
            "revenue": 211787,
            "common_shares": 993350,
            "book_valuer_per_share": 13,
            "book_valuer_per_share_4q_avg": 13.56,
            "equity": 1291161,
            "current_ratio": 199.21,
            "debt_ratio": 48.01,
            "inventory_turnover_ratio": 2.34,
            "account_receivable_turnover_ratio": 1.23,
            "reinvestment_rate": null,
            "research_to_sale_ratio": 3.37,
            "price_fair": 32.2,
            "eps_avg_yearly": 0.92,
            "eps_latest_yearly": 1.24,
            "eps_growth_yearly": 336.1
        },
        "20172": {
            "year_quarter": 20172,
            "year": 2017,
            "quarter": 2,
            "eps": 0.65,
            "eps_growth_year": 71.05,
            "eps_4q": 0.06,
            "eps_4q_growth_year": -95.75,
            "roe": 4.88,
            "roe_4q": 1.0900000000000007,
            "gross_profit": 92211,
            "gross_margin": 31.75,
            "gross_margin_4q_avg": 35.33,
            "net_income": 64876,
            "revenue": 290468,
            "common_shares": 993350,
            "book_valuer_per_share": 13.75,
            "book_valuer_per_share_4q_avg": 13.47,
            "equity": 1366094,
            "current_ratio": 194.92,
            "debt_ratio": 45.83,
            "inventory_turnover_ratio": 2.79,
            "account_receivable_turnover_ratio": 1.51,
            "reinvestment_rate": null,
            "research_to_sale_ratio": 3.61,
            "price_fair": 37.55,
            "eps_avg_yearly": 1.07,
            "eps_latest_yearly": 2.6,
            "eps_growth_yearly": 345.43
        },
        "20173": {
            "year_quarter": 20173,
            "year": 2017,
            "quarter": 3,
            "eps": 7.29,
            "eps_growth_year": 2251.61,
            "eps_4q": 7.96,
            "eps_4q_growth_year": 482.81,
            "roe": 39.78,
            "roe_4q": 38.57000000000001,
            "gross_profit": 93087,
            "gross_margin": 30.42,
            "gross_margin_4q_avg": 33.53,
            "net_income": 621999,
            "revenue": 306055,
            "common_shares": 750000,
            "book_valuer_per_share": 23.48,
            "book_valuer_per_share_4q_avg": 15.79,
            "equity": 1761033,
            "current_ratio": 155.83,
            "debt_ratio": 31.9,
            "inventory_turnover_ratio": 2.69,
            "account_receivable_turnover_ratio": 1.39,
            "reinvestment_rate": null,
            "research_to_sale_ratio": 3.64,
            "price_fair": 119.47,
            "eps_avg_yearly": 3.41,
            "eps_latest_yearly": 29.16,
            "eps_growth_yearly": 657.15
        },
        "20174": {
            "year_quarter": 20174,
            "year": 2017,
            "quarter": 4,
            "eps": 0.99,
            "eps_growth_year": null,
            "eps_4q": 10.56,
            "eps_4q_growth_year": null,
            "roe": 4.18,
            "roe_4q": 51.2,
            "gross_profit": 72133,
            "gross_margin": 27.5,
            "gross_margin_4q_avg": 31.19,
            "net_income": 74441,
            "revenue": 262347,
            "common_shares": 750000,
            "book_valuer_per_share": 24.02,
            "book_valuer_per_share_4q_avg": 18.56,
            "equity": 1801637,
            "current_ratio": 189.56,
            "debt_ratio": 25.88,
            "inventory_turnover_ratio": 2.2,
            "account_receivable_turnover_ratio": 1.26,
            "reinvestment_rate": -104.21,
            "research_to_sale_ratio": 3.31,
            "price_fair": 120.94,
            "eps_avg_yearly": 3.46,
            "eps_latest_yearly": 3.96,
            "eps_growth_yearly": 580.01
        },
        "20181": {
            "year_quarter": 20181,
            "year": 2018,
            "quarter": 1,
            "eps": 0.63,
            "eps_growth_year": 103.23,
            "eps_4q": 10.78,
            "eps_4q_growth_year": null,
            "roe": 2.58,
            "roe_4q": 51.42,
            "gross_profit": 75080,
            "gross_margin": 28.3,
            "gross_margin_4q_avg": 29.49,
            "net_income": 47268,
            "revenue": 265281,
            "common_shares": 750000,
            "book_valuer_per_share": 24.87,
            "book_valuer_per_share_4q_avg": 21.53,
            "equity": 1865133,
            "current_ratio": 229.77,
            "debt_ratio": 26.94,
            "inventory_turnover_ratio": 1.84,
            "account_receivable_turnover_ratio": 1.28,
            "reinvestment_rate": -0.52,
            "research_to_sale_ratio": 2.98,
            "price_fair": 118.6,
            "eps_avg_yearly": 3.39,
            "eps_latest_yearly": 2.52,
            "eps_growth_yearly": 528.19
        },
        "20182": {
            "year_quarter": 20182,
            "year": 2018,
            "quarter": 2,
            "eps": 0.26,
            "eps_growth_year": -60,
            "eps_4q": 10.18,
            "eps_4q_growth_year": 16864.43,
            "roe": 1.23,
            "roe_4q": 47.77,
            "gross_profit": 55710,
            "gross_margin": 22.52,
            "gross_margin_4q_avg": 27.19,
            "net_income": 19806,
            "revenue": 247380,
            "common_shares": 750000,
            "book_valuer_per_share": 18.03,
            "book_valuer_per_share_4q_avg": 22.6,
            "equity": 1352254,
            "current_ratio": 110.52,
            "debt_ratio": 46.14,
            "inventory_turnover_ratio": 1.66,
            "account_receivable_turnover_ratio": 1.12,
            "reinvestment_rate": 15.29,
            "research_to_sale_ratio": 3.22,
            "price_fair": 118.3,
            "eps_avg_yearly": 3.38,
            "eps_latest_yearly": 1.04,
            "eps_growth_yearly": 503.96
        },
        "20183": {
            "year_quarter": 20183,
            "year": 2018,
            "quarter": 3,
            "eps": 0.49,
            "eps_growth_year": -93.28,
            "eps_4q": 2.38,
            "eps_4q_growth_year": -70.12,
            "roe": 2.69,
            "roe_4q": 10.68,
            "gross_profit": 72887,
            "gross_margin": 27.12,
            "gross_margin_4q_avg": 26.36,
            "net_income": 36775,
            "revenue": 268738,
            "common_shares": 750000,
            "book_valuer_per_share": 18.49,
            "book_valuer_per_share_4q_avg": 21.35,
            "equity": 1386420,
            "current_ratio": 153.33,
            "debt_ratio": 43.46,
            "inventory_turnover_ratio": 1.74,
            "account_receivable_turnover_ratio": 1.24,
            "reinvestment_rate": 15.69,
            "research_to_sale_ratio": 3.19,
            "price_fair": 120.8,
            "eps_avg_yearly": 3.45,
            "eps_latest_yearly": 1.96,
            "eps_growth_yearly": 534.16
        },
        "20184": {
            "year_quarter": 20184,
            "year": 2018,
            "quarter": 4,
            "eps": 0.27,
            "eps_growth_year": -72.37,
            "eps_4q": 1.66,
            "eps_4q_growth_year": -84.29,
            "roe": 1.47,
            "roe_4q": 7.970000000000001,
            "gross_profit": 74003,
            "gross_margin": 35.24,
            "gross_margin_4q_avg": 28.3,
            "net_income": 20565,
            "revenue": 210025,
            "common_shares": 750000,
            "book_valuer_per_share": 18.83,
            "book_valuer_per_share_4q_avg": 20.06,
            "equity": 1412328,
            "current_ratio": 153.91,
            "debt_ratio": 38.1,
            "inventory_turnover_ratio": 1.2,
            "account_receivable_turnover_ratio": 1.15,
            "reinvestment_rate": 1.53,
            "research_to_sale_ratio": 4.15,
            "price_fair": 123.1,
            "eps_avg_yearly": 3.52,
            "eps_latest_yearly": 1.08,
            "eps_growth_yearly": 545.14
        },
        "20191": {
            "year_quarter": 20191,
            "year": 2019,
            "quarter": 1,
            "eps": 0.67,
            "eps_growth_year": 6.35,
            "eps_4q": 1.7,
            "eps_4q_growth_year": -84.24,
            "roe": 3.47,
            "roe_4q": 8.860000000000001,
            "gross_profit": 80834,
            "gross_margin": 32.74,
            "gross_margin_4q_avg": 29.41,
            "net_income": 50274,
            "revenue": 246896,
            "common_shares": 750000,
            "book_valuer_per_share": 19.8,
            "book_valuer_per_share_4q_avg": 18.79,
            "equity": 1484988,
            "current_ratio": 159.74,
            "debt_ratio": 41.41,
            "inventory_turnover_ratio": 1.55,
            "account_receivable_turnover_ratio": 1.41,
            "reinvestment_rate": 9.06,
            "research_to_sale_ratio": 3.28,
            "price_fair": 129.5,
            "eps_avg_yearly": 3.7,
            "eps_latest_yearly": 2.68,
            "eps_growth_yearly": 594.61
        },
        "20192": {
            "year_quarter": 20192,
            "year": 2019,
            "quarter": 2,
            "eps": 1.32,
            "eps_growth_year": 407.69,
            "eps_4q": 2.76,
            "eps_4q_growth_year": -72.93,
            "roe": 6.58,
            "roe_4q": 14.21,
            "gross_profit": 60743,
            "gross_margin": 27.52,
            "gross_margin_4q_avg": 30.66,
            "net_income": 99045,
            "revenue": 220760,
            "common_shares": 750000,
            "book_valuer_per_share": 20.34,
            "book_valuer_per_share_4q_avg": 19.37,
            "equity": 1525791,
            "current_ratio": 174.06,
            "debt_ratio": 33.84,
            "inventory_turnover_ratio": 1.58,
            "account_receivable_turnover_ratio": 1.17,
            "reinvestment_rate": 14.28,
            "research_to_sale_ratio": 3.41,
            "price_fair": 142.4,
            "eps_avg_yearly": 4.07,
            "eps_latest_yearly": 5.28,
            "eps_growth_yearly": 622.33
        },
        "20193": {
            "year_quarter": 20193,
            "year": 2019,
            "quarter": 3,
            "eps": 0.27,
            "eps_growth_year": -44.9,
            "eps_4q": 2.54,
            "eps_4q_growth_year": 6.78,
            "roe": 1.34,
            "roe_4q": 12.860000000000001,
            "gross_profit": 57524,
            "gross_margin": 29.15,
            "gross_margin_4q_avg": 31.16,
            "net_income": 20491,
            "revenue": 197314,
            "common_shares": 750000,
            "book_valuer_per_share": 20.37,
            "book_valuer_per_share_4q_avg": 19.84,
            "equity": 1527988,
            "current_ratio": 133.35,
            "debt_ratio": 31.31,
            "inventory_turnover_ratio": 1.31,
            "account_receivable_turnover_ratio": 1.11,
            "reinvestment_rate": 33.89,
            "research_to_sale_ratio": 3.37,
            "price_fair": 142,
            "eps_avg_yearly": 4.06,
            "eps_latest_yearly": 1.08,
            "eps_growth_yearly": 332.94
        },
        "20194": {
            "year_quarter": 20194,
            "year": 2019,
            "quarter": 4,
            "eps": 0.06,
            "eps_growth_year": -77.54,
            "eps_4q": 2.33,
            "eps_4q_growth_year": 40.2,
            "roe": 0.3,
            "roe_4q": 11.690000000000001,
            "gross_profit": 30454,
            "gross_margin": 22.05,
            "gross_margin_4q_avg": 27.87,
            "net_income": 4619,
            "revenue": 138118,
            "common_shares": 750000,
            "book_valuer_per_share": 20.17,
            "book_valuer_per_share_4q_avg": 20.17,
            "equity": 1512660,
            "current_ratio": 167.8,
            "debt_ratio": 29.24,
            "inventory_turnover_ratio": 0.93,
            "account_receivable_turnover_ratio": 0.99,
            "reinvestment_rate": 32.43,
            "research_to_sale_ratio": 3.13,
            "price_fair": 139,
            "eps_avg_yearly": 3.97,
            "eps_latest_yearly": 0.24,
            "eps_growth_yearly": 306.11
        },
        "20201": {
            "year_quarter": 20201,
            "year": 2020,
            "quarter": 1,
            "eps": -0.22,
            "eps_growth_year": -132.84,
            "eps_4q": 1.43,
            "eps_4q_growth_year": -15.58,
            "roe": -1.16,
            "roe_4q": 7.0600000000000005,
            "gross_profit": 32852,
            "gross_margin": 20.81,
            "gross_margin_4q_avg": 24.88,
            "net_income": -16590,
            "revenue": 157894,
            "common_shares": 750000,
            "book_valuer_per_share": 18.13,
            "book_valuer_per_share_4q_avg": 19.75,
            "equity": 1359690,
            "current_ratio": 154.38,
            "debt_ratio": 35.38,
            "inventory_turnover_ratio": 1.1,
            "account_receivable_turnover_ratio": 1.38,
            "reinvestment_rate": -55.87,
            "research_to_sale_ratio": 4.1,
            "price_fair": 146.35,
            "eps_avg_yearly": 4.18,
            "eps_latest_yearly": 0.24,
            "eps_growth_yearly": 333.93
        },
        "20202": {
            "year_quarter": 20202,
            "year": 2020,
            "quarter": 2,
            "eps": -0.53,
            "eps_growth_year": -140.15,
            "eps_4q": -0.42,
            "eps_4q_growth_year": -115.26,
            "roe": -2.95,
            "roe_4q": -2.4700000000000006,
            "gross_profit": -22654,
            "gross_margin": -32.64,
            "gross_margin_4q_avg": 9.84,
            "net_income": -40026,
            "revenue": 69395,
            "common_shares": 750000,
            "book_valuer_per_share": 17.9,
            "book_valuer_per_share_4q_avg": 19.14,
            "equity": 1352347,
            "current_ratio": 169.26,
            "debt_ratio": 39.34,
            "inventory_turnover_ratio": 0.86,
            "account_receivable_turnover_ratio": 0.68,
            "reinvestment_rate": -46.64,
            "research_to_sale_ratio": 7.94,
            "price_fair": 154.12,
            "eps_avg_yearly": 4.4,
            "eps_latest_yearly": 0.24,
            "eps_growth_yearly": 354.23
        },
        "20203": {
            "year_quarter": 20203,
            "year": 2020,
            "quarter": 3,
            "eps": 0.35,
            "eps_growth_year": 29.63,
            "eps_4q": -0.34,
            "eps_4q_growth_year": -113.45,
            "roe": 1.98,
            "roe_4q": -1.8299999999999998,
            "gross_profit": 45951,
            "gross_margin": 16.6,
            "gross_margin_4q_avg": 6.71,
            "net_income": 26775,
            "revenue": 276890,
            "common_shares": 750000,
            "book_valuer_per_share": 17.98,
            "book_valuer_per_share_4q_avg": 18.55,
            "equity": 1358935,
            "current_ratio": 186.44,
            "debt_ratio": 41,
            "inventory_turnover_ratio": 2.33,
            "account_receivable_turnover_ratio": 1.69,
            "reinvestment_rate": -44.22,
            "research_to_sale_ratio": 2.02,
            "price_fair": 164.18,
            "eps_avg_yearly": 4.69,
            "eps_latest_yearly": 0.24,
            "eps_growth_yearly": 393.13
        },
        "20204": {
            "year_quarter": 20204,
            "year": 2020,
            "quarter": 4,
            "eps": 0.46,
            "eps_growth_year": 651.52,
            "eps_4q": 0.06,
            "eps_4q_growth_year": -97.42,
            "roe": 2.51,
            "roe_4q": 0.3800000000000001,
            "gross_profit": 56244,
            "gross_margin": 18.31,
            "gross_margin_4q_avg": 5.77,
            "net_income": 35075,
            "revenue": 307258,
            "common_shares": 750000,
            "book_valuer_per_share": 18.94,
            "book_valuer_per_share_4q_avg": 18.24,
            "equity": 1431067,
            "current_ratio": 173.2,
            "debt_ratio": 40.41,
            "inventory_turnover_ratio": 2.81,
            "account_receivable_turnover_ratio": 1.18,
            "reinvestment_rate": 4.17,
            "research_to_sale_ratio": 1.93,
            "price_fair": 155.87,
            "eps_avg_yearly": 4.45,
            "eps_latest_yearly": 1.84,
            "eps_growth_yearly": 370.84
        },
        "20211": {
            "year_quarter": 20211,
            "year": 2021,
            "quarter": 1,
            "eps": 0.23,
            "eps_growth_year": null,
            "eps_4q": 0.51,
            "eps_4q_growth_year": -64.63,
            "roe": 1.22,
            "roe_4q": 2.759999999999999,
            "gross_profit": 47796,
            "gross_margin": 16.28,
            "gross_margin_4q_avg": 4.64,
            "net_income": 17379,
            "revenue": 293650,
            "common_shares": 750000,
            "book_valuer_per_share": 18.77,
            "book_valuer_per_share_4q_avg": 18.4,
            "equity": 1418778,
            "current_ratio": 181,
            "debt_ratio": 42.41,
            "inventory_turnover_ratio": 2.79,
            "account_receivable_turnover_ratio": 1.12,
            "reinvestment_rate": 3.25,
            "research_to_sale_ratio": 1.87,
            "price_fair": 146.35,
            "eps_avg_yearly": 4.18,
            "eps_latest_yearly": 0.92,
            "eps_growth_yearly": 326.93
        },
        "20212": {
            "year_quarter": 20212,
            "year": 2021,
            "quarter": 2,
            "eps": 0.08,
            "eps_growth_year": null,
            "eps_4q": 1.12,
            "eps_4q_growth_year": null,
            "roe": 0.47,
            "roe_4q": 6.18,
            "gross_profit": 31645,
            "gross_margin": 12.45,
            "gross_margin_4q_avg": 15.91,
            "net_income": 6600,
            "revenue": 254276,
            "common_shares": 750000,
            "book_valuer_per_share": 18.47,
            "book_valuer_per_share_4q_avg": 18.54,
            "equity": 1396907,
            "current_ratio": 151.41,
            "debt_ratio": 44.18,
            "inventory_turnover_ratio": 2.52,
            "account_receivable_turnover_ratio": 1.09,
            "reinvestment_rate": 13.18,
            "research_to_sale_ratio": 2.27,
            "price_fair": 140.22,
            "eps_avg_yearly": 4.01,
            "eps_latest_yearly": 0.32,
            "eps_growth_yearly": 273.12
        },
        "20213": {
            "year_quarter": 20213,
            "year": 2021,
            "quarter": 3,
            "eps": -0.02,
            "eps_growth_year": -105.71,
            "eps_4q": 0.76,
            "eps_4q_growth_year": null,
            "roe": -0.07,
            "roe_4q": 4.13,
            "gross_profit": 30212,
            "gross_margin": 14.18,
            "gross_margin_4q_avg": 15.31,
            "net_income": -1054,
            "revenue": 213107,
            "common_shares": 750000,
            "book_valuer_per_share": 19,
            "book_valuer_per_share_4q_avg": 18.8,
            "equity": 1436747,
            "current_ratio": 131.74,
            "debt_ratio": 49.69,
            "inventory_turnover_ratio": 1.95,
            "account_receivable_turnover_ratio": 0.97,
            "reinvestment_rate": 134.43,
            "research_to_sale_ratio": 2.94,
            "price_fair": 5.73,
            "eps_avg_yearly": 1.91,
            "eps_latest_yearly": 0.32,
            "eps_growth_yearly": -44.63
        },
        "20214": {
            "year_quarter": 20214,
            "year": 2021,
            "quarter": 4,
            "eps": -0.03,
            "eps_growth_year": -105.78,
            "eps_4q": 0.27,
            "eps_4q_growth_year": 343.45,
            "roe": -0.14,
            "roe_4q": 1.48,
            "gross_profit": 12063,
            "gross_margin": 6.74,
            "gross_margin_4q_avg": 12.41,
            "net_income": -1953,
            "revenue": 178853,
            "common_shares": 750000,
            "book_valuer_per_share": 19.04,
            "book_valuer_per_share_4q_avg": 18.82,
            "equity": 1439207,
            "current_ratio": 190.29,
            "debt_ratio": 49.49,
            "inventory_turnover_ratio": 1.68,
            "account_receivable_turnover_ratio": 0.91,
            "reinvestment_rate": 287.62,
            "research_to_sale_ratio": 4.5,
            "price_fair": 5.17,
            "eps_avg_yearly": 1.72,
            "eps_latest_yearly": 0.32,
            "eps_growth_yearly": -17.27
        },
        "20221": {
            "year_quarter": 20221,
            "year": 2022,
            "quarter": 1,
            "eps": 0.06,
            "eps_growth_year": -73.91,
            "eps_4q": 0.1,
            "eps_4q_growth_year": -80.82,
            "roe": 0.29,
            "roe_4q": 0.5499999999999999,
            "gross_profit": 35966,
            "gross_margin": 20.53,
            "gross_margin_4q_avg": 13.48,
            "net_income": 4254,
            "revenue": 175182,
            "common_shares": 750000,
            "book_valuer_per_share": 19.41,
            "book_valuer_per_share_4q_avg": 18.98,
            "equity": 1467557,
            "current_ratio": 207.37,
            "debt_ratio": 50.45,
            "inventory_turnover_ratio": 1.33,
            "account_receivable_turnover_ratio": 0.91,
            "reinvestment_rate": 196.63,
            "research_to_sale_ratio": 3.35,
            "price_fair": 4.93,
            "eps_avg_yearly": 1.64,
            "eps_latest_yearly": 0.32,
            "eps_growth_yearly": -4.45
        },
        "20222": {
            "year_quarter": 20222,
            "year": 2022,
            "quarter": 2,
            "eps": 0.69,
            "eps_growth_year": 762.5,
            "eps_4q": 0.71,
            "eps_4q_growth_year": -37.17,
            "roe": 3.49,
            "roe_4q": 3.5700000000000003,
            "gross_profit": 40517,
            "gross_margin": 19.98,
            "gross_margin_4q_avg": 15.36,
            "net_income": 51822,
            "revenue": 202771,
            "common_shares": 750000,
            "book_valuer_per_share": 19.92,
            "book_valuer_per_share_4q_avg": 19.34,
            "equity": 1505608,
            "current_ratio": 191.39,
            "debt_ratio": 50.63,
            "inventory_turnover_ratio": 1.41,
            "account_receivable_turnover_ratio": 0.83,
            "reinvestment_rate": 190.59,
            "research_to_sale_ratio": 2.63,
            "price_fair": 63.56,
            "eps_avg_yearly": 1.82,
            "eps_latest_yearly": 2.76,
            "eps_growth_yearly": 439.05
        },
        "20223": {
            "year_quarter": 20223,
            "year": 2022,
            "quarter": 3,
            "eps": -0.26,
            "eps_growth_year": null,
            "eps_4q": 0.46,
            "eps_4q_growth_year": -38.48,
            "roe": -1.29,
            "roe_4q": 2.35,
            "gross_profit": 40410,
            "gross_margin": 18.59,
            "gross_margin_4q_avg": 16.46,
            "net_income": -19403,
            "revenue": 217407,
            "common_shares": 750000,
            "book_valuer_per_share": 19.75,
            "book_valuer_per_share_4q_avg": 19.53,
            "equity": 1492871,
            "current_ratio": 193.22,
            "debt_ratio": 50.9,
            "inventory_turnover_ratio": 1.39,
            "account_receivable_turnover_ratio": 0.82,
            "reinvestment_rate": 215.48,
            "research_to_sale_ratio": 2.25,
            "price_fair": 63,
            "eps_avg_yearly": 1.8,
            "eps_latest_yearly": 2.76,
            "eps_growth_yearly": 448.51
        },
        "20224": {
            "year_quarter": 20224,
            "year": 2022,
            "quarter": 4,
            "eps": -0.05,
            "eps_growth_year": null,
            "eps_4q": 0.44,
            "eps_4q_growth_year": 66.56,
            "roe": -0.25,
            "roe_4q": 2.24,
            "gross_profit": 29316,
            "gross_margin": 13.42,
            "gross_margin_4q_avg": 18.13,
            "net_income": -3745,
            "revenue": 218457,
            "common_shares": 750000,
            "book_valuer_per_share": 19.89,
            "book_valuer_per_share_4q_avg": 19.74,
            "equity": 1502849,
            "current_ratio": 182.73,
            "debt_ratio": 50.49,
            "inventory_turnover_ratio": 1.39,
            "account_receivable_turnover_ratio": 0.95,
            "reinvestment_rate": 240.67,
            "research_to_sale_ratio": 2.44,
            "price_fair": 66.15,
            "eps_avg_yearly": 1.89,
            "eps_latest_yearly": 2.76,
            "eps_growth_yearly": 527.03
        },
        "20231": {
            "year_quarter": 20231,
            "year": 2023,
            "quarter": 1,
            "eps": 0.01,
            "eps_growth_year": -83.33,
            "eps_4q": 0.39,
            "eps_4q_growth_year": 301.53,
            "roe": 0.02,
            "roe_4q": 1.9700000000000002,
            "gross_profit": 13944,
            "gross_margin": 7.07,
            "gross_margin_4q_avg": 14.77,
            "net_income": 362,
            "revenue": 197178,
            "common_shares": 750000,
            "book_valuer_per_share": 19.67,
            "book_valuer_per_share_4q_avg": 19.81,
            "equity": 1486174,
            "current_ratio": 162.87,
            "debt_ratio": 51.73,
            "inventory_turnover_ratio": 1.37,
            "account_receivable_turnover_ratio": 0.95,
            "reinvestment_rate": 222.35,
            "research_to_sale_ratio": 2.72,
            "price_fair": 62.2,
            "eps_avg_yearly": 1.78,
            "eps_latest_yearly": 2.76,
            "eps_growth_yearly": 517.66
        },
        "20232": {
            "year_quarter": 20232,
            "year": 2023,
            "quarter": 2,
            "eps": -0.17,
            "eps_growth_year": -124.64,
            "eps_4q": -0.47,
            "eps_4q_growth_year": -167,
            "roe": -0.88,
            "roe_4q": -2.4,
            "gross_profit": 20039,
            "gross_margin": 12.75,
            "gross_margin_4q_avg": 12.96,
            "net_income": -12903,
            "revenue": 157224,
            "common_shares": 750000,
            "book_valuer_per_share": 19.24,
            "book_valuer_per_share_4q_avg": 19.64,
            "equity": 1453888,
            "current_ratio": 129.65,
            "debt_ratio": 54.62,
            "inventory_turnover_ratio": 1.02,
            "account_receivable_turnover_ratio": 0.85,
            "reinvestment_rate": 585.1,
            "research_to_sale_ratio": 3.66,
            "price_fair": 41.77,
            "eps_avg_yearly": 1.19,
            "eps_latest_yearly": 2.76,
            "eps_growth_yearly": 539.26
        }
    },
    "months": {
        "2003-09": {
            "month": "2003-09",
            "price": "9.12",
            "revenue": 134739
        },
        "2003-10": {
            "month": "2003-10",
            "price": "9.20",
            "revenue": 140293
        },
        "2003-12": {
            "month": "2003-12",
            "price": "13.85",
            "revenue": 231536
        },
        "2004-01": {
            "month": "2004-01",
            "price": "14.22",
            "revenue": 241836
        },
        "2004-02": {
            "month": "2004-02",
            "price": "18.66",
            "revenue": 268927
        },
        "2004-03": {
            "month": "2004-03",
            "price": "20.23",
            "revenue": 356522
        },
        "2004-04": {
            "month": "2004-04",
            "price": "21.57",
            "revenue": 366153
        },
        "2004-05": {
            "month": "2004-05",
            "price": "20.09",
            "revenue": 301159
        },
        "2004-06": {
            "month": "2004-06",
            "price": "15.31",
            "revenue": 299779
        },
        "2004-07": {
            "month": "2004-07",
            "price": "13.83",
            "revenue": 318518
        },
        "2004-08": {
            "month": "2004-08",
            "price": "13.29",
            "revenue": 297904
        },
        "2004-09": {
            "month": "2004-09",
            "price": "13.99",
            "revenue": 327485
        },
        "2004-10": {
            "month": "2004-10",
            "price": "14.47",
            "revenue": 380597
        },
        "2004-11": {
            "month": "2004-11",
            "price": "14.77",
            "revenue": 357543
        },
        "2004-12": {
            "month": "2004-12",
            "price": "15.15",
            "revenue": 346841
        },
        "2005-01": {
            "month": "2005-01",
            "price": "15.34",
            "revenue": 492934
        },
        "2005-02": {
            "month": "2005-02",
            "price": "16.52",
            "revenue": 362228
        },
        "2005-03": {
            "month": "2005-03",
            "price": "20.78",
            "revenue": 427018
        },
        "2005-04": {
            "month": "2005-04",
            "price": "21.41",
            "revenue": 377034
        },
        "2005-05": {
            "month": "2005-05",
            "price": "19.48",
            "revenue": 497066
        },
        "2005-06": {
            "month": "2005-06",
            "price": "23.26",
            "revenue": 481525
        },
        "2005-07": {
            "month": "2005-07",
            "price": "25.16",
            "revenue": 506334
        },
        "2005-08": {
            "month": "2005-08",
            "price": "26.48",
            "revenue": 535175
        },
        "2005-09": {
            "month": "2005-09",
            "price": "25.80",
            "revenue": 602366
        },
        "2005-10": {
            "month": "2005-10",
            "price": "25.10",
            "revenue": 730089
        },
        "2005-11": {
            "month": "2005-11",
            "price": "27.68",
            "revenue": 661567
        },
        "2005-12": {
            "month": "2005-12",
            "price": "34.82",
            "revenue": 556064
        },
        "2006-01": {
            "month": "2006-01",
            "price": "39.51",
            "revenue": 754022
        },
        "2006-02": {
            "month": "2006-02",
            "price": "42.61",
            "revenue": 698846
        },
        "2006-03": {
            "month": "2006-03",
            "price": "48.16",
            "revenue": 661355
        },
        "2006-04": {
            "month": "2006-04",
            "price": "44.25",
            "revenue": 452481
        },
        "2006-05": {
            "month": "2006-05",
            "price": "33.70",
            "revenue": 474579
        },
        "2006-06": {
            "month": "2006-06",
            "price": "29.68",
            "revenue": 366489
        },
        "2006-07": {
            "month": "2006-07",
            "price": "27.24",
            "revenue": 400141
        },
        "2006-08": {
            "month": "2006-08",
            "price": "25.30",
            "revenue": 512164
        },
        "2006-09": {
            "month": "2006-09",
            "price": "23.18",
            "revenue": 527289
        },
        "2006-10": {
            "month": "2006-10",
            "price": "23.84",
            "revenue": 782292
        },
        "2006-11": {
            "month": "2006-11",
            "price": "22.96",
            "revenue": 810168
        },
        "2006-12": {
            "month": "2006-12",
            "price": "22.65",
            "revenue": 431708
        },
        "2007-01": {
            "month": "2007-01",
            "price": "23.38",
            "revenue": 651138
        },
        "2007-02": {
            "month": "2007-02",
            "price": "21.89",
            "revenue": 393206
        },
        "2007-03": {
            "month": "2007-03",
            "price": "19.95",
            "revenue": 510761
        },
        "2007-04": {
            "month": "2007-04",
            "price": "24.40",
            "revenue": 456493
        },
        "2007-05": {
            "month": "2007-05",
            "price": "30.11",
            "revenue": 525799
        },
        "2007-06": {
            "month": "2007-06",
            "price": "30.36",
            "revenue": 567277
        },
        "2007-07": {
            "month": "2007-07",
            "price": "34.27",
            "revenue": 694115
        },
        "2007-08": {
            "month": "2007-08",
            "price": "44.14",
            "revenue": 549933
        },
        "2007-09": {
            "month": "2007-09",
            "price": "39.84",
            "revenue": 713421
        },
        "2007-10": {
            "month": "2007-10",
            "price": "37.30",
            "revenue": 788270
        },
        "2007-11": {
            "month": "2007-11",
            "price": "28.40",
            "revenue": 765406
        },
        "2007-12": {
            "month": "2007-12",
            "price": "27.74",
            "revenue": 666480
        },
        "2008-01": {
            "month": "2008-01",
            "price": "21.62",
            "revenue": 665731
        },
        "2008-02": {
            "month": "2008-02",
            "price": "20.64",
            "revenue": 788666
        },
        "2008-03": {
            "month": "2008-03",
            "price": "25.29",
            "revenue": 966831
        },
        "2008-04": {
            "month": "2008-04",
            "price": "28.95",
            "revenue": 879062
        },
        "2008-05": {
            "month": "2008-05",
            "price": "34.02",
            "revenue": 996451
        },
        "2008-06": {
            "month": "2008-06",
            "price": "29.82",
            "revenue": 696650
        },
        "2008-07": {
            "month": "2008-07",
            "price": "22.05",
            "revenue": 690899
        },
        "2008-08": {
            "month": "2008-08",
            "price": "22.68",
            "revenue": 900681
        },
        "2008-09": {
            "month": "2008-09",
            "price": "22.12",
            "revenue": 979521
        },
        "2008-10": {
            "month": "2008-10",
            "price": "19.47",
            "revenue": 1011044
        },
        "2008-11": {
            "month": "2008-11",
            "price": "14.18",
            "revenue": 413954
        },
        "2008-12": {
            "month": "2008-12",
            "price": "11.54",
            "revenue": 391449
        },
        "2009-01": {
            "month": "2009-01",
            "price": "13.02",
            "revenue": 416089
        },
        "2009-02": {
            "month": "2009-02",
            "price": "13.78",
            "revenue": 379027
        },
        "2009-03": {
            "month": "2009-03",
            "price": "15.43",
            "revenue": 421574
        },
        "2009-04": {
            "month": "2009-04",
            "price": "16.94",
            "revenue": 504301
        },
        "2009-05": {
            "month": "2009-05",
            "price": "19.53",
            "revenue": 529810
        },
        "2009-06": {
            "month": "2009-06",
            "price": "17.74",
            "revenue": 524345
        },
        "2009-07": {
            "month": "2009-07",
            "price": "19.41",
            "revenue": 563543
        },
        "2009-08": {
            "month": "2009-08",
            "price": "17.80",
            "revenue": 634959
        },
        "2009-09": {
            "month": "2009-09",
            "price": "16.49",
            "revenue": 544507
        },
        "2009-10": {
            "month": "2009-10",
            "price": "17.29",
            "revenue": 631280
        },
        "2009-11": {
            "month": "2009-11",
            "price": "17.64",
            "revenue": 671587
        },
        "2009-12": {
            "month": "2009-12",
            "price": "20.34",
            "revenue": 663373
        },
        "2010-01": {
            "month": "2010-01",
            "price": "21.09",
            "revenue": 769485
        },
        "2010-02": {
            "month": "2010-02",
            "price": "19.16",
            "revenue": 551111
        },
        "2010-03": {
            "month": "2010-03",
            "price": "21.64",
            "revenue": 663775
        },
        "2010-04": {
            "month": "2010-04",
            "price": "20.10",
            "revenue": 733367
        },
        "2010-05": {
            "month": "2010-05",
            "price": "21.46",
            "revenue": 959958
        },
        "2010-06": {
            "month": "2010-06",
            "price": "20.90",
            "revenue": 939828
        },
        "2010-07": {
            "month": "2010-07",
            "price": "20.58",
            "revenue": 1032648
        },
        "2010-08": {
            "month": "2010-08",
            "price": "21.26",
            "revenue": 1310138
        },
        "2010-09": {
            "month": "2010-09",
            "price": "20.44",
            "revenue": 966929
        },
        "2010-10": {
            "month": "2010-10",
            "price": "20.42",
            "revenue": 986575
        },
        "2010-11": {
            "month": "2010-11",
            "price": "18.31",
            "revenue": 798125
        },
        "2010-12": {
            "month": "2010-12",
            "price": "18.39",
            "revenue": 552340
        },
        "2011-01": {
            "month": "2011-01",
            "price": "17.22",
            "revenue": 719878
        },
        "2011-02": {
            "month": "2011-02",
            "price": "16.71",
            "revenue": 514604
        },
        "2011-03": {
            "month": "2011-03",
            "price": "15.51",
            "revenue": 616600
        },
        "2011-04": {
            "month": "2011-04",
            "price": "15.26",
            "revenue": 716275
        },
        "2011-05": {
            "month": "2011-05",
            "price": "14.55",
            "revenue": 680601
        },
        "2011-06": {
            "month": "2011-06",
            "price": "13.86",
            "revenue": 532063
        },
        "2011-07": {
            "month": "2011-07",
            "price": "12.24",
            "revenue": 500900
        },
        "2011-08": {
            "month": "2011-08",
            "price": "9.10",
            "revenue": 544670
        },
        "2011-09": {
            "month": "2011-09",
            "price": "8.88",
            "revenue": 490659
        },
        "2011-10": {
            "month": "2011-10",
            "price": "8.93",
            "revenue": 568230
        },
        "2011-11": {
            "month": "2011-11",
            "price": "8.04",
            "revenue": 491027
        },
        "2011-12": {
            "month": "2011-12",
            "price": "6.71",
            "revenue": 438152
        },
        "2012-01": {
            "month": "2012-01",
            "price": "7.16",
            "revenue": 319540
        },
        "2012-02": {
            "month": "2012-02",
            "price": "8.96",
            "revenue": 334408
        },
        "2012-03": {
            "month": "2012-03",
            "price": "8.51",
            "revenue": 344553
        },
        "2012-04": {
            "month": "2012-04",
            "price": "7.42",
            "revenue": 347683
        },
        "2012-05": {
            "month": "2012-05",
            "price": "8.01",
            "revenue": 418002
        },
        "2012-06": {
            "month": "2012-06",
            "price": "9.14",
            "revenue": 588609
        },
        "2012-07": {
            "month": "2012-07",
            "price": "8.71",
            "revenue": 806980
        },
        "2012-08": {
            "month": "2012-08",
            "price": "8.88",
            "revenue": 1005184
        },
        "2012-09": {
            "month": "2012-09",
            "price": "9.32",
            "revenue": 1165837
        },
        "2012-10": {
            "month": "2012-10",
            "price": "9.30",
            "revenue": 1605280
        },
        "2012-11": {
            "month": "2012-11",
            "price": "9.22",
            "revenue": 1042844
        },
        "2012-12": {
            "month": "2012-12",
            "price": "10.65",
            "revenue": 643201
        },
        "2013-01": {
            "month": "2013-01",
            "price": "10.48",
            "revenue": 887314
        },
        "2013-02": {
            "month": "2013-02",
            "price": "11.44",
            "revenue": 684247
        },
        "2013-03": {
            "month": "2013-03",
            "price": "11.24",
            "revenue": 531271
        },
        "2013-04": {
            "month": "2013-04",
            "price": "9.91",
            "revenue": 192608
        },
        "2013-05": {
            "month": "2013-05",
            "price": "9.41",
            "revenue": 283144
        },
        "2013-06": {
            "month": "2013-06",
            "price": "8.08",
            "revenue": 486635
        },
        "2013-07": {
            "month": "2013-07",
            "price": "9.28",
            "revenue": 437767
        },
        "2013-08": {
            "month": "2013-08",
            "price": "9.36",
            "revenue": 522772
        },
        "2013-09": {
            "month": "2013-09",
            "price": "9.47",
            "revenue": 411437
        },
        "2013-10": {
            "month": "2013-10",
            "price": "9.42",
            "revenue": 474066
        },
        "2013-11": {
            "month": "2013-11",
            "price": "9.10",
            "revenue": 444565
        },
        "2013-12": {
            "month": "2013-12",
            "price": "9.25",
            "revenue": 367194
        },
        "2014-01": {
            "month": "2014-01",
            "price": "9.99",
            "revenue": 344399
        },
        "2014-02": {
            "month": "2014-02",
            "price": "11.97",
            "revenue": 246316
        },
        "2014-03": {
            "month": "2014-03",
            "price": "13.57",
            "revenue": 276286
        },
        "2014-04": {
            "month": "2014-04",
            "price": "13.43",
            "revenue": 329801
        },
        "2014-05": {
            "month": "2014-05",
            "price": "13.21",
            "revenue": 296877
        },
        "2014-06": {
            "month": "2014-06",
            "price": "13.66",
            "revenue": 284749
        },
        "2014-07": {
            "month": "2014-07",
            "price": "12.89",
            "revenue": 115190
        },
        "2014-08": {
            "month": "2014-08",
            "price": "13.08",
            "revenue": 109777
        },
        "2014-09": {
            "month": "2014-09",
            "price": "14.83",
            "revenue": 119282
        },
        "2014-10": {
            "month": "2014-10",
            "price": "16.23",
            "revenue": 109445
        },
        "2014-11": {
            "month": "2014-11",
            "price": "21.78",
            "revenue": 121662
        },
        "2014-12": {
            "month": "2014-12",
            "price": "22.54",
            "revenue": 155044
        },
        "2015-01": {
            "month": "2015-01",
            "price": "22.52",
            "revenue": 80200
        },
        "2015-02": {
            "month": "2015-02",
            "price": "22.08",
            "revenue": 61088
        },
        "2015-03": {
            "month": "2015-03",
            "price": "21.96",
            "revenue": 77427
        },
        "2015-04": {
            "month": "2015-04",
            "price": "23.22",
            "revenue": 83040
        },
        "2015-05": {
            "month": "2015-05",
            "price": "20.49",
            "revenue": 76171
        },
        "2015-06": {
            "month": "2015-06",
            "price": "18.51",
            "revenue": 76274
        },
        "2015-07": {
            "month": "2015-07",
            "price": "16.55",
            "revenue": 87386
        },
        "2015-08": {
            "month": "2015-08",
            "price": "15.67",
            "revenue": 79575
        },
        "2015-09": {
            "month": "2015-09",
            "price": "16.59",
            "revenue": 85064
        },
        "2015-10": {
            "month": "2015-10",
            "price": "17.55",
            "revenue": 79691
        },
        "2015-11": {
            "month": "2015-11",
            "price": "19.24",
            "revenue": 63868
        },
        "2015-12": {
            "month": "2015-12",
            "price": "18.25",
            "revenue": 103988
        },
        "2016-01": {
            "month": "2016-01",
            "price": "18.21",
            "revenue": 89943
        },
        "2016-02": {
            "month": "2016-02",
            "price": "19.17",
            "revenue": 82500
        },
        "2016-03": {
            "month": "2016-03",
            "price": "23.44",
            "revenue": 110057
        },
        "2016-04": {
            "month": "2016-04",
            "price": "25.11",
            "revenue": 73198
        },
        "2016-05": {
            "month": "2016-05",
            "price": "23.08",
            "revenue": 72981
        },
        "2016-06": {
            "month": "2016-06",
            "price": "22.78",
            "revenue": 87027
        },
        "2016-07": {
            "month": "2016-07",
            "price": "23.64",
            "revenue": 79327
        },
        "2016-08": {
            "month": "2016-08",
            "price": "24.05",
            "revenue": 83189
        },
        "2016-09": {
            "month": "2016-09",
            "price": "24.43",
            "revenue": 86983
        },
        "2016-10": {
            "month": "2016-10",
            "price": "23.77",
            "revenue": 76011
        },
        "2016-11": {
            "month": "2016-11",
            "price": "22.49",
            "revenue": 69117
        },
        "2016-12": {
            "month": "2016-12",
            "price": "22.53",
            "revenue": 86724
        },
        "2017-01": {
            "month": "2017-01",
            "price": "22.45",
            "revenue": 74478
        },
        "2017-02": {
            "month": "2017-02",
            "price": "23.07",
            "revenue": 70938
        },
        "2017-03": {
            "month": "2017-03",
            "price": "23.49",
            "revenue": 64730
        },
        "2017-04": {
            "month": "2017-04",
            "price": "23.08",
            "revenue": 70911
        },
        "2017-05": {
            "month": "2017-05",
            "price": "23.39",
            "revenue": 111761
        },
        "2017-06": {
            "month": "2017-06",
            "price": "24.73",
            "revenue": 107587
        },
        "2017-07": {
            "month": "2017-07",
            "price": "28.21",
            "revenue": 110726
        },
        "2017-08": {
            "month": "2017-08",
            "price": "34.10",
            "revenue": 111633
        },
        "2017-09": {
            "month": "2017-09",
            "price": "38.62",
            "revenue": 83403
        },
        "2017-10": {
            "month": "2017-10",
            "price": "45.77",
            "revenue": 65187
        },
        "2017-11": {
            "month": "2017-11",
            "price": "44.20",
            "revenue": 95285
        },
        "2017-12": {
            "month": "2017-12",
            "price": "36.83",
            "revenue": 101118
        },
        "2018-01": {
            "month": "2018-01",
            "price": "39.23",
            "revenue": 90705
        },
        "2018-02": {
            "month": "2018-02",
            "price": "39.42",
            "revenue": 77192
        },
        "2018-03": {
            "month": "2018-03",
            "price": "48.09",
            "revenue": 95570
        },
        "2018-04": {
            "month": "2018-04",
            "price": "49.93",
            "revenue": 70978
        },
        "2018-05": {
            "month": "2018-05",
            "price": "47.15",
            "revenue": 89223
        },
        "2018-06": {
            "month": "2018-06",
            "price": "46.22",
            "revenue": 93457
        },
        "2018-07": {
            "month": "2018-07",
            "price": "41.93",
            "revenue": 83804
        },
        "2018-08": {
            "month": "2018-08",
            "price": "40.45",
            "revenue": 100297
        },
        "2018-09": {
            "month": "2018-09",
            "price": "26.89",
            "revenue": 80864
        },
        "2018-10": {
            "month": "2018-10",
            "price": "20.94",
            "revenue": 77404
        },
        "2018-11": {
            "month": "2018-11",
            "price": "18.56",
            "revenue": 69048
        },
        "2018-12": {
            "month": "2018-12",
            "price": "21.64",
            "revenue": 64030
        },
        "2019-01": {
            "month": "2019-01",
            "price": "20.86",
            "revenue": 82744
        },
        "2019-02": {
            "month": "2019-02",
            "price": "21.78",
            "revenue": 71437
        },
        "2019-03": {
            "month": "2019-03",
            "price": "23.87",
            "revenue": 93552
        },
        "2019-04": {
            "month": "2019-04",
            "price": "22.82",
            "revenue": 65175
        },
        "2019-05": {
            "month": "2019-05",
            "price": "21.89",
            "revenue": 81627
        },
        "2019-06": {
            "month": "2019-06",
            "price": "21.83",
            "revenue": 73875
        },
        "2019-07": {
            "month": "2019-07",
            "price": "22.97",
            "revenue": 73030
        },
        "2019-08": {
            "month": "2019-08",
            "price": "23.18",
            "revenue": 67932
        },
        "2019-09": {
            "month": "2019-09",
            "price": "25.46",
            "revenue": 55845
        },
        "2019-10": {
            "month": "2019-10",
            "price": "23.72",
            "revenue": 42898
        },
        "2019-11": {
            "month": "2019-11",
            "price": "22.88",
            "revenue": 40634
        },
        "2019-12": {
            "month": "2019-12",
            "price": "22.56",
            "revenue": 54542
        },
        "2020-01": {
            "month": "2020-01",
            "price": "22.47",
            "revenue": 66446
        },
        "2020-02": {
            "month": "2020-02",
            "price": "20.48",
            "revenue": 50762
        },
        "2020-03": {
            "month": "2020-03",
            "price": "16.95",
            "revenue": 42746
        },
        "2020-04": {
            "month": "2020-04",
            "price": "16.32",
            "revenue": 14548
        },
        "2020-05": {
            "month": "2020-05",
            "price": "16.36",
            "revenue": 17170
        },
        "2020-06": {
            "month": "2020-06",
            "price": "16.09",
            "revenue": 38244
        },
        "2020-07": {
            "month": "2020-07",
            "price": "15.85",
            "revenue": 76451
        },
        "2020-08": {
            "month": "2020-08",
            "price": "15.26",
            "revenue": 90503
        },
        "2020-09": {
            "month": "2020-09",
            "price": "16.40",
            "revenue": 109010
        },
        "2020-10": {
            "month": "2020-10",
            "price": "17.56",
            "revenue": 89919
        },
        "2020-11": {
            "month": "2020-11",
            "price": "17.35",
            "revenue": 100310
        },
        "2020-12": {
            "month": "2020-12",
            "price": "18.04",
            "revenue": 115058
        },
        "2021-01": {
            "month": "2021-01",
            "price": "21.47",
            "revenue": 100824
        },
        "2021-02": {
            "month": "2021-02",
            "price": "20.01",
            "revenue": 92319
        },
        "2021-03": {
            "month": "2021-03",
            "price": "21.30",
            "revenue": 99766
        },
        "2021-04": {
            "month": "2021-04",
            "price": "24.48",
            "revenue": 80347
        },
        "2021-05": {
            "month": "2021-05",
            "price": "20.28",
            "revenue": 95605
        },
        "2021-06": {
            "month": "2021-06",
            "price": "19.85",
            "revenue": 77623
        },
        "2021-07": {
            "month": "2021-07",
            "price": "20.33",
            "revenue": 67654
        },
        "2021-08": {
            "month": "2021-08",
            "price": "19.07",
            "revenue": 73834
        },
        "2021-09": {
            "month": "2021-09",
            "price": "18.28",
            "revenue": 71486
        },
        "2021-10": {
            "month": "2021-10",
            "price": "17.50",
            "revenue": 55144
        },
        "2021-11": {
            "month": "2021-11",
            "price": "18.79",
            "revenue": 64122
        },
        "2021-12": {
            "month": "2021-12",
            "price": "18.99",
            "revenue": 58448
        },
        "2022-01": {
            "month": "2022-01",
            "price": "19.98",
            "revenue": 55519
        },
        "2022-02": {
            "month": "2022-02",
            "price": "21.07",
            "revenue": 47739
        },
        "2022-03": {
            "month": "2022-03",
            "price": "19.95",
            "revenue": 72728
        },
        "2022-04": {
            "month": "2022-04",
            "price": "18.74",
            "revenue": 57708
        },
        "2022-05": {
            "month": "2022-05",
            "price": "17.24",
            "revenue": 62276
        },
        "2022-06": {
            "month": "2022-06",
            "price": "17.60",
            "revenue": 82359
        },
        "2022-07": {
            "month": "2022-07",
            "price": "18.09",
            "revenue": 53638
        },
        "2022-08": {
            "month": "2022-08",
            "price": "20.68",
            "revenue": 84397
        },
        "2022-09": {
            "month": "2022-09",
            "price": "20.46",
            "revenue": 78204
        },
        "2022-10": {
            "month": "2022-10",
            "price": "17.16",
            "revenue": 76353
        },
        "2022-11": {
            "month": "2022-11",
            "price": "17.11",
            "revenue": 70864
        },
        "2022-12": {
            "month": "2022-12",
            "price": "17.30",
            "revenue": 76678
        },
        "2023-01": {
            "month": "2023-01",
            "price": "16.57",
            "revenue": 63635
        },
        "2023-02": {
            "month": "2023-02",
            "price": "17.88",
            "revenue": 66688
        },
        "2023-03": {
            "month": "2023-03",
            "price": "17.85",
            "revenue": 67192
        },
        "2023-04": {
            "month": "2023-04",
            "price": "17.19",
            "revenue": 53001
        },
        "2023-05": {
            "month": "2023-05",
            "price": "16.93",
            "revenue": 61655
        },
        "2023-06": {
            "month": "2023-06",
            "price": "17.18",
            "revenue": 42798
        },
        "2023-07": {
            "month": "2023-07",
            "price": "17.00",
            "revenue": 55325
        },
        "2023-08": {
            "month": "2023-08",
            "price": "16.42",
            "revenue": 57536
        }
    }
}
