{
    "summary": {
        "stock_name": "博大",
        "stock_id": "8109",
        "category": "電子零組件",
        "main_business": "各種電腦軟硬體及週邊設備暨零組件之製造、加工、買賣<br>各種交直流電源供應器.轉換器.電信器材及其零組件之製造加工買賣<br>資訊軟體服務業",
        "website_url": "http://www.pduke.com",
        "ceo": "廖本崇",
        "pe_ratio": 10,
        "report_year_from": 2001,
        "report_year_to": 2023,
        "age": 22,
        "eps_negative_percentage": 1,
        "eps_growth_avg": {
            "last_all": 17.26,
            "last_2y": 25.44,
            "last_4y": 21.92,
            "last_8y": 12.74,
            "last_12y": 13.35,
            "last_16y": 14.79,
            "last_20y": null,
            "at_2006_last_3y": null,
            "at_2007_last_3y": 44.9,
            "at_2008_last_3y": 21.12,
            "at_2009_last_3y": 19.49,
            "at_2010_last_3y": 1.14,
            "at_2011_last_3y": 2.68,
            "at_2012_last_3y": -6.81,
            "at_2013_last_3y": 14.71,
            "at_2014_last_3y": 13.53,
            "at_2015_last_3y": 12.3,
            "at_2016_last_3y": 19.85,
            "at_2017_last_3y": 1.27,
            "at_2018_last_3y": 10.73,
            "at_2019_last_3y": 3,
            "at_2020_last_3y": 0.14,
            "at_2021_last_3y": 9.6,
            "at_2022_last_3y": 12.48,
            "at_2023_last_3y": 12.48,
            "at_2006_last_all": 58.78,
            "at_2007_last_all": 44.9,
            "at_2008_last_all": 36.9,
            "at_2009_last_all": 25.72,
            "at_2010_last_all": 25.84,
            "at_2011_last_all": 23.79,
            "at_2012_last_all": 17.47,
            "at_2013_last_all": 21.32,
            "at_2014_last_all": 21.36,
            "at_2015_last_all": 19.96,
            "at_2016_last_all": 18.2,
            "at_2017_last_all": 15.59,
            "at_2018_last_all": 18.53,
            "at_2019_last_all": 15.72,
            "at_2020_last_all": 13.95,
            "at_2021_last_all": 14.26,
            "at_2022_last_all": 17.26,
            "at_2023_last_all": 17.26
        },
        "latest_eps": 8.67,
        "latest_price": 87.9,
        "latest_roe": 31.55,
        "latest_gross_margin": 47.09,
        "latest_equity": 2392321,
        "latest_revenue": 465661,
        "latest_gross_profit": 219292,
        "latest_net_income": 142331,
        "latest_debt_ratio": 51.81,
        "latest_current_ratio": 211.26,
        "latest_account_receivable_turnover_ratio": 2.57,
        "latest_inventory_turnover_ratio": 0.47,
        "latest_reinvestment_rate": 36.29,
        "latest_research_to_sale_ratio": 3.78
    },
    "eps_dividends": {
        "2001": {
            "cash": 0,
            "stock": 0,
            "eps": 0
        },
        "2002": {
            "cash": 0,
            "stock": 0,
            "eps": 0
        },
        "2003": {
            "cash": 0,
            "stock": 0,
            "eps": 0.93
        },
        "2004": {
            "cash": 1,
            "stock": 2,
            "eps": 1.86
        },
        "2005": {
            "cash": 1,
            "stock": 1,
            "eps": 1.42
        },
        "2006": {
            "cash": 1,
            "stock": 1,
            "eps": 3.98
        },
        "2007": {
            "cash": 2,
            "stock": 1,
            "eps": 4.11
        },
        "2008": {
            "cash": 3,
            "stock": 1,
            "eps": 4.31
        },
        "2009": {
            "cash": 2,
            "stock": 1,
            "eps": 3.01
        },
        "2010": {
            "cash": 2,
            "stock": 2,
            "eps": 3.81
        },
        "2011": {
            "cash": 2,
            "stock": 2,
            "eps": 4.17
        },
        "2012": {
            "cash": 3,
            "stock": 0,
            "eps": 2.79
        },
        "2013": {
            "cash": 3,
            "stock": 0,
            "eps": 4.35
        },
        "2014": {
            "cash": 4,
            "stock": 0,
            "eps": 5.3
        },
        "2015": {
            "cash": 4,
            "stock": 0,
            "eps": 5.54
        },
        "2016": {
            "cash": 5,
            "stock": 0,
            "eps": 5.38
        },
        "2017": {
            "cash": 4,
            "stock": 1,
            "eps": 4.39
        },
        "2018": {
            "cash": 4,
            "stock": 0,
            "eps": 7.01
        },
        "2019": {
            "cash": 5,
            "stock": 1,
            "eps": 5.16
        },
        "2020": {
            "cash": 4,
            "stock": 0,
            "eps": 4.42
        },
        "2021": {
            "cash": 4,
            "stock": 0,
            "eps": 5.28
        },
        "2022": {
            "cash": 4,
            "stock": 0,
            "eps": 9.04
        },
        "2023": {
            "cash": 6,
            "stock": 0,
            "eps": 1.83
        }
    },
    "dividends": {
        "2004-06-30": {
            "cash": 0.5,
            "stock": 1.5
        },
        "2005-03-30": {
            "cash": 0.8,
            "stock": 0.5
        },
        "2006-03-20": {
            "cash": 0.8,
            "stock": 0.6
        },
        "2007-03-20": {
            "cash": 2,
            "stock": 1
        },
        "2008-03-20": {
            "cash": 2.54,
            "stock": 0.51
        },
        "2009-03-23": {
            "cash": 2,
            "stock": 0.5
        },
        "2010-06-15": {
            "cash": 2,
            "stock": 1.5
        },
        "2011-03-21": {
            "cash": 1.7,
            "stock": 1.8
        },
        "2012-06-12": {
            "cash": 3,
            "stock": 0
        },
        "2013-06-14": {
            "cash": 2.5,
            "stock": 0
        },
        "2014-08-15": {
            "cash": 4,
            "stock": 0
        },
        "2015-08-06": {
            "cash": 4.3,
            "stock": 0
        },
        "2016-08-18": {
            "cash": 4.5,
            "stock": 0
        },
        "2017-08-08": {
            "cash": 3.5,
            "stock": 1
        },
        "2018-08-08": {
            "cash": 4,
            "stock": 0
        },
        "2019-09-06": {
            "cash": 4.5,
            "stock": 1
        },
        "2020-07-22": {
            "cash": 4,
            "stock": 0
        },
        "2021-05-07": {
            "cash": 3.5,
            "stock": 0
        },
        "2022-05-20": {
            "cash": 4,
            "stock": 0
        },
        "2023-05-11": {
            "cash": 6,
            "stock": 0
        }
    },
    "prices": {
        "200101": "無",
        "200102": "無",
        "200103": "無",
        "200104": "無",
        "200105": "無",
        "200106": "無",
        "200107": "無",
        "200108": "無",
        "200109": "無",
        "200110": "無",
        "200111": "無",
        "200112": "無",
        "200201": "無",
        "200202": "無",
        "200203": "無",
        "200204": "無",
        "200205": "無",
        "200206": "無",
        "200207": "無",
        "200208": "無",
        "200209": "無",
        "200210": "無",
        "200211": "無",
        "200212": "無",
        "200301": "無",
        "200302": "無",
        "200303": "無",
        "200304": "無",
        "200305": "無",
        "200306": "無",
        "200307": "無",
        "200308": "無",
        "200309": "無",
        "200310": "19.00",
        "200311": "19.00",
        "200312": "24.61",
        "200401": "25.53",
        "200402": "25.35",
        "200403": "25.01",
        "200404": "23.69",
        "200405": "22.83",
        "200406": "25.01",
        "200407": "25.60",
        "200408": "27.47",
        "200409": "26.96",
        "200410": "22.68",
        "200411": "19.86",
        "200412": "18.64",
        "200501": "19.21",
        "200502": "18.20",
        "200503": "18.13",
        "200504": "16.43",
        "200505": "15.09",
        "200506": "15.10",
        "200507": "15.40",
        "200508": "13.85",
        "200509": "13.28",
        "200510": "13.31",
        "200511": "13.33",
        "200512": "14.34",
        "200601": "15.56",
        "200602": "16.82",
        "200603": "17.60",
        "200604": "25.43",
        "200605": "32.93",
        "200606": "31.21",
        "200607": "30.30",
        "200608": "31.02",
        "200609": "35.70",
        "200610": "42.94",
        "200611": "43.76",
        "200612": "49.06",
        "200701": "51.17",
        "200702": "50.10",
        "200703": "51.08",
        "200704": "51.90",
        "200705": "51.16",
        "200706": "53.78",
        "200707": "55.43",
        "200708": "47.82",
        "200709": "47.33",
        "200710": "44.40",
        "200711": "38.99",
        "200712": "36.29",
        "200801": "34.09",
        "200802": "34.46",
        "200803": "34.50",
        "200804": "38.09",
        "200805": "39.55",
        "200806": "36.60",
        "200807": "31.74",
        "200808": "32.90",
        "200809": "32.21",
        "200810": "28.16",
        "200811": "24.98",
        "200812": "24.55",
        "200901": "25.44",
        "200902": "25.62",
        "200903": "30.09",
        "200904": "34.54",
        "200905": "34.18",
        "200906": "32.87",
        "200907": "32.22",
        "200908": "32.92",
        "200909": "34.13",
        "200910": "35.52",
        "200911": "34.71",
        "200912": "36.77",
        "201001": "36.33",
        "201002": "34.22",
        "201003": "37.25",
        "201004": "51.75",
        "201005": "48.90",
        "201006": "46.14",
        "201007": "45.52",
        "201008": "44.77",
        "201009": "45.86",
        "201010": "43.00",
        "201011": "43.59",
        "201012": "44.93",
        "201101": "43.82",
        "201102": "50.50",
        "201103": "59.63",
        "201104": "59.33",
        "201105": "69.38",
        "201106": "62.42",
        "201107": "55.97",
        "201108": "44.15",
        "201109": "41.22",
        "201110": "39.89",
        "201111": "38.83",
        "201112": "36.08",
        "201201": "37.29",
        "201202": "41.66",
        "201203": "41.97",
        "201204": "39.54",
        "201205": "36.50",
        "201206": "36.25",
        "201207": "33.82",
        "201208": "34.52",
        "201209": "36.38",
        "201210": "34.83",
        "201211": "34.65",
        "201212": "34.93",
        "201301": "36.89",
        "201302": "38.70",
        "201303": "39.64",
        "201304": "39.28",
        "201305": "40.51",
        "201306": "39.36",
        "201307": "39.78",
        "201308": "43.89",
        "201309": "44.46",
        "201310": "44.45",
        "201311": "46.40",
        "201312": "51.05",
        "201401": "58.76",
        "201402": "64.80",
        "201403": "65.97",
        "201404": "63.11",
        "201405": "62.83",
        "201406": "63.89",
        "201407": "65.39",
        "201408": "60.86",
        "201409": "59.79",
        "201410": "57.64",
        "201411": "60.34",
        "201412": "61.12",
        "201501": "68.44",
        "201502": "70.47",
        "201503": "69.35",
        "201504": "73.91",
        "201505": "64.86",
        "201506": "63.27",
        "201507": "56.93",
        "201508": "53.04",
        "201509": "56.83",
        "201510": "61.59",
        "201511": "62.66",
        "201512": "60.37",
        "201601": "57.63",
        "201602": "66.07",
        "201603": "71.48",
        "201604": "68.31",
        "201605": "65.63",
        "201606": "66.90",
        "201607": "69.28",
        "201608": "67.07",
        "201609": "66.25",
        "201610": "64.72",
        "201611": "62.58",
        "201612": "63.73",
        "201701": "63.36",
        "201702": "62.59",
        "201703": "63.74",
        "201704": "64.20",
        "201705": "65.92",
        "201706": "68.93",
        "201707": "63.77",
        "201708": "63.31",
        "201709": "64.91",
        "201710": "66.24",
        "201711": "67.70",
        "201712": "67.02",
        "201801": "67.55",
        "201802": "67.58",
        "201803": "69.50",
        "201804": "70.04",
        "201805": "71.17",
        "201806": "73.17",
        "201807": "71.77",
        "201808": "72.63",
        "201809": "77.72",
        "201810": "74.47",
        "201811": "74.32",
        "201812": "75.24",
        "201901": "77.90",
        "201902": "81.73",
        "201903": "87.81",
        "201904": "97.62",
        "201905": "96.32",
        "201906": "91.17",
        "201907": "91.41",
        "201908": "82.12",
        "201909": "80.50",
        "201910": "77.40",
        "201911": "74.64",
        "201912": "74.11",
        "202001": "74.87",
        "202002": "69.97",
        "202003": "61.56",
        "202004": "65.74",
        "202005": "69.05",
        "202006": "71.08",
        "202007": "66.83",
        "202008": "66.93",
        "202009": "67.16",
        "202010": "65.89",
        "202011": "65.87",
        "202012": "67.37",
        "202101": "68.33",
        "202102": "70.02",
        "202103": "72.89",
        "202104": "73.86",
        "202105": "70.08",
        "202106": "70.25",
        "202107": "74.29",
        "202108": "75.23",
        "202109": "74.62",
        "202110": "71.33",
        "202111": "71.52",
        "202112": "73.78",
        "202201": "74.31",
        "202202": "75.71",
        "202203": "74.70",
        "202204": "73.44",
        "202205": "71.17",
        "202206": "72.30",
        "202207": "72.71",
        "202208": "77.65",
        "202209": "88.29",
        "202210": "83.30",
        "202211": "85.94",
        "202212": "86.70",
        "202301": "86.48",
        "202302": "88.80",
        "202303": "92.10",
        "202304": "90.32",
        "202305": "87.63"
    },
    "quarters": {
        "20011": {
            "year_quarter": 20011,
            "year": 2001,
            "quarter": 1,
            "eps": null,
            "eps_growth_year": null,
            "eps_4q": null,
            "eps_4q_growth_year": null,
            "roe": null,
            "gross_profit": null,
            "gross_margin": null,
            "net_income": null,
            "revenue": null,
            "common_shares": null,
            "equity": null,
            "current_ratio": null,
            "debt_ratio": null,
            "inventory_turnover_ratio": null,
            "account_receivable_turnover_ratio": null,
            "reinvestment_rate": null,
            "research_to_sale_ratio": null,
            "price_fair": 0,
            "eps_avg_yearly": 0,
            "eps_latest_yearly": 0,
            "eps_growth_yearly": 0
        },
        "20012": {
            "year_quarter": 20012,
            "year": 2001,
            "quarter": 2,
            "eps": null,
            "eps_growth_year": null,
            "eps_4q": null,
            "eps_4q_growth_year": null,
            "roe": null,
            "gross_profit": null,
            "gross_margin": null,
            "net_income": null,
            "revenue": null,
            "common_shares": null,
            "equity": null,
            "current_ratio": null,
            "debt_ratio": null,
            "inventory_turnover_ratio": null,
            "account_receivable_turnover_ratio": null,
            "reinvestment_rate": null,
            "research_to_sale_ratio": null,
            "price_fair": 0,
            "eps_avg_yearly": 0,
            "eps_latest_yearly": 0,
            "eps_growth_yearly": 0
        },
        "20013": {
            "year_quarter": 20013,
            "year": 2001,
            "quarter": 3,
            "eps": null,
            "eps_growth_year": null,
            "eps_4q": null,
            "eps_4q_growth_year": null,
            "roe": null,
            "gross_profit": null,
            "gross_margin": null,
            "net_income": null,
            "revenue": null,
            "common_shares": null,
            "equity": null,
            "current_ratio": null,
            "debt_ratio": null,
            "inventory_turnover_ratio": null,
            "account_receivable_turnover_ratio": null,
            "reinvestment_rate": null,
            "research_to_sale_ratio": null,
            "price_fair": 0,
            "eps_avg_yearly": 0,
            "eps_latest_yearly": 0,
            "eps_growth_yearly": 0
        },
        "20014": {
            "year_quarter": 20014,
            "year": 2001,
            "quarter": 4,
            "eps": null,
            "eps_growth_year": null,
            "eps_4q": null,
            "eps_4q_growth_year": null,
            "roe": null,
            "gross_profit": null,
            "gross_margin": null,
            "net_income": null,
            "revenue": null,
            "common_shares": 280960,
            "equity": 291342,
            "current_ratio": 373.23,
            "debt_ratio": 29.49,
            "inventory_turnover_ratio": null,
            "account_receivable_turnover_ratio": null,
            "reinvestment_rate": null,
            "research_to_sale_ratio": null,
            "price_fair": 0,
            "eps_avg_yearly": 0,
            "eps_latest_yearly": 0,
            "eps_growth_yearly": 0
        },
        "20021": {
            "year_quarter": 20021,
            "year": 2002,
            "quarter": 1,
            "eps": null,
            "eps_growth_year": null,
            "eps_4q": null,
            "eps_4q_growth_year": null,
            "roe": null,
            "gross_profit": null,
            "gross_margin": null,
            "net_income": null,
            "revenue": null,
            "common_shares": null,
            "equity": null,
            "current_ratio": null,
            "debt_ratio": null,
            "inventory_turnover_ratio": null,
            "account_receivable_turnover_ratio": null,
            "reinvestment_rate": null,
            "research_to_sale_ratio": null,
            "price_fair": 0,
            "eps_avg_yearly": 0,
            "eps_latest_yearly": 0,
            "eps_growth_yearly": 0
        },
        "20022": {
            "year_quarter": 20022,
            "year": 2002,
            "quarter": 2,
            "eps": null,
            "eps_growth_year": null,
            "eps_4q": null,
            "eps_4q_growth_year": null,
            "roe": null,
            "gross_profit": null,
            "gross_margin": null,
            "net_income": null,
            "revenue": null,
            "common_shares": null,
            "equity": null,
            "current_ratio": null,
            "debt_ratio": null,
            "inventory_turnover_ratio": null,
            "account_receivable_turnover_ratio": null,
            "reinvestment_rate": null,
            "research_to_sale_ratio": null,
            "price_fair": 0,
            "eps_avg_yearly": 0,
            "eps_latest_yearly": 0,
            "eps_growth_yearly": 0
        },
        "20023": {
            "year_quarter": 20023,
            "year": 2002,
            "quarter": 3,
            "eps": null,
            "eps_growth_year": null,
            "eps_4q": null,
            "eps_4q_growth_year": null,
            "roe": null,
            "gross_profit": null,
            "gross_margin": null,
            "net_income": null,
            "revenue": null,
            "common_shares": null,
            "equity": null,
            "current_ratio": null,
            "debt_ratio": null,
            "inventory_turnover_ratio": null,
            "account_receivable_turnover_ratio": null,
            "reinvestment_rate": null,
            "research_to_sale_ratio": null,
            "price_fair": 0,
            "eps_avg_yearly": 0,
            "eps_latest_yearly": 0,
            "eps_growth_yearly": 0
        },
        "20024": {
            "year_quarter": 20024,
            "year": 2002,
            "quarter": 4,
            "eps": null,
            "eps_growth_year": null,
            "eps_4q": null,
            "eps_4q_growth_year": null,
            "roe": null,
            "gross_profit": null,
            "gross_margin": null,
            "net_income": null,
            "revenue": null,
            "common_shares": 280960,
            "equity": 297433,
            "current_ratio": 125.43,
            "debt_ratio": 46.47,
            "inventory_turnover_ratio": null,
            "account_receivable_turnover_ratio": null,
            "reinvestment_rate": null,
            "research_to_sale_ratio": null,
            "price_fair": 0,
            "eps_avg_yearly": 0,
            "eps_latest_yearly": 0,
            "eps_growth_yearly": 0
        },
        "20031": {
            "year_quarter": 20031,
            "year": 2003,
            "quarter": 1,
            "eps": null,
            "eps_growth_year": null,
            "eps_4q": null,
            "eps_4q_growth_year": null,
            "roe": null,
            "gross_profit": null,
            "gross_margin": null,
            "net_income": null,
            "revenue": null,
            "common_shares": null,
            "equity": null,
            "current_ratio": null,
            "debt_ratio": null,
            "inventory_turnover_ratio": null,
            "account_receivable_turnover_ratio": null,
            "reinvestment_rate": null,
            "research_to_sale_ratio": null,
            "price_fair": 0,
            "eps_avg_yearly": 0,
            "eps_latest_yearly": 0,
            "eps_growth_yearly": 0
        },
        "20032": {
            "year_quarter": 20032,
            "year": 2003,
            "quarter": 2,
            "eps": null,
            "eps_growth_year": null,
            "eps_4q": null,
            "eps_4q_growth_year": null,
            "roe": null,
            "gross_profit": null,
            "gross_margin": null,
            "net_income": null,
            "revenue": null,
            "common_shares": null,
            "equity": null,
            "current_ratio": null,
            "debt_ratio": null,
            "inventory_turnover_ratio": null,
            "account_receivable_turnover_ratio": null,
            "reinvestment_rate": null,
            "research_to_sale_ratio": null,
            "price_fair": 0,
            "eps_avg_yearly": 0,
            "eps_latest_yearly": 0,
            "eps_growth_yearly": 0
        },
        "20033": {
            "year_quarter": 20033,
            "year": 2003,
            "quarter": 3,
            "eps": 0.36,
            "eps_growth_year": null,
            "eps_4q": null,
            "eps_4q_growth_year": null,
            "roe": 2.96,
            "gross_profit": 40111,
            "gross_margin": 33,
            "net_income": 10204,
            "revenue": 121531,
            "common_shares": 280960,
            "equity": 344248,
            "current_ratio": 131.83,
            "debt_ratio": 43.62,
            "inventory_turnover_ratio": 1.12,
            "account_receivable_turnover_ratio": null,
            "reinvestment_rate": null,
            "research_to_sale_ratio": null,
            "price_fair": 0,
            "eps_avg_yearly": 0,
            "eps_latest_yearly": 0,
            "eps_growth_yearly": 0
        },
        "20034": {
            "year_quarter": 20034,
            "year": 2003,
            "quarter": 4,
            "eps": 0.57,
            "eps_growth_year": null,
            "eps_4q": null,
            "eps_4q_growth_year": null,
            "roe": 4.58,
            "gross_profit": 37639,
            "gross_margin": 34.13,
            "net_income": 16139,
            "revenue": 110272,
            "common_shares": 280960,
            "equity": 360351,
            "current_ratio": 180.82,
            "debt_ratio": 33.62,
            "inventory_turnover_ratio": 0.94,
            "account_receivable_turnover_ratio": null,
            "reinvestment_rate": null,
            "research_to_sale_ratio": null,
            "price_fair": 79.8,
            "eps_avg_yearly": 2.28,
            "eps_latest_yearly": 2.28,
            "eps_growth_yearly": 233.33
        },
        "20041": {
            "year_quarter": 20041,
            "year": 2004,
            "quarter": 1,
            "eps": 0.66,
            "eps_growth_year": null,
            "eps_4q": null,
            "eps_4q_growth_year": null,
            "roe": 5.05,
            "gross_profit": 44488,
            "gross_margin": 43.95,
            "net_income": 18596,
            "revenue": 101235,
            "common_shares": 280960,
            "equity": 376695,
            "current_ratio": 220.74,
            "debt_ratio": 27.98,
            "inventory_turnover_ratio": 0.74,
            "account_receivable_turnover_ratio": null,
            "reinvestment_rate": null,
            "research_to_sale_ratio": null,
            "price_fair": 86.1,
            "eps_avg_yearly": 2.46,
            "eps_latest_yearly": 2.64,
            "eps_growth_yearly": 148.25
        },
        "20042": {
            "year_quarter": 20042,
            "year": 2004,
            "quarter": 2,
            "eps": 0.47,
            "eps_growth_year": null,
            "eps_4q": 1.84,
            "eps_4q_growth_year": null,
            "roe": 4.1,
            "gross_profit": 46470,
            "gross_margin": 42.85,
            "net_income": 15416,
            "revenue": 108444,
            "common_shares": 280960,
            "equity": 376098,
            "current_ratio": 205.09,
            "debt_ratio": 30.85,
            "inventory_turnover_ratio": 0.85,
            "account_receivable_turnover_ratio": null,
            "reinvestment_rate": null,
            "research_to_sale_ratio": null,
            "price_fair": 79.33,
            "eps_avg_yearly": 2.27,
            "eps_latest_yearly": 1.88,
            "eps_growth_yearly": 60.45
        },
        "20043": {
            "year_quarter": 20043,
            "year": 2004,
            "quarter": 3,
            "eps": 0.48,
            "eps_growth_year": 33.33,
            "eps_4q": 2.02,
            "eps_4q_growth_year": null,
            "roe": 4.08,
            "gross_profit": 44620,
            "gross_margin": 44.24,
            "net_income": 15638,
            "revenue": 100848,
            "common_shares": 325729,
            "equity": 390854,
            "current_ratio": 224.37,
            "debt_ratio": 26.48,
            "inventory_turnover_ratio": 0.77,
            "account_receivable_turnover_ratio": null,
            "reinvestment_rate": null,
            "research_to_sale_ratio": null,
            "price_fair": 76.3,
            "eps_avg_yearly": 2.18,
            "eps_latest_yearly": 1.92,
            "eps_growth_yearly": 47.46
        },
        "20044": {
            "year_quarter": 20044,
            "year": 2004,
            "quarter": 4,
            "eps": 0.25,
            "eps_growth_year": -56.14,
            "eps_4q": 1.78,
            "eps_4q_growth_year": null,
            "roe": 2.06,
            "gross_profit": 42914,
            "gross_margin": 46.2,
            "net_income": 8094,
            "revenue": 92884,
            "common_shares": 325729,
            "equity": 393535,
            "current_ratio": 261.39,
            "debt_ratio": 24.75,
            "inventory_turnover_ratio": 0.64,
            "account_receivable_turnover_ratio": null,
            "reinvestment_rate": null,
            "research_to_sale_ratio": null,
            "price_fair": 5.83,
            "eps_avg_yearly": 1.94,
            "eps_latest_yearly": 1,
            "eps_growth_yearly": -0.36
        },
        "20051": {
            "year_quarter": 20051,
            "year": 2005,
            "quarter": 1,
            "eps": 0.22,
            "eps_growth_year": -66.67,
            "eps_4q": 1.41,
            "eps_4q_growth_year": null,
            "roe": 1.83,
            "gross_profit": 34640,
            "gross_margin": 43.42,
            "net_income": 7253,
            "revenue": 79775,
            "common_shares": 325729,
            "equity": 400213,
            "current_ratio": 334.23,
            "debt_ratio": 20.79,
            "inventory_turnover_ratio": 0.61,
            "account_receivable_turnover_ratio": null,
            "reinvestment_rate": null,
            "research_to_sale_ratio": null,
            "price_fair": 5.3,
            "eps_avg_yearly": 1.77,
            "eps_latest_yearly": 0.88,
            "eps_growth_yearly": -8.3
        },
        "20052": {
            "year_quarter": 20052,
            "year": 2005,
            "quarter": 2,
            "eps": 0.31,
            "eps_growth_year": -34.04,
            "eps_4q": 1.22,
            "eps_4q_growth_year": -33.84,
            "roe": 2.71,
            "gross_profit": 35590,
            "gross_margin": 45.12,
            "net_income": 10586,
            "revenue": 78882,
            "common_shares": 325729,
            "equity": 382325,
            "current_ratio": 265.97,
            "debt_ratio": 24,
            "inventory_turnover_ratio": 0.7,
            "account_receivable_turnover_ratio": null,
            "reinvestment_rate": null,
            "research_to_sale_ratio": null,
            "price_fair": 44.42,
            "eps_avg_yearly": 1.69,
            "eps_latest_yearly": 1.24,
            "eps_growth_yearly": 16.26
        },
        "20053": {
            "year_quarter": 20053,
            "year": 2005,
            "quarter": 3,
            "eps": 0.3,
            "eps_growth_year": -37.5,
            "eps_4q": 1.07,
            "eps_4q_growth_year": -47.14,
            "roe": 2.6,
            "gross_profit": 37472,
            "gross_margin": 46.47,
            "net_income": 10137,
            "revenue": 80643,
            "common_shares": 343058,
            "equity": 398348,
            "current_ratio": 338.7,
            "debt_ratio": 20.01,
            "inventory_turnover_ratio": 0.74,
            "account_receivable_turnover_ratio": null,
            "reinvestment_rate": null,
            "research_to_sale_ratio": null,
            "price_fair": 36.86,
            "eps_avg_yearly": 1.63,
            "eps_latest_yearly": 1.2,
            "eps_growth_yearly": 12.61
        },
        "20054": {
            "year_quarter": 20054,
            "year": 2005,
            "quarter": 4,
            "eps": 0.59,
            "eps_growth_year": 136,
            "eps_4q": 1.4,
            "eps_4q_growth_year": -21.24,
            "roe": 5.02,
            "gross_profit": 44752,
            "gross_margin": 48.4,
            "net_income": 20259,
            "revenue": 92457,
            "common_shares": 343058,
            "equity": 408498,
            "current_ratio": 376.3,
            "debt_ratio": 18.76,
            "inventory_turnover_ratio": 0.72,
            "account_receivable_turnover_ratio": null,
            "reinvestment_rate": null,
            "research_to_sale_ratio": null,
            "price_fair": 59.89,
            "eps_avg_yearly": 1.71,
            "eps_latest_yearly": 2.36,
            "eps_growth_yearly": 54.18
        },
        "20061": {
            "year_quarter": 20061,
            "year": 2006,
            "quarter": 1,
            "eps": 0.65,
            "eps_growth_year": 195.45,
            "eps_4q": 1.88,
            "eps_4q_growth_year": 33.4,
            "roe": 5.18,
            "gross_profit": 48245,
            "gross_margin": 45.33,
            "net_income": 21701,
            "revenue": 106426,
            "common_shares": 343058,
            "equity": 429133,
            "current_ratio": 309.35,
            "debt_ratio": 21.55,
            "inventory_turnover_ratio": 0.9,
            "account_receivable_turnover_ratio": null,
            "reinvestment_rate": null,
            "research_to_sale_ratio": null,
            "price_fair": 63,
            "eps_avg_yearly": 1.8,
            "eps_latest_yearly": 2.6,
            "eps_growth_yearly": 52.83
        },
        "20062": {
            "year_quarter": 20062,
            "year": 2006,
            "quarter": 2,
            "eps": 1.03,
            "eps_growth_year": 232.26,
            "eps_4q": 2.5,
            "eps_4q_growth_year": 105.09,
            "roe": 8.44,
            "gross_profit": 60795,
            "gross_margin": 46.95,
            "net_income": 36587,
            "revenue": 129500,
            "common_shares": 343058,
            "equity": 437340,
            "current_ratio": 236.88,
            "debt_ratio": 27.05,
            "inventory_turnover_ratio": 1.26,
            "account_receivable_turnover_ratio": null,
            "reinvestment_rate": null,
            "research_to_sale_ratio": null,
            "price_fair": 70.38,
            "eps_avg_yearly": 2.01,
            "eps_latest_yearly": 4.12,
            "eps_growth_yearly": 69.28
        },
        "20063": {
            "year_quarter": 20063,
            "year": 2006,
            "quarter": 3,
            "eps": 1.34,
            "eps_growth_year": 346.67,
            "eps_4q": 3.55,
            "eps_4q_growth_year": 232.25,
            "roe": 10.4,
            "gross_profit": 65291,
            "gross_margin": 48,
            "net_income": 47697,
            "revenue": 136035,
            "common_shares": 364466,
            "equity": 480062,
            "current_ratio": 278.34,
            "debt_ratio": 23.87,
            "inventory_turnover_ratio": 1.22,
            "account_receivable_turnover_ratio": null,
            "reinvestment_rate": null,
            "research_to_sale_ratio": null,
            "price_fair": 80.15,
            "eps_avg_yearly": 2.29,
            "eps_latest_yearly": 5.36,
            "eps_growth_yearly": 73.54
        },
        "20064": {
            "year_quarter": 20064,
            "year": 2006,
            "quarter": 4,
            "eps": 0.96,
            "eps_growth_year": 62.71,
            "eps_4q": 3.94,
            "eps_4q_growth_year": 180.4,
            "roe": 6.85,
            "gross_profit": 62731,
            "gross_margin": 47.17,
            "net_income": 34155,
            "revenue": 132976,
            "common_shares": 364466,
            "equity": 516531,
            "current_ratio": 314.79,
            "debt_ratio": 23.07,
            "inventory_turnover_ratio": 1,
            "account_receivable_turnover_ratio": null,
            "reinvestment_rate": null,
            "research_to_sale_ratio": null,
            "price_fair": 84.32,
            "eps_avg_yearly": 2.41,
            "eps_latest_yearly": 3.84,
            "eps_growth_yearly": 59.16
        },
        "20071": {
            "year_quarter": 20071,
            "year": 2007,
            "quarter": 1,
            "eps": 1.1,
            "eps_growth_year": 69.23,
            "eps_4q": 4.44,
            "eps_4q_growth_year": 136.43,
            "roe": 7.26,
            "gross_profit": 59262,
            "gross_margin": 46.54,
            "net_income": 39019,
            "revenue": 127337,
            "common_shares": 364466,
            "equity": 558663,
            "current_ratio": 382.35,
            "debt_ratio": 18.72,
            "inventory_turnover_ratio": 1.04,
            "account_receivable_turnover_ratio": null,
            "reinvestment_rate": null,
            "research_to_sale_ratio": null,
            "price_fair": 89.3,
            "eps_avg_yearly": 2.55,
            "eps_latest_yearly": 4.4,
            "eps_growth_yearly": 59.1
        },
        "20072": {
            "year_quarter": 20072,
            "year": 2007,
            "quarter": 2,
            "eps": 1.01,
            "eps_growth_year": -1.94,
            "eps_4q": 4.11,
            "eps_4q_growth_year": 64.48,
            "roe": 7.32,
            "gross_profit": 66065,
            "gross_margin": 47.01,
            "net_income": 39425,
            "revenue": 140523,
            "common_shares": 364466,
            "equity": 519255,
            "current_ratio": 241.82,
            "debt_ratio": 27.68,
            "inventory_turnover_ratio": 1.47,
            "account_receivable_turnover_ratio": null,
            "reinvestment_rate": 46.83,
            "research_to_sale_ratio": null,
            "price_fair": 92.77,
            "eps_avg_yearly": 2.65,
            "eps_latest_yearly": 4.04,
            "eps_growth_yearly": 52.98
        },
        "20073": {
            "year_quarter": 20073,
            "year": 2007,
            "quarter": 3,
            "eps": 1.01,
            "eps_growth_year": -24.63,
            "eps_4q": 3.88,
            "eps_4q_growth_year": 9.5,
            "roe": 7.47,
            "gross_profit": 61935,
            "gross_margin": 45.25,
            "net_income": 39576,
            "revenue": 136872,
            "common_shares": 402613,
            "equity": 539713,
            "current_ratio": 328.96,
            "debt_ratio": 20.57,
            "inventory_turnover_ratio": 1.53,
            "account_receivable_turnover_ratio": null,
            "reinvestment_rate": -2.92,
            "research_to_sale_ratio": null,
            "price_fair": 95.81,
            "eps_avg_yearly": 2.74,
            "eps_latest_yearly": 4.04,
            "eps_growth_yearly": 49.67
        },
        "20074": {
            "year_quarter": 20074,
            "year": 2007,
            "quarter": 4,
            "eps": 0.99,
            "eps_growth_year": 3.12,
            "eps_4q": 4.02,
            "eps_4q_growth_year": 2.01,
            "roe": 6.88,
            "gross_profit": 59741,
            "gross_margin": 44.39,
            "net_income": 38585,
            "revenue": 134577,
            "common_shares": 402613,
            "equity": 582301,
            "current_ratio": 424.82,
            "debt_ratio": 18.08,
            "inventory_turnover_ratio": 1.35,
            "account_receivable_turnover_ratio": null,
            "reinvestment_rate": -1.45,
            "research_to_sale_ratio": null,
            "price_fair": 99.49,
            "eps_avg_yearly": 2.84,
            "eps_latest_yearly": 3.96,
            "eps_growth_yearly": 34.59
        },
        "20081": {
            "year_quarter": 20081,
            "year": 2008,
            "quarter": 1,
            "eps": 0.77,
            "eps_growth_year": -30,
            "eps_4q": 3.82,
            "eps_4q_growth_year": -13.98,
            "roe": 5.08,
            "gross_profit": 67716,
            "gross_margin": 49.21,
            "net_income": 29702,
            "revenue": 137597,
            "common_shares": 402613,
            "equity": 586463,
            "current_ratio": 359,
            "debt_ratio": 21.03,
            "inventory_turnover_ratio": 1.13,
            "account_receivable_turnover_ratio": null,
            "reinvestment_rate": 15.24,
            "research_to_sale_ratio": null,
            "price_fair": 100.45,
            "eps_avg_yearly": 2.87,
            "eps_latest_yearly": 3.08,
            "eps_growth_yearly": 25.09
        },
        "20082": {
            "year_quarter": 20082,
            "year": 2008,
            "quarter": 2,
            "eps": 1.07,
            "eps_growth_year": 5.94,
            "eps_4q": 3.7,
            "eps_4q_growth_year": -9.78,
            "roe": 7.98,
            "gross_profit": 75034,
            "gross_margin": 49.08,
            "net_income": 43803,
            "revenue": 152870,
            "common_shares": 402613,
            "equity": 511880,
            "current_ratio": 179.82,
            "debt_ratio": 41.29,
            "inventory_turnover_ratio": 1.21,
            "account_receivable_turnover_ratio": null,
            "reinvestment_rate": 14.62,
            "research_to_sale_ratio": null,
            "price_fair": 105.7,
            "eps_avg_yearly": 3.02,
            "eps_latest_yearly": 4.28,
            "eps_growth_yearly": 42.02
        },
        "20083": {
            "year_quarter": 20083,
            "year": 2008,
            "quarter": 3,
            "eps": 1.4,
            "eps_growth_year": 38.61,
            "eps_4q": 4.15,
            "eps_4q_growth_year": 6.83,
            "roe": 10.9,
            "gross_profit": 68975,
            "gross_margin": 45.41,
            "net_income": 57089,
            "revenue": 151902,
            "common_shares": 423732,
            "equity": 535710,
            "current_ratio": 275.3,
            "debt_ratio": 26.27,
            "inventory_turnover_ratio": 1.27,
            "account_receivable_turnover_ratio": null,
            "reinvestment_rate": 14.08,
            "research_to_sale_ratio": null,
            "price_fair": 113.75,
            "eps_avg_yearly": 3.25,
            "eps_latest_yearly": 5.6,
            "eps_growth_yearly": 49.2
        },
        "20084": {
            "year_quarter": 20084,
            "year": 2008,
            "quarter": 4,
            "eps": 1.07,
            "eps_growth_year": 8.08,
            "eps_4q": 4.27,
            "eps_4q_growth_year": 6.19,
            "roe": 8.02,
            "gross_profit": 69356,
            "gross_margin": 49.44,
            "net_income": 43712,
            "revenue": 140270,
            "common_shares": 423732,
            "equity": 554953,
            "current_ratio": 378.93,
            "debt_ratio": 19.71,
            "inventory_turnover_ratio": 1.08,
            "account_receivable_turnover_ratio": 5.45,
            "reinvestment_rate": -0.54,
            "research_to_sale_ratio": null,
            "price_fair": 120.93,
            "eps_avg_yearly": 3.46,
            "eps_latest_yearly": 4.28,
            "eps_growth_yearly": 55.29
        },
        "20091": {
            "year_quarter": 20091,
            "year": 2009,
            "quarter": 1,
            "eps": 0.78,
            "eps_growth_year": 1.3,
            "eps_4q": 4.34,
            "eps_4q_growth_year": 13.72,
            "roe": 5.46,
            "gross_profit": 59163,
            "gross_margin": 48.36,
            "net_income": 31664,
            "revenue": 122347,
            "common_shares": 423732,
            "equity": 604105,
            "current_ratio": 459.98,
            "debt_ratio": 17.13,
            "inventory_turnover_ratio": 1.03,
            "account_receivable_turnover_ratio": 2.48,
            "reinvestment_rate": 12.94,
            "research_to_sale_ratio": null,
            "price_fair": 125.83,
            "eps_avg_yearly": 3.6,
            "eps_latest_yearly": 3.12,
            "eps_growth_yearly": 51.51
        },
        "20092": {
            "year_quarter": 20092,
            "year": 2009,
            "quarter": 2,
            "eps": 0.8,
            "eps_growth_year": -25.23,
            "eps_4q": 3.9,
            "eps_4q_growth_year": 5.2,
            "roe": 5.87,
            "gross_profit": 61313,
            "gross_margin": 48.87,
            "net_income": 34213,
            "revenue": 125465,
            "common_shares": 423732,
            "equity": 562039,
            "current_ratio": 275.05,
            "debt_ratio": 26.7,
            "inventory_turnover_ratio": 1.13,
            "account_receivable_turnover_ratio": 2.67,
            "reinvestment_rate": 12.14,
            "research_to_sale_ratio": null,
            "price_fair": 130.11,
            "eps_avg_yearly": 3.72,
            "eps_latest_yearly": 3.2,
            "eps_growth_yearly": 41.93
        },
        "20093": {
            "year_quarter": 20093,
            "year": 2009,
            "quarter": 3,
            "eps": 0.8,
            "eps_growth_year": -42.86,
            "eps_4q": 3.36,
            "eps_4q_growth_year": -18.95,
            "roe": 5.77,
            "gross_profit": 64089,
            "gross_margin": 50.13,
            "net_income": 34210,
            "revenue": 127841,
            "common_shares": 445795,
            "equity": 623478,
            "current_ratio": 517.96,
            "debt_ratio": 15.22,
            "inventory_turnover_ratio": 1.11,
            "account_receivable_turnover_ratio": 2.61,
            "reinvestment_rate": 11.11,
            "research_to_sale_ratio": null,
            "price_fair": 134.49,
            "eps_avg_yearly": 3.84,
            "eps_latest_yearly": 3.2,
            "eps_growth_yearly": 42.73
        },
        "20094": {
            "year_quarter": 20094,
            "year": 2009,
            "quarter": 4,
            "eps": 0.63,
            "eps_growth_year": -41.12,
            "eps_4q": 2.96,
            "eps_4q_growth_year": -30.73,
            "roe": 4.15,
            "gross_profit": 63694,
            "gross_margin": 47.22,
            "net_income": 27141,
            "revenue": 134884,
            "common_shares": 445795,
            "equity": 684704,
            "current_ratio": 472.73,
            "debt_ratio": 14.83,
            "inventory_turnover_ratio": 1.15,
            "account_receivable_turnover_ratio": 4.9,
            "reinvestment_rate": 27.25,
            "research_to_sale_ratio": null,
            "price_fair": 89.58,
            "eps_avg_yearly": 3.85,
            "eps_latest_yearly": 2.52,
            "eps_growth_yearly": 13.25
        },
        "20101": {
            "year_quarter": 20101,
            "year": 2010,
            "quarter": 1,
            "eps": 0.7,
            "eps_growth_year": -10.26,
            "eps_4q": 2.95,
            "eps_4q_growth_year": -31.96,
            "roe": 4.38,
            "gross_profit": 67191,
            "gross_margin": 47.17,
            "net_income": 30122,
            "revenue": 142443,
            "common_shares": 445795,
            "equity": 691102,
            "current_ratio": 413.13,
            "debt_ratio": 17.25,
            "inventory_turnover_ratio": 0.99,
            "account_receivable_turnover_ratio": 2.37,
            "reinvestment_rate": 38.43,
            "research_to_sale_ratio": 5.82,
            "price_fair": 90.78,
            "eps_avg_yearly": 3.87,
            "eps_latest_yearly": 2.8,
            "eps_growth_yearly": 13.49
        },
        "20102": {
            "year_quarter": 20102,
            "year": 2010,
            "quarter": 2,
            "eps": 1.03,
            "eps_growth_year": 28.76,
            "eps_4q": 2.9,
            "eps_4q_growth_year": -25.6,
            "roe": 7.55,
            "gross_profit": 93280,
            "gross_margin": 49.14,
            "net_income": 50398,
            "revenue": 189835,
            "common_shares": 445795,
            "equity": 643463,
            "current_ratio": 245.58,
            "debt_ratio": 29.36,
            "inventory_turnover_ratio": 1,
            "account_receivable_turnover_ratio": 2.36,
            "reinvestment_rate": 40.59,
            "research_to_sale_ratio": 4.72,
            "price_fair": 79.85,
            "eps_avg_yearly": 3.87,
            "eps_latest_yearly": 4.12,
            "eps_growth_yearly": 10.66
        },
        "20103": {
            "year_quarter": 20103,
            "year": 2010,
            "quarter": 3,
            "eps": 1.31,
            "eps_growth_year": 63.37,
            "eps_4q": 3.46,
            "eps_4q_growth_year": 2.83,
            "roe": 9.16,
            "gross_profit": 94484,
            "gross_margin": 47.38,
            "net_income": 65420,
            "revenue": 199420,
            "common_shares": 509611,
            "equity": 785481,
            "current_ratio": 423.71,
            "debt_ratio": 17.23,
            "inventory_turnover_ratio": 0.93,
            "account_receivable_turnover_ratio": 2.22,
            "reinvestment_rate": 41.73,
            "research_to_sale_ratio": 5.27,
            "price_fair": 76.88,
            "eps_avg_yearly": 3.86,
            "eps_latest_yearly": 5.24,
            "eps_growth_yearly": 9.93
        },
        "20104": {
            "year_quarter": 20104,
            "year": 2010,
            "quarter": 4,
            "eps": 0.77,
            "eps_growth_year": 22.85,
            "eps_4q": 3.69,
            "eps_4q_growth_year": 24.82,
            "roe": 4.87,
            "gross_profit": 100559,
            "gross_margin": 47.67,
            "net_income": 38740,
            "revenue": 210933,
            "common_shares": 509611,
            "equity": 806334,
            "current_ratio": 353.86,
            "debt_ratio": 22.03,
            "inventory_turnover_ratio": 0.9,
            "account_receivable_turnover_ratio": 2.6,
            "reinvestment_rate": 28.57,
            "research_to_sale_ratio": 4.16,
            "price_fair": 63.68,
            "eps_avg_yearly": 3.81,
            "eps_latest_yearly": 3.08,
            "eps_growth_yearly": 6.71
        },
        "20111": {
            "year_quarter": 20111,
            "year": 2011,
            "quarter": 1,
            "eps": 1.46,
            "eps_growth_year": 108.57,
            "eps_4q": 4.52,
            "eps_4q_growth_year": 52.88,
            "roe": 8.65,
            "gross_profit": 93764,
            "gross_margin": 45.89,
            "net_income": 73349,
            "revenue": 204344,
            "common_shares": 509611,
            "equity": 890026,
            "current_ratio": 339.18,
            "debt_ratio": 23.84,
            "inventory_turnover_ratio": 0.87,
            "account_receivable_turnover_ratio": 2.71,
            "reinvestment_rate": 37.81,
            "research_to_sale_ratio": 5.31,
            "price_fair": 136.5,
            "eps_avg_yearly": 3.9,
            "eps_latest_yearly": 5.84,
            "eps_growth_yearly": 25.47
        },
        "20112": {
            "year_quarter": 20112,
            "year": 2011,
            "quarter": 2,
            "eps": 0.92,
            "eps_growth_year": -10.71,
            "eps_4q": 3.9,
            "eps_4q_growth_year": 34.53,
            "roe": 6.28,
            "gross_profit": 98076,
            "gross_margin": 45.76,
            "net_income": 54766,
            "revenue": 214322,
            "common_shares": 509611,
            "equity": 853570,
            "current_ratio": 280.01,
            "debt_ratio": 28.91,
            "inventory_turnover_ratio": 0.95,
            "account_receivable_turnover_ratio": 2.79,
            "reinvestment_rate": 36.84,
            "research_to_sale_ratio": 4.34,
            "price_fair": 109.62,
            "eps_avg_yearly": 3.88,
            "eps_latest_yearly": 3.68,
            "eps_growth_yearly": 18.27
        },
        "20113": {
            "year_quarter": 20113,
            "year": 2011,
            "quarter": 3,
            "eps": 1.33,
            "eps_growth_year": 1.59,
            "eps_4q": 4.13,
            "eps_4q_growth_year": 19.44,
            "roe": 8.96,
            "gross_profit": 91127,
            "gross_margin": 46.92,
            "net_income": 79056,
            "revenue": 194218,
            "common_shares": 600441,
            "equity": 910704,
            "current_ratio": 471.42,
            "debt_ratio": 17.48,
            "inventory_turnover_ratio": 0.94,
            "account_receivable_turnover_ratio": 2.55,
            "reinvestment_rate": 36.86,
            "research_to_sale_ratio": 5.74,
            "price_fair": 138.51,
            "eps_avg_yearly": 3.96,
            "eps_latest_yearly": 5.32,
            "eps_growth_yearly": 29.41
        },
        "20114": {
            "year_quarter": 20114,
            "year": 2011,
            "quarter": 4,
            "eps": 0.46,
            "eps_growth_year": -40.18,
            "eps_4q": 3.94,
            "eps_4q_growth_year": 6.85,
            "roe": 2.98,
            "gross_profit": 64956,
            "gross_margin": 45.83,
            "net_income": 27567,
            "revenue": 141735,
            "common_shares": 600441,
            "equity": 939703,
            "current_ratio": 560.36,
            "debt_ratio": 14.97,
            "inventory_turnover_ratio": 0.78,
            "account_receivable_turnover_ratio": 2.42,
            "reinvestment_rate": 26.65,
            "research_to_sale_ratio": 5.81,
            "price_fair": 90.09,
            "eps_avg_yearly": 3.83,
            "eps_latest_yearly": 1.84,
            "eps_growth_yearly": 13.55
        },
        "20121": {
            "year_quarter": 20121,
            "year": 2012,
            "quarter": 1,
            "eps": 0.48,
            "eps_growth_year": -67.12,
            "eps_4q": 3.21,
            "eps_4q_growth_year": -28.86,
            "roe": 2.98,
            "gross_profit": 64182,
            "gross_margin": 45.92,
            "net_income": 28313,
            "revenue": 139782,
            "common_shares": 600441,
            "equity": 959666,
            "current_ratio": 473.2,
            "debt_ratio": 17.67,
            "inventory_turnover_ratio": 0.86,
            "account_receivable_turnover_ratio": 2.41,
            "reinvestment_rate": 25.64,
            "research_to_sale_ratio": 6.51,
            "price_fair": 113.31,
            "eps_avg_yearly": 3.75,
            "eps_latest_yearly": 1.92,
            "eps_growth_yearly": 20.2
        },
        "20122": {
            "year_quarter": 20122,
            "year": 2012,
            "quarter": 2,
            "eps": 0.73,
            "eps_growth_year": -20.33,
            "eps_4q": 3.02,
            "eps_4q_growth_year": -22.63,
            "roe": 4.89,
            "gross_profit": 84122,
            "gross_margin": 46.9,
            "net_income": 43265,
            "revenue": 179370,
            "common_shares": 600441,
            "equity": 808797,
            "current_ratio": 269.52,
            "debt_ratio": 30.01,
            "inventory_turnover_ratio": 1.11,
            "account_receivable_turnover_ratio": 2.71,
            "reinvestment_rate": 25.4,
            "research_to_sale_ratio": 5.54,
            "price_fair": 122.77,
            "eps_avg_yearly": 3.67,
            "eps_latest_yearly": 2.92,
            "eps_growth_yearly": 23.48
        },
        "20123": {
            "year_quarter": 20123,
            "year": 2012,
            "quarter": 3,
            "eps": 0.89,
            "eps_growth_year": -33.16,
            "eps_4q": 2.58,
            "eps_4q_growth_year": -37.53,
            "roe": 6.27,
            "gross_profit": 90208,
            "gross_margin": 48.09,
            "net_income": 51986,
            "revenue": 187563,
            "common_shares": 600441,
            "equity": 850666,
            "current_ratio": 238.7,
            "debt_ratio": 34.86,
            "inventory_turnover_ratio": 1.01,
            "account_receivable_turnover_ratio": 3.12,
            "reinvestment_rate": 25.49,
            "research_to_sale_ratio": 5.68,
            "price_fair": 110.61,
            "eps_avg_yearly": 3.54,
            "eps_latest_yearly": 3.56,
            "eps_growth_yearly": 21.25
        },
        "20124": {
            "year_quarter": 20124,
            "year": 2012,
            "quarter": 4,
            "eps": 0.69,
            "eps_growth_year": 48.45,
            "eps_4q": 2.8,
            "eps_4q_growth_year": -29.03,
            "roe": 4.64,
            "gross_profit": 79099,
            "gross_margin": 45.79,
            "net_income": 40236,
            "revenue": 172727,
            "common_shares": 600441,
            "equity": 882889,
            "current_ratio": 223.52,
            "debt_ratio": 38.03,
            "inventory_turnover_ratio": 0.92,
            "account_receivable_turnover_ratio": 3.08,
            "reinvestment_rate": 25.84,
            "research_to_sale_ratio": 5.98,
            "price_fair": 108.59,
            "eps_avg_yearly": 3.45,
            "eps_latest_yearly": 2.76,
            "eps_growth_yearly": 21.52
        },
        "20131": {
            "year_quarter": 20131,
            "year": 2013,
            "quarter": 1,
            "eps": 0.83,
            "eps_growth_year": 72.92,
            "eps_4q": 3.12,
            "eps_4q_growth_year": -2.94,
            "roe": 5.34,
            "gross_profit": 72168,
            "gross_margin": 45.56,
            "net_income": 48638,
            "revenue": 158389,
            "common_shares": 600441,
            "equity": 937072,
            "current_ratio": 220.62,
            "debt_ratio": 40.41,
            "inventory_turnover_ratio": 0.91,
            "account_receivable_turnover_ratio": 3.31,
            "reinvestment_rate": -1.8,
            "research_to_sale_ratio": 6.79,
            "price_fair": 121.01,
            "eps_avg_yearly": 3.46,
            "eps_latest_yearly": 3.32,
            "eps_growth_yearly": 33.37
        },
        "20132": {
            "year_quarter": 20132,
            "year": 2013,
            "quarter": 2,
            "eps": 1.09,
            "eps_growth_year": 48.75,
            "eps_4q": 3.48,
            "eps_4q_growth_year": 15.2,
            "roe": 7.14,
            "gross_profit": 92539,
            "gross_margin": 49.18,
            "net_income": 64430,
            "revenue": 188160,
            "common_shares": 600441,
            "equity": 868170,
            "current_ratio": 183.37,
            "debt_ratio": 48.7,
            "inventory_turnover_ratio": 1.04,
            "account_receivable_turnover_ratio": 3.76,
            "reinvestment_rate": -1.44,
            "research_to_sale_ratio": 5.68,
            "price_fair": 123.55,
            "eps_avg_yearly": 3.53,
            "eps_latest_yearly": 4.36,
            "eps_growth_yearly": 40.56
        },
        "20133": {
            "year_quarter": 20133,
            "year": 2013,
            "quarter": 3,
            "eps": 1.16,
            "eps_growth_year": 30.72,
            "eps_4q": 3.76,
            "eps_4q_growth_year": 45.84,
            "roe": 7.58,
            "gross_profit": 96111,
            "gross_margin": 49.41,
            "net_income": 68836,
            "revenue": 194526,
            "common_shares": 600441,
            "equity": 948409,
            "current_ratio": 211.07,
            "debt_ratio": 42.65,
            "inventory_turnover_ratio": 1.03,
            "account_receivable_turnover_ratio": 3.18,
            "reinvestment_rate": -1.14,
            "research_to_sale_ratio": 5.9,
            "price_fair": 126.7,
            "eps_avg_yearly": 3.62,
            "eps_latest_yearly": 4.64,
            "eps_growth_yearly": 42.16
        },
        "20134": {
            "year_quarter": 20134,
            "year": 2013,
            "quarter": 4,
            "eps": 1.27,
            "eps_growth_year": 85.22,
            "eps_4q": 4.35,
            "eps_4q_growth_year": 55.61,
            "roe": 7.61,
            "gross_profit": 95833,
            "gross_margin": 48.79,
            "net_income": 75160,
            "revenue": 196423,
            "common_shares": 600441,
            "equity": 1026656,
            "current_ratio": 224.86,
            "debt_ratio": 40.58,
            "inventory_turnover_ratio": 1.01,
            "account_receivable_turnover_ratio": 3.08,
            "reinvestment_rate": -21.27,
            "research_to_sale_ratio": 6.44,
            "price_fair": 132.3,
            "eps_avg_yearly": 3.78,
            "eps_latest_yearly": 5.08,
            "eps_growth_yearly": 49.85
        },
        "20141": {
            "year_quarter": 20141,
            "year": 2014,
            "quarter": 1,
            "eps": 1.17,
            "eps_growth_year": 40.96,
            "eps_4q": 4.67,
            "eps_4q_growth_year": 49.59,
            "roe": 6.39,
            "gross_profit": 95951,
            "gross_margin": 49.84,
            "net_income": 69351,
            "revenue": 192510,
            "common_shares": 600441,
            "equity": 1145028,
            "current_ratio": 232.75,
            "debt_ratio": 39.69,
            "inventory_turnover_ratio": 0.91,
            "account_receivable_turnover_ratio": 3.11,
            "reinvestment_rate": -20.48,
            "research_to_sale_ratio": 7.46,
            "price_fair": 136.41,
            "eps_avg_yearly": 3.9,
            "eps_latest_yearly": 4.68,
            "eps_growth_yearly": 45.1
        },
        "20142": {
            "year_quarter": 20142,
            "year": 2014,
            "quarter": 2,
            "eps": 0.91,
            "eps_growth_year": -16.51,
            "eps_4q": 4.5,
            "eps_4q_growth_year": 29.36,
            "roe": 5.19,
            "gross_profit": 120402,
            "gross_margin": 51.38,
            "net_income": 54460,
            "revenue": 234358,
            "common_shares": 600441,
            "equity": 955260,
            "current_ratio": 173.09,
            "debt_ratio": 52.99,
            "inventory_turnover_ratio": 1.04,
            "account_receivable_turnover_ratio": 3.46,
            "reinvestment_rate": -22.98,
            "research_to_sale_ratio": 4.94,
            "price_fair": 135.36,
            "eps_avg_yearly": 3.87,
            "eps_latest_yearly": 3.64,
            "eps_growth_yearly": 27.76
        },
        "20143": {
            "year_quarter": 20143,
            "year": 2014,
            "quarter": 3,
            "eps": 1.46,
            "eps_growth_year": 25.86,
            "eps_4q": 4.8,
            "eps_4q_growth_year": 27.54,
            "roe": 8.7,
            "gross_profit": 118296,
            "gross_margin": 50.47,
            "net_income": 86747,
            "revenue": 234370,
            "common_shares": 600441,
            "equity": 1039708,
            "current_ratio": 197.85,
            "debt_ratio": 46.61,
            "inventory_turnover_ratio": 1,
            "account_receivable_turnover_ratio": 3.23,
            "reinvestment_rate": -24.1,
            "research_to_sale_ratio": 5.35,
            "price_fair": 136.68,
            "eps_avg_yearly": 3.91,
            "eps_latest_yearly": 5.84,
            "eps_growth_yearly": 36.07
        },
        "20144": {
            "year_quarter": 20144,
            "year": 2014,
            "quarter": 4,
            "eps": 1.76,
            "eps_growth_year": 38.53,
            "eps_4q": 5.3,
            "eps_4q_growth_year": 21.72,
            "roe": 9.58,
            "gross_profit": 115128,
            "gross_margin": 51.52,
            "net_income": 105004,
            "revenue": 223466,
            "common_shares": 600441,
            "equity": 1151908,
            "current_ratio": 209,
            "debt_ratio": 45.23,
            "inventory_turnover_ratio": 0.86,
            "account_receivable_turnover_ratio": 3.09,
            "reinvestment_rate": -21.12,
            "research_to_sale_ratio": 5.92,
            "price_fair": 145.34,
            "eps_avg_yearly": 4.15,
            "eps_latest_yearly": 7.04,
            "eps_growth_yearly": 51.52
        },
        "20151": {
            "year_quarter": 20151,
            "year": 2015,
            "quarter": 1,
            "eps": 0.6,
            "eps_growth_year": -48.72,
            "eps_4q": 4.74,
            "eps_4q_growth_year": 1.56,
            "roe": 3.08,
            "gross_profit": 106296,
            "gross_margin": 51.68,
            "net_income": 35910,
            "revenue": 205664,
            "common_shares": 600441,
            "equity": 1176678,
            "current_ratio": 206.95,
            "debt_ratio": 45.84,
            "inventory_turnover_ratio": 0.78,
            "account_receivable_turnover_ratio": 3.23,
            "reinvestment_rate": -22.25,
            "research_to_sale_ratio": 5.32,
            "price_fair": 89.13,
            "eps_avg_yearly": 3.94,
            "eps_latest_yearly": 2.4,
            "eps_growth_yearly": 12.64
        },
        "20152": {
            "year_quarter": 20152,
            "year": 2015,
            "quarter": 2,
            "eps": 1.01,
            "eps_growth_year": 10.99,
            "eps_4q": 4.83,
            "eps_4q_growth_year": 7.37,
            "roe": 5.57,
            "gross_profit": 116309,
            "gross_margin": 50.98,
            "net_income": 59885,
            "revenue": 228132,
            "common_shares": 600441,
            "equity": 972765,
            "current_ratio": 160.43,
            "debt_ratio": 58.37,
            "inventory_turnover_ratio": 0.89,
            "account_receivable_turnover_ratio": 3.44,
            "reinvestment_rate": -21.75,
            "research_to_sale_ratio": 5.27,
            "price_fair": 138.6,
            "eps_avg_yearly": 3.96,
            "eps_latest_yearly": 4.04,
            "eps_growth_yearly": 38.97
        },
        "20153": {
            "year_quarter": 20153,
            "year": 2015,
            "quarter": 3,
            "eps": 2.65,
            "eps_growth_year": 81.51,
            "eps_4q": 6.02,
            "eps_4q_growth_year": 25.53,
            "roe": 14.98,
            "gross_profit": 126869,
            "gross_margin": 50.31,
            "net_income": 158459,
            "revenue": 252170,
            "common_shares": 600441,
            "equity": 1142441,
            "current_ratio": 182.87,
            "debt_ratio": 51.88,
            "inventory_turnover_ratio": 0.98,
            "account_receivable_turnover_ratio": 2.8,
            "reinvestment_rate": -21.45,
            "research_to_sale_ratio": 7.27,
            "price_fair": 150.15,
            "eps_avg_yearly": 4.29,
            "eps_latest_yearly": 10.6,
            "eps_growth_yearly": 68.42
        },
        "20154": {
            "year_quarter": 20154,
            "year": 2015,
            "quarter": 4,
            "eps": 1.28,
            "eps_growth_year": -27.36,
            "eps_4q": 5.54,
            "eps_4q_growth_year": 4.61,
            "roe": 6.47,
            "gross_profit": 135159,
            "gross_margin": 54.65,
            "net_income": 76403,
            "revenue": 247311,
            "common_shares": 600441,
            "equity": 1220192,
            "current_ratio": 188.98,
            "debt_ratio": 50.92,
            "inventory_turnover_ratio": 0.85,
            "account_receivable_turnover_ratio": 2.99,
            "reinvestment_rate": -19.93,
            "research_to_sale_ratio": 4.95,
            "price_fair": 157.33,
            "eps_avg_yearly": 4.5,
            "eps_latest_yearly": 5.12,
            "eps_growth_yearly": 71.85
        },
        "20161": {
            "year_quarter": 20161,
            "year": 2016,
            "quarter": 1,
            "eps": 1.26,
            "eps_growth_year": 110,
            "eps_4q": 6.2,
            "eps_4q_growth_year": 30.95,
            "roe": 6,
            "gross_profit": 130642,
            "gross_margin": 52.8,
            "net_income": 75303,
            "revenue": 247419,
            "common_shares": 600441,
            "equity": 1291587,
            "current_ratio": 223.47,
            "debt_ratio": 43.35,
            "inventory_turnover_ratio": 0.85,
            "account_receivable_turnover_ratio": 3.53,
            "reinvestment_rate": -18.04,
            "research_to_sale_ratio": 5.13,
            "price_fair": 164.15,
            "eps_avg_yearly": 4.69,
            "eps_latest_yearly": 5.04,
            "eps_growth_yearly": 70.37
        },
        "20162": {
            "year_quarter": 20162,
            "year": 2016,
            "quarter": 2,
            "eps": 1.52,
            "eps_growth_year": 50.5,
            "eps_4q": 6.72,
            "eps_4q_growth_year": 39.19,
            "roe": 7.57,
            "gross_profit": 137110,
            "gross_margin": 53.54,
            "net_income": 90735,
            "revenue": 256090,
            "common_shares": 600441,
            "equity": 1104580,
            "current_ratio": 182.17,
            "debt_ratio": 52.48,
            "inventory_turnover_ratio": 0.84,
            "account_receivable_turnover_ratio": 3.38,
            "reinvestment_rate": -17.22,
            "research_to_sale_ratio": 5.56,
            "price_fair": 171.06,
            "eps_avg_yearly": 4.89,
            "eps_latest_yearly": 6.08,
            "eps_growth_yearly": 62.51
        },
        "20163": {
            "year_quarter": 20163,
            "year": 2016,
            "quarter": 3,
            "eps": 0.8,
            "eps_growth_year": -69.81,
            "eps_4q": 4.86,
            "eps_4q_growth_year": -19.25,
            "roe": 4.24,
            "gross_profit": 138284,
            "gross_margin": 53.89,
            "net_income": 47670,
            "revenue": 256616,
            "common_shares": 600441,
            "equity": 1145456,
            "current_ratio": 180.95,
            "debt_ratio": 52.69,
            "inventory_turnover_ratio": 0.83,
            "account_receivable_turnover_ratio": 3.51,
            "reinvestment_rate": -17.72,
            "research_to_sale_ratio": 4.81,
            "price_fair": 170.28,
            "eps_avg_yearly": 4.87,
            "eps_latest_yearly": 3.2,
            "eps_growth_yearly": 45.19
        },
        "20164": {
            "year_quarter": 20164,
            "year": 2016,
            "quarter": 4,
            "eps": 1.8,
            "eps_growth_year": 40.46,
            "eps_4q": 5.38,
            "eps_4q_growth_year": -2.91,
            "roe": 8.95,
            "gross_profit": 122274,
            "gross_margin": 52.89,
            "net_income": 107316,
            "revenue": 231172,
            "common_shares": 600441,
            "equity": 1253211,
            "current_ratio": 188.06,
            "debt_ratio": 50.75,
            "inventory_turnover_ratio": 0.79,
            "account_receivable_turnover_ratio": 3.19,
            "reinvestment_rate": -15.78,
            "research_to_sale_ratio": 6.21,
            "price_fair": 179.99,
            "eps_avg_yearly": 5.14,
            "eps_latest_yearly": 7.2,
            "eps_growth_yearly": 82.05
        },
        "20171": {
            "year_quarter": 20171,
            "year": 2017,
            "quarter": 1,
            "eps": -0.11,
            "eps_growth_year": -108.73,
            "eps_4q": 4.01,
            "eps_4q_growth_year": -35.31,
            "roe": -0.51,
            "gross_profit": 135214,
            "gross_margin": 53.74,
            "net_income": -6338,
            "revenue": 251628,
            "common_shares": 600441,
            "equity": 1236702,
            "current_ratio": 183.84,
            "debt_ratio": 51.81,
            "inventory_turnover_ratio": 0.86,
            "account_receivable_turnover_ratio": 2.84,
            "reinvestment_rate": 0.32,
            "research_to_sale_ratio": 4.12,
            "price_fair": 184.24,
            "eps_avg_yearly": 5.26,
            "eps_latest_yearly": 7.2,
            "eps_growth_yearly": 82.11
        },
        "20172": {
            "year_quarter": 20172,
            "year": 2017,
            "quarter": 2,
            "eps": 1.77,
            "eps_growth_year": 16.45,
            "eps_4q": 4.04,
            "eps_4q_growth_year": -39.92,
            "roe": 9.75,
            "gross_profit": 156231,
            "gross_margin": 51.63,
            "net_income": 116281,
            "revenue": 302590,
            "common_shares": 600441,
            "equity": 1147573,
            "current_ratio": 163.69,
            "debt_ratio": 57.94,
            "inventory_turnover_ratio": 1,
            "account_receivable_turnover_ratio": 3.02,
            "reinvestment_rate": 0.68,
            "research_to_sale_ratio": 4.61,
            "price_fair": 186.5,
            "eps_avg_yearly": 5.33,
            "eps_latest_yearly": 7.2,
            "eps_growth_yearly": 79.03
        },
        "20173": {
            "year_quarter": 20173,
            "year": 2017,
            "quarter": 3,
            "eps": 1.57,
            "eps_growth_year": 96.25,
            "eps_4q": 4.88,
            "eps_4q_growth_year": 0.43,
            "roe": 8.59,
            "gross_profit": 163074,
            "gross_margin": 51.66,
            "net_income": 103228,
            "revenue": 315645,
            "common_shares": 660085,
            "equity": 1255536,
            "current_ratio": 177.52,
            "debt_ratio": 53.29,
            "inventory_turnover_ratio": 0.86,
            "account_receivable_turnover_ratio": 3.16,
            "reinvestment_rate": 1.79,
            "research_to_sale_ratio": 4.61,
            "price_fair": 190.6,
            "eps_avg_yearly": 5.45,
            "eps_latest_yearly": 6.28,
            "eps_growth_yearly": 73.97
        },
        "20174": {
            "year_quarter": 20174,
            "year": 2017,
            "quarter": 4,
            "eps": 1.16,
            "eps_growth_year": -35.53,
            "eps_4q": 4.41,
            "eps_4q_growth_year": -18.08,
            "roe": 5.88,
            "gross_profit": 144826,
            "gross_margin": 51.47,
            "net_income": 76100,
            "revenue": 281364,
            "common_shares": 660085,
            "equity": 1331994,
            "current_ratio": 183.58,
            "debt_ratio": 51.26,
            "inventory_turnover_ratio": 0.7,
            "account_receivable_turnover_ratio": 3.1,
            "reinvestment_rate": 1.19,
            "research_to_sale_ratio": 4.31,
            "price_fair": 189.5,
            "eps_avg_yearly": 5.41,
            "eps_latest_yearly": 4.64,
            "eps_growth_yearly": 63.8
        },
        "20181": {
            "year_quarter": 20181,
            "year": 2018,
            "quarter": 1,
            "eps": 0.87,
            "eps_growth_year": null,
            "eps_4q": 5.38,
            "eps_4q_growth_year": 33.96,
            "roe": 4.19,
            "gross_profit": 139942,
            "gross_margin": 50.66,
            "net_income": 57133,
            "revenue": 276213,
            "common_shares": 660085,
            "equity": 1393038,
            "current_ratio": 184.78,
            "debt_ratio": 51.11,
            "inventory_turnover_ratio": 0.65,
            "account_receivable_turnover_ratio": 3.28,
            "reinvestment_rate": 0.99,
            "research_to_sale_ratio": 4.47,
            "price_fair": 186.5,
            "eps_avg_yearly": 5.33,
            "eps_latest_yearly": 3.48,
            "eps_growth_yearly": 58.9
        },
        "20182": {
            "year_quarter": 20182,
            "year": 2018,
            "quarter": 2,
            "eps": 2.57,
            "eps_growth_year": 45.2,
            "eps_4q": 6.17,
            "eps_4q_growth_year": 52.88,
            "roe": 12.52,
            "gross_profit": 165900,
            "gross_margin": 49.06,
            "net_income": 168574,
            "revenue": 338155,
            "common_shares": 660085,
            "equity": 1300884,
            "current_ratio": 176.32,
            "debt_ratio": 53.32,
            "inventory_turnover_ratio": 0.71,
            "account_receivable_turnover_ratio": 2.9,
            "reinvestment_rate": 1.47,
            "research_to_sale_ratio": 4.9,
            "price_fair": 203.1,
            "eps_avg_yearly": 5.8,
            "eps_latest_yearly": 10.28,
            "eps_growth_yearly": 121.08
        },
        "20183": {
            "year_quarter": 20183,
            "year": 2018,
            "quarter": 3,
            "eps": 1.89,
            "eps_growth_year": 20.38,
            "eps_4q": 6.46,
            "eps_4q_growth_year": 32.33,
            "roe": 9.11,
            "gross_profit": 191339,
            "gross_margin": 51.02,
            "net_income": 124894,
            "revenue": 375034,
            "common_shares": 660085,
            "equity": 1439725,
            "current_ratio": 190.76,
            "debt_ratio": 49.6,
            "inventory_turnover_ratio": 0.66,
            "account_receivable_turnover_ratio": 2.6,
            "reinvestment_rate": 1.34,
            "research_to_sale_ratio": 3.99,
            "price_fair": 207.4,
            "eps_avg_yearly": 5.93,
            "eps_latest_yearly": 7.56,
            "eps_growth_yearly": 96.25
        },
        "20184": {
            "year_quarter": 20184,
            "year": 2018,
            "quarter": 4,
            "eps": 1.68,
            "eps_growth_year": 44.55,
            "eps_4q": 6.99,
            "eps_4q_growth_year": 58.49,
            "roe": 7.4,
            "gross_profit": 170649,
            "gross_margin": 51.1,
            "net_income": 110674,
            "revenue": 333937,
            "common_shares": 660085,
            "equity": 1550979,
            "current_ratio": 194.48,
            "debt_ratio": 48.94,
            "inventory_turnover_ratio": 0.52,
            "account_receivable_turnover_ratio": 2.51,
            "reinvestment_rate": 2.13,
            "research_to_sale_ratio": 4.11,
            "price_fair": 206.6,
            "eps_avg_yearly": 5.9,
            "eps_latest_yearly": 6.72,
            "eps_growth_yearly": 87.21
        },
        "20191": {
            "year_quarter": 20191,
            "year": 2019,
            "quarter": 1,
            "eps": 1.63,
            "eps_growth_year": 87.36,
            "eps_4q": 7.75,
            "eps_4q_growth_year": 44.19,
            "roe": 6.69,
            "gross_profit": 154278,
            "gross_margin": 48.56,
            "net_income": 107583,
            "revenue": 317722,
            "common_shares": 660085,
            "equity": 1665954,
            "current_ratio": 212.94,
            "debt_ratio": 44.59,
            "inventory_turnover_ratio": 0.48,
            "account_receivable_turnover_ratio": 2.78,
            "reinvestment_rate": 3.21,
            "research_to_sale_ratio": 4.15,
            "price_fair": 216.9,
            "eps_avg_yearly": 6.2,
            "eps_latest_yearly": 6.52,
            "eps_growth_yearly": 105.19
        },
        "20192": {
            "year_quarter": 20192,
            "year": 2019,
            "quarter": 2,
            "eps": 1.66,
            "eps_growth_year": -35.41,
            "eps_4q": 6.38,
            "eps_4q_growth_year": 3.39,
            "roe": 7.63,
            "gross_profit": 165034,
            "gross_margin": 48.44,
            "net_income": 120296,
            "revenue": 340690,
            "common_shares": 660085,
            "equity": 1486046,
            "current_ratio": 159.06,
            "debt_ratio": 54.04,
            "inventory_turnover_ratio": 0.52,
            "account_receivable_turnover_ratio": 3.38,
            "reinvestment_rate": 19.71,
            "research_to_sale_ratio": 4.07,
            "price_fair": 223.4,
            "eps_avg_yearly": 6.38,
            "eps_latest_yearly": 6.64,
            "eps_growth_yearly": 86.19
        },
        "20193": {
            "year_quarter": 20193,
            "year": 2019,
            "quarter": 3,
            "eps": 1.41,
            "eps_growth_year": -25.4,
            "eps_4q": 6.07,
            "eps_4q_growth_year": -6.08,
            "roe": 6.68,
            "gross_profit": 171062,
            "gross_margin": 50.66,
            "net_income": 102259,
            "revenue": 337693,
            "common_shares": 726094,
            "equity": 1577895,
            "current_ratio": 177.16,
            "debt_ratio": 51.36,
            "inventory_turnover_ratio": 0.53,
            "account_receivable_turnover_ratio": 3.56,
            "reinvestment_rate": 34.96,
            "research_to_sale_ratio": 4.08,
            "price_fair": 211,
            "eps_avg_yearly": 6.03,
            "eps_latest_yearly": 5.64,
            "eps_growth_yearly": 35.49
        },
        "20194": {
            "year_quarter": 20194,
            "year": 2019,
            "quarter": 4,
            "eps": 0.46,
            "eps_growth_year": -72.53,
            "eps_4q": 5.01,
            "eps_4q_growth_year": -28.35,
            "roe": 2.1,
            "gross_profit": 134982,
            "gross_margin": 49.32,
            "net_income": 33441,
            "revenue": 273659,
            "common_shares": 726094,
            "equity": 1604945,
            "current_ratio": 178.04,
            "debt_ratio": 51.11,
            "inventory_turnover_ratio": 0.48,
            "account_receivable_turnover_ratio": 3.2,
            "reinvestment_rate": 21.81,
            "research_to_sale_ratio": 4.57,
            "price_fair": 202.8,
            "eps_avg_yearly": 5.79,
            "eps_latest_yearly": 1.84,
            "eps_growth_yearly": 31.01
        },
        "20201": {
            "year_quarter": 20201,
            "year": 2020,
            "quarter": 1,
            "eps": 0.73,
            "eps_growth_year": -55.21,
            "eps_4q": 4.31,
            "eps_4q_growth_year": -44.44,
            "roe": 3.63,
            "gross_profit": 103482,
            "gross_margin": 46.09,
            "net_income": 52724,
            "revenue": 224509,
            "common_shares": 726094,
            "equity": 1297181,
            "current_ratio": 152.19,
            "debt_ratio": 59.11,
            "inventory_turnover_ratio": 0.46,
            "account_receivable_turnover_ratio": 2.63,
            "reinvestment_rate": 22.31,
            "research_to_sale_ratio": 6.2,
            "price_fair": 197.5,
            "eps_avg_yearly": 5.64,
            "eps_latest_yearly": 2.92,
            "eps_growth_yearly": 48.23
        },
        "20202": {
            "year_quarter": 20202,
            "year": 2020,
            "quarter": 2,
            "eps": 1.18,
            "eps_growth_year": -28.92,
            "eps_4q": 3.82,
            "eps_4q_growth_year": -40.08,
            "roe": 6.35,
            "gross_profit": 164465,
            "gross_margin": 49.12,
            "net_income": 84007,
            "revenue": 334826,
            "common_shares": 726094,
            "equity": 1349436,
            "current_ratio": 153.85,
            "debt_ratio": 58.66,
            "inventory_turnover_ratio": 0.68,
            "account_receivable_turnover_ratio": 3.21,
            "reinvestment_rate": 36.97,
            "research_to_sale_ratio": 4.29,
            "price_fair": 194.1,
            "eps_avg_yearly": 5.55,
            "eps_latest_yearly": 4.72,
            "eps_growth_yearly": 59.95
        },
        "20203": {
            "year_quarter": 20203,
            "year": 2020,
            "quarter": 3,
            "eps": 1.24,
            "eps_growth_year": -12.06,
            "eps_4q": 3.63,
            "eps_4q_growth_year": -40.27,
            "roe": 6.32,
            "gross_profit": 178149,
            "gross_margin": 52.08,
            "net_income": 88131,
            "revenue": 342097,
            "common_shares": 726094,
            "equity": 1441534,
            "current_ratio": 179,
            "debt_ratio": 51.17,
            "inventory_turnover_ratio": 0.64,
            "account_receivable_turnover_ratio": 3.24,
            "reinvestment_rate": 36.59,
            "research_to_sale_ratio": 4.47,
            "price_fair": 198.5,
            "eps_avg_yearly": 5.67,
            "eps_latest_yearly": 4.96,
            "eps_growth_yearly": 74.93
        },
        "20204": {
            "year_quarter": 20204,
            "year": 2020,
            "quarter": 4,
            "eps": 1.27,
            "eps_growth_year": 175.77,
            "eps_4q": 4.43,
            "eps_4q_growth_year": -11.6,
            "roe": 6.07,
            "gross_profit": 156824,
            "gross_margin": 49.89,
            "net_income": 90473,
            "revenue": 314363,
            "common_shares": 726094,
            "equity": 1540042,
            "current_ratio": 195.88,
            "debt_ratio": 48.83,
            "inventory_turnover_ratio": 0.61,
            "account_receivable_turnover_ratio": 3.06,
            "reinvestment_rate": 36.06,
            "research_to_sale_ratio": 5,
            "price_fair": 193.2,
            "eps_avg_yearly": 5.52,
            "eps_latest_yearly": 5.08,
            "eps_growth_yearly": 39.91
        },
        "20211": {
            "year_quarter": 20211,
            "year": 2021,
            "quarter": 1,
            "eps": 1.19,
            "eps_growth_year": 63.01,
            "eps_4q": 4.87,
            "eps_4q_growth_year": 13.12,
            "roe": 5.79,
            "gross_profit": 156785,
            "gross_margin": 48.33,
            "net_income": 84457,
            "revenue": 324378,
            "common_shares": 726094,
            "equity": 1375283,
            "current_ratio": 172.32,
            "debt_ratio": 54.14,
            "inventory_turnover_ratio": 0.64,
            "account_receivable_turnover_ratio": 2.87,
            "reinvestment_rate": 35.04,
            "research_to_sale_ratio": 4.41,
            "price_fair": 191.43,
            "eps_avg_yearly": 5.47,
            "eps_latest_yearly": 4.76,
            "eps_growth_yearly": 35.57
        },
        "20212": {
            "year_quarter": 20212,
            "year": 2021,
            "quarter": 2,
            "eps": 1.34,
            "eps_growth_year": 13.56,
            "eps_4q": 5.03,
            "eps_4q_growth_year": 31.6,
            "roe": 6.69,
            "gross_profit": 186821,
            "gross_margin": 48.76,
            "net_income": 95463,
            "revenue": 383144,
            "common_shares": 726094,
            "equity": 1480585,
            "current_ratio": 165.91,
            "debt_ratio": 56.3,
            "inventory_turnover_ratio": 0.71,
            "account_receivable_turnover_ratio": 2.98,
            "reinvestment_rate": 35.13,
            "research_to_sale_ratio": 3.98,
            "price_fair": 191.19,
            "eps_avg_yearly": 5.46,
            "eps_latest_yearly": 5.36,
            "eps_growth_yearly": 36.5
        },
        "20213": {
            "year_quarter": 20213,
            "year": 2021,
            "quarter": 3,
            "eps": 1.49,
            "eps_growth_year": 20.16,
            "eps_4q": 5,
            "eps_4q_growth_year": 37.99,
            "roe": 6.52,
            "gross_profit": 203625,
            "gross_margin": 49.1,
            "net_income": 111071,
            "revenue": 414749,
            "common_shares": 776094,
            "equity": 1928821,
            "current_ratio": 256.8,
            "debt_ratio": 47.81,
            "inventory_turnover_ratio": 0.69,
            "account_receivable_turnover_ratio": 2.97,
            "reinvestment_rate": 34.38,
            "research_to_sale_ratio": 3.91,
            "price_fair": 190.49,
            "eps_avg_yearly": 5.44,
            "eps_latest_yearly": 5.96,
            "eps_growth_yearly": 42.12
        },
        "20214": {
            "year_quarter": 20214,
            "year": 2021,
            "quarter": 4,
            "eps": 1.26,
            "eps_growth_year": -0.76,
            "eps_4q": 5.08,
            "eps_4q_growth_year": 14.7,
            "roe": 4.86,
            "gross_profit": 180574,
            "gross_margin": 46.82,
            "net_income": 96088,
            "revenue": 385657,
            "common_shares": 776094,
            "equity": 2025745,
            "current_ratio": 236.96,
            "debt_ratio": 49.74,
            "inventory_turnover_ratio": 0.58,
            "account_receivable_turnover_ratio": 2.91,
            "reinvestment_rate": 36,
            "research_to_sale_ratio": 4.06,
            "price_fair": 191.36,
            "eps_avg_yearly": 5.47,
            "eps_latest_yearly": 5.04,
            "eps_growth_yearly": 44.79
        },
        "20221": {
            "year_quarter": 20221,
            "year": 2022,
            "quarter": 1,
            "eps": 2.07,
            "eps_growth_year": 73.95,
            "eps_4q": 6.04,
            "eps_4q_growth_year": 24.04,
            "roe": 8.07,
            "gross_profit": 165011,
            "gross_margin": 44.96,
            "net_income": 158117,
            "revenue": 367002,
            "common_shares": 776094,
            "equity": 1892491,
            "current_ratio": 187.52,
            "debt_ratio": 57.79,
            "inventory_turnover_ratio": 0.48,
            "account_receivable_turnover_ratio": 2.82,
            "reinvestment_rate": 35.74,
            "research_to_sale_ratio": 4.48,
            "price_fair": 201.86,
            "eps_avg_yearly": 5.77,
            "eps_latest_yearly": 8.28,
            "eps_growth_yearly": 67.11
        },
        "20222": {
            "year_quarter": 20222,
            "year": 2022,
            "quarter": 2,
            "eps": 2.21,
            "eps_growth_year": 64.93,
            "eps_4q": 7,
            "eps_4q_growth_year": 39.03,
            "roe": 8.55,
            "gross_profit": 199398,
            "gross_margin": 46.5,
            "net_income": 168177,
            "revenue": 428822,
            "common_shares": 776094,
            "equity": 2043084,
            "current_ratio": 206.58,
            "debt_ratio": 53.58,
            "inventory_turnover_ratio": 0.47,
            "account_receivable_turnover_ratio": 2.6,
            "reinvestment_rate": 36.76,
            "research_to_sale_ratio": 4.19,
            "price_fair": 170.06,
            "eps_avg_yearly": 5.68,
            "eps_latest_yearly": 8.84,
            "eps_growth_yearly": 19.95
        },
        "20223": {
            "year_quarter": 20223,
            "year": 2022,
            "quarter": 3,
            "eps": 3.51,
            "eps_growth_year": 135.57,
            "eps_4q": 8.96,
            "eps_4q_growth_year": 79.05,
            "roe": 12.1,
            "gross_profit": 228273,
            "gross_margin": 45.47,
            "net_income": 267983,
            "revenue": 502046,
            "common_shares": 784314,
            "equity": 2384660,
            "current_ratio": 214.4,
            "debt_ratio": 51.09,
            "inventory_turnover_ratio": 0.53,
            "account_receivable_turnover_ratio": 2.57,
            "reinvestment_rate": 35.31,
            "research_to_sale_ratio": 4.3,
            "price_fair": 212.89,
            "eps_avg_yearly": 6.08,
            "eps_latest_yearly": 14.04,
            "eps_growth_yearly": 41.27
        },
        "20224": {
            "year_quarter": 20224,
            "year": 2022,
            "quarter": 4,
            "eps": 1.25,
            "eps_growth_year": -0.62,
            "eps_4q": 8.89,
            "eps_4q_growth_year": 75.01,
            "roe": 3.96,
            "gross_profit": 242818,
            "gross_margin": 48,
            "net_income": 97524,
            "revenue": 505899,
            "common_shares": 785139,
            "equity": 2546414,
            "current_ratio": 220.39,
            "debt_ratio": 50.23,
            "inventory_turnover_ratio": 0.5,
            "account_receivable_turnover_ratio": 2.49,
            "reinvestment_rate": 37.21,
            "research_to_sale_ratio": 3.78,
            "price_fair": 209.13,
            "eps_avg_yearly": 5.98,
            "eps_latest_yearly": 5,
            "eps_growth_yearly": 27.96
        },
        "20231": {
            "year_quarter": 20231,
            "year": 2023,
            "quarter": 1,
            "eps": 1.83,
            "eps_growth_year": -11.59,
            "eps_4q": 8.67,
            "eps_4q_growth_year": 43.4,
            "roe": 5.76,
            "gross_profit": 219292,
            "gross_margin": 47.09,
            "net_income": 142331,
            "revenue": 465661,
            "common_shares": 786600,
            "equity": 2392321,
            "current_ratio": 211.26,
            "debt_ratio": 51.81,
            "inventory_turnover_ratio": 0.47,
            "account_receivable_turnover_ratio": 2.57,
            "reinvestment_rate": 36.29,
            "research_to_sale_ratio": 3.78,
            "price_fair": 210.88,
            "eps_avg_yearly": 6.03,
            "eps_latest_yearly": 7.32,
            "eps_growth_yearly": 40.3
        }
    },
    "months": {
        "2003-10": {
            "month": "2003-10",
            "price": "19.00",
            "revenue": 36527
        },
        "2003-11": {
            "month": "2003-11",
            "price": "19.00",
            "revenue": 29776
        },
        "2003-12": {
            "month": "2003-12",
            "price": "24.61",
            "revenue": 33596
        },
        "2004-01": {
            "month": "2004-01",
            "price": "25.53",
            "revenue": 34529
        },
        "2004-02": {
            "month": "2004-02",
            "price": "25.35",
            "revenue": 30021
        },
        "2004-03": {
            "month": "2004-03",
            "price": "25.01",
            "revenue": 36537
        },
        "2004-04": {
            "month": "2004-04",
            "price": "23.69",
            "revenue": 43137
        },
        "2004-05": {
            "month": "2004-05",
            "price": "22.83",
            "revenue": 35600
        },
        "2004-06": {
            "month": "2004-06",
            "price": "25.01",
            "revenue": 38085
        },
        "2004-07": {
            "month": "2004-07",
            "price": "25.60",
            "revenue": 31550
        },
        "2004-08": {
            "month": "2004-08",
            "price": "27.47",
            "revenue": 32480
        },
        "2004-09": {
            "month": "2004-09",
            "price": "26.96",
            "revenue": 36176
        },
        "2004-10": {
            "month": "2004-10",
            "price": "22.68",
            "revenue": 32619
        },
        "2004-11": {
            "month": "2004-11",
            "price": "19.86",
            "revenue": 31283
        },
        "2004-12": {
            "month": "2004-12",
            "price": "18.64",
            "revenue": 31102
        },
        "2005-01": {
            "month": "2005-01",
            "price": "19.21",
            "revenue": 25208
        },
        "2005-02": {
            "month": "2005-02",
            "price": "18.20",
            "revenue": 20702
        },
        "2005-03": {
            "month": "2005-03",
            "price": "18.13",
            "revenue": 33864
        },
        "2005-04": {
            "month": "2005-04",
            "price": "16.43",
            "revenue": 27271
        },
        "2005-05": {
            "month": "2005-05",
            "price": "15.09",
            "revenue": 23438
        },
        "2005-06": {
            "month": "2005-06",
            "price": "15.10",
            "revenue": 28175
        },
        "2005-07": {
            "month": "2005-07",
            "price": "15.40",
            "revenue": 21534
        },
        "2005-08": {
            "month": "2005-08",
            "price": "13.85",
            "revenue": 29857
        },
        "2005-09": {
            "month": "2005-09",
            "price": "13.28",
            "revenue": 29251
        },
        "2005-10": {
            "month": "2005-10",
            "price": "13.31",
            "revenue": 30294
        },
        "2005-11": {
            "month": "2005-11",
            "price": "13.33",
            "revenue": 31367
        },
        "2005-12": {
            "month": "2005-12",
            "price": "14.34",
            "revenue": 30797
        },
        "2006-01": {
            "month": "2006-01",
            "price": "15.56",
            "revenue": 33960
        },
        "2006-02": {
            "month": "2006-02",
            "price": "16.82",
            "revenue": 30337
        },
        "2006-03": {
            "month": "2006-03",
            "price": "17.60",
            "revenue": 42128
        },
        "2006-04": {
            "month": "2006-04",
            "price": "25.43",
            "revenue": 42176
        },
        "2006-05": {
            "month": "2006-05",
            "price": "32.93",
            "revenue": 43424
        },
        "2006-06": {
            "month": "2006-06",
            "price": "31.21",
            "revenue": 43901
        },
        "2006-07": {
            "month": "2006-07",
            "price": "30.30",
            "revenue": 44302
        },
        "2006-08": {
            "month": "2006-08",
            "price": "31.02",
            "revenue": 45708
        },
        "2006-09": {
            "month": "2006-09",
            "price": "35.70",
            "revenue": 46025
        },
        "2006-10": {
            "month": "2006-10",
            "price": "42.94",
            "revenue": 46361
        },
        "2006-11": {
            "month": "2006-11",
            "price": "43.76",
            "revenue": 46569
        },
        "2006-12": {
            "month": "2006-12",
            "price": "49.06",
            "revenue": 40044
        },
        "2007-01": {
            "month": "2007-01",
            "price": "51.17",
            "revenue": 44802
        },
        "2007-02": {
            "month": "2007-02",
            "price": "50.10",
            "revenue": 37627
        },
        "2007-03": {
            "month": "2007-03",
            "price": "51.08",
            "revenue": 44908
        },
        "2007-04": {
            "month": "2007-04",
            "price": "51.90",
            "revenue": 46540
        },
        "2007-05": {
            "month": "2007-05",
            "price": "51.16",
            "revenue": 46827
        },
        "2007-06": {
            "month": "2007-06",
            "price": "53.78",
            "revenue": 47156
        },
        "2007-07": {
            "month": "2007-07",
            "price": "55.43",
            "revenue": 47286
        },
        "2007-08": {
            "month": "2007-08",
            "price": "47.82",
            "revenue": 47499
        },
        "2007-09": {
            "month": "2007-09",
            "price": "47.33",
            "revenue": 42086
        },
        "2007-10": {
            "month": "2007-10",
            "price": "44.40",
            "revenue": 46059
        },
        "2007-11": {
            "month": "2007-11",
            "price": "38.99",
            "revenue": 46639
        },
        "2007-12": {
            "month": "2007-12",
            "price": "36.29",
            "revenue": 41880
        },
        "2008-01": {
            "month": "2008-01",
            "price": "34.09",
            "revenue": 46791
        },
        "2008-02": {
            "month": "2008-02",
            "price": "34.46",
            "revenue": 40512
        },
        "2008-03": {
            "month": "2008-03",
            "price": "34.50",
            "revenue": 48110
        },
        "2008-04": {
            "month": "2008-04",
            "price": "38.09",
            "revenue": 50313
        },
        "2008-05": {
            "month": "2008-05",
            "price": "39.55",
            "revenue": 50615
        },
        "2008-06": {
            "month": "2008-06",
            "price": "36.60",
            "revenue": 50821
        },
        "2008-07": {
            "month": "2008-07",
            "price": "31.74",
            "revenue": 51033
        },
        "2008-08": {
            "month": "2008-08",
            "price": "32.90",
            "revenue": 51359
        },
        "2008-09": {
            "month": "2008-09",
            "price": "32.21",
            "revenue": 47922
        },
        "2008-10": {
            "month": "2008-10",
            "price": "28.16",
            "revenue": 50067
        },
        "2008-11": {
            "month": "2008-11",
            "price": "24.98",
            "revenue": 50380
        },
        "2008-12": {
            "month": "2008-12",
            "price": "24.55",
            "revenue": 38497
        },
        "2009-01": {
            "month": "2009-01",
            "price": "25.44",
            "revenue": 37849
        },
        "2009-02": {
            "month": "2009-02",
            "price": "25.62",
            "revenue": 37762
        },
        "2009-03": {
            "month": "2009-03",
            "price": "30.09",
            "revenue": 45040
        },
        "2009-04": {
            "month": "2009-04",
            "price": "34.54",
            "revenue": 45999
        },
        "2009-05": {
            "month": "2009-05",
            "price": "34.18",
            "revenue": 40111
        },
        "2009-06": {
            "month": "2009-06",
            "price": "32.87",
            "revenue": 37833
        },
        "2009-07": {
            "month": "2009-07",
            "price": "32.22",
            "revenue": 39521
        },
        "2009-08": {
            "month": "2009-08",
            "price": "32.92",
            "revenue": 42096
        },
        "2009-09": {
            "month": "2009-09",
            "price": "34.13",
            "revenue": 44312
        },
        "2009-10": {
            "month": "2009-10",
            "price": "35.52",
            "revenue": 44932
        },
        "2009-11": {
            "month": "2009-11",
            "price": "34.71",
            "revenue": 45483
        },
        "2009-12": {
            "month": "2009-12",
            "price": "36.77",
            "revenue": 42686
        },
        "2010-01": {
            "month": "2010-01",
            "price": "36.33",
            "revenue": 46734
        },
        "2010-02": {
            "month": "2010-02",
            "price": "34.22",
            "revenue": 37025
        },
        "2010-03": {
            "month": "2010-03",
            "price": "37.25",
            "revenue": 56688
        },
        "2010-04": {
            "month": "2010-04",
            "price": "51.75",
            "revenue": 61205
        },
        "2010-05": {
            "month": "2010-05",
            "price": "48.90",
            "revenue": 62614
        },
        "2010-06": {
            "month": "2010-06",
            "price": "46.14",
            "revenue": 63201
        },
        "2010-07": {
            "month": "2010-07",
            "price": "45.52",
            "revenue": 64390
        },
        "2010-08": {
            "month": "2010-08",
            "price": "44.77",
            "revenue": 66653
        },
        "2010-09": {
            "month": "2010-09",
            "price": "45.86",
            "revenue": 65570
        },
        "2010-10": {
            "month": "2010-10",
            "price": "43.00",
            "revenue": 68789
        },
        "2010-11": {
            "month": "2010-11",
            "price": "43.59",
            "revenue": 69514
        },
        "2010-12": {
            "month": "2010-12",
            "price": "44.93",
            "revenue": 69579
        },
        "2011-01": {
            "month": "2011-01",
            "price": "43.82",
            "revenue": 75958
        },
        "2011-02": {
            "month": "2011-02",
            "price": "50.50",
            "revenue": 55451
        },
        "2011-03": {
            "month": "2011-03",
            "price": "59.63",
            "revenue": 70932
        },
        "2011-04": {
            "month": "2011-04",
            "price": "59.33",
            "revenue": 72042
        },
        "2011-05": {
            "month": "2011-05",
            "price": "69.38",
            "revenue": 68600
        },
        "2011-06": {
            "month": "2011-06",
            "price": "62.42",
            "revenue": 71278
        },
        "2011-07": {
            "month": "2011-07",
            "price": "55.97",
            "revenue": 72547
        },
        "2011-08": {
            "month": "2011-08",
            "price": "44.15",
            "revenue": 66101
        },
        "2011-09": {
            "month": "2011-09",
            "price": "41.22",
            "revenue": 53612
        },
        "2011-10": {
            "month": "2011-10",
            "price": "39.89",
            "revenue": 47767
        },
        "2011-11": {
            "month": "2011-11",
            "price": "38.83",
            "revenue": 48437
        },
        "2011-12": {
            "month": "2011-12",
            "price": "36.08",
            "revenue": 43639
        },
        "2012-01": {
            "month": "2012-01",
            "price": "37.29",
            "revenue": 37631
        },
        "2012-02": {
            "month": "2012-02",
            "price": "41.66",
            "revenue": 39658
        },
        "2012-03": {
            "month": "2012-03",
            "price": "41.97",
            "revenue": 60811
        },
        "2012-04": {
            "month": "2012-04",
            "price": "39.54",
            "revenue": 49756
        },
        "2012-05": {
            "month": "2012-05",
            "price": "36.50",
            "revenue": 65929
        },
        "2012-06": {
            "month": "2012-06",
            "price": "36.25",
            "revenue": 61941
        },
        "2012-07": {
            "month": "2012-07",
            "price": "33.82",
            "revenue": 54729
        },
        "2012-08": {
            "month": "2012-08",
            "price": "34.52",
            "revenue": 65825
        },
        "2012-09": {
            "month": "2012-09",
            "price": "36.38",
            "revenue": 65129
        },
        "2012-10": {
            "month": "2012-10",
            "price": "34.83",
            "revenue": 69190
        },
        "2012-11": {
            "month": "2012-11",
            "price": "34.65",
            "revenue": 58316
        },
        "2012-12": {
            "month": "2012-12",
            "price": "34.93",
            "revenue": 42807
        },
        "2013-01": {
            "month": "2013-01",
            "price": "36.89",
            "revenue": 61392
        },
        "2013-02": {
            "month": "2013-02",
            "price": "38.70",
            "revenue": 46589
        },
        "2013-03": {
            "month": "2013-03",
            "price": "39.64",
            "revenue": 50408
        },
        "2013-04": {
            "month": "2013-04",
            "price": "39.28",
            "revenue": 70725
        },
        "2013-05": {
            "month": "2013-05",
            "price": "40.51",
            "revenue": 53864
        },
        "2013-06": {
            "month": "2013-06",
            "price": "39.36",
            "revenue": 63570
        },
        "2013-07": {
            "month": "2013-07",
            "price": "39.78",
            "revenue": 69860
        },
        "2013-08": {
            "month": "2013-08",
            "price": "43.89",
            "revenue": 62336
        },
        "2013-09": {
            "month": "2013-09",
            "price": "44.46",
            "revenue": 62329
        },
        "2013-10": {
            "month": "2013-10",
            "price": "44.45",
            "revenue": 77312
        },
        "2013-11": {
            "month": "2013-11",
            "price": "46.40",
            "revenue": 57840
        },
        "2013-12": {
            "month": "2013-12",
            "price": "51.05",
            "revenue": 61272
        },
        "2014-01": {
            "month": "2014-01",
            "price": "58.76",
            "revenue": 69136
        },
        "2014-02": {
            "month": "2014-02",
            "price": "64.80",
            "revenue": 59529
        },
        "2014-03": {
            "month": "2014-03",
            "price": "65.97",
            "revenue": 63846
        },
        "2014-04": {
            "month": "2014-04",
            "price": "63.11",
            "revenue": 81354
        },
        "2014-05": {
            "month": "2014-05",
            "price": "62.83",
            "revenue": 75434
        },
        "2014-06": {
            "month": "2014-06",
            "price": "63.89",
            "revenue": 77570
        },
        "2014-07": {
            "month": "2014-07",
            "price": "65.39",
            "revenue": 82789
        },
        "2014-08": {
            "month": "2014-08",
            "price": "60.86",
            "revenue": 76311
        },
        "2014-09": {
            "month": "2014-09",
            "price": "59.79",
            "revenue": 75270
        },
        "2014-10": {
            "month": "2014-10",
            "price": "57.64",
            "revenue": 87483
        },
        "2014-11": {
            "month": "2014-11",
            "price": "60.34",
            "revenue": 64955
        },
        "2014-12": {
            "month": "2014-12",
            "price": "61.12",
            "revenue": 71028
        },
        "2015-01": {
            "month": "2015-01",
            "price": "68.44",
            "revenue": 73055
        },
        "2015-02": {
            "month": "2015-02",
            "price": "70.47",
            "revenue": 64753
        },
        "2015-03": {
            "month": "2015-03",
            "price": "69.35",
            "revenue": 67857
        },
        "2015-04": {
            "month": "2015-04",
            "price": "73.91",
            "revenue": 77209
        },
        "2015-05": {
            "month": "2015-05",
            "price": "64.86",
            "revenue": 76642
        },
        "2015-06": {
            "month": "2015-06",
            "price": "63.27",
            "revenue": 74281
        },
        "2015-07": {
            "month": "2015-07",
            "price": "56.93",
            "revenue": 84072
        },
        "2015-08": {
            "month": "2015-08",
            "price": "53.04",
            "revenue": 81863
        },
        "2015-09": {
            "month": "2015-09",
            "price": "56.83",
            "revenue": 86235
        },
        "2015-10": {
            "month": "2015-10",
            "price": "61.59",
            "revenue": 86735
        },
        "2015-11": {
            "month": "2015-11",
            "price": "62.66",
            "revenue": 85853
        },
        "2015-12": {
            "month": "2015-12",
            "price": "60.37",
            "revenue": 74722
        },
        "2016-01": {
            "month": "2016-01",
            "price": "57.63",
            "revenue": 87072
        },
        "2016-02": {
            "month": "2016-02",
            "price": "66.07",
            "revenue": 71431
        },
        "2016-03": {
            "month": "2016-03",
            "price": "71.48",
            "revenue": 88916
        },
        "2016-04": {
            "month": "2016-04",
            "price": "68.31",
            "revenue": 83129
        },
        "2016-05": {
            "month": "2016-05",
            "price": "65.63",
            "revenue": 81463
        },
        "2016-06": {
            "month": "2016-06",
            "price": "66.90",
            "revenue": 91498
        },
        "2016-07": {
            "month": "2016-07",
            "price": "69.28",
            "revenue": 87365
        },
        "2016-08": {
            "month": "2016-08",
            "price": "67.07",
            "revenue": 86662
        },
        "2016-09": {
            "month": "2016-09",
            "price": "66.25",
            "revenue": 82589
        },
        "2016-10": {
            "month": "2016-10",
            "price": "64.72",
            "revenue": 80565
        },
        "2016-11": {
            "month": "2016-11",
            "price": "62.58",
            "revenue": 80127
        },
        "2016-12": {
            "month": "2016-12",
            "price": "63.73",
            "revenue": 70479
        },
        "2017-01": {
            "month": "2017-01",
            "price": "63.36",
            "revenue": 84110
        },
        "2017-02": {
            "month": "2017-02",
            "price": "62.59",
            "revenue": 71446
        },
        "2017-03": {
            "month": "2017-03",
            "price": "63.74",
            "revenue": 96073
        },
        "2017-04": {
            "month": "2017-04",
            "price": "64.20",
            "revenue": 99010
        },
        "2017-05": {
            "month": "2017-05",
            "price": "65.92",
            "revenue": 101471
        },
        "2017-06": {
            "month": "2017-06",
            "price": "68.93",
            "revenue": 102108
        },
        "2017-07": {
            "month": "2017-07",
            "price": "63.77",
            "revenue": 104384
        },
        "2017-08": {
            "month": "2017-08",
            "price": "63.31",
            "revenue": 107060
        },
        "2017-09": {
            "month": "2017-09",
            "price": "64.91",
            "revenue": 104202
        },
        "2017-10": {
            "month": "2017-10",
            "price": "66.24",
            "revenue": 100747
        },
        "2017-11": {
            "month": "2017-11",
            "price": "67.70",
            "revenue": 95528
        },
        "2017-12": {
            "month": "2017-12",
            "price": "67.02",
            "revenue": 85089
        },
        "2018-01": {
            "month": "2018-01",
            "price": "67.55",
            "revenue": 95916
        },
        "2018-02": {
            "month": "2018-02",
            "price": "67.58",
            "revenue": 76003
        },
        "2018-03": {
            "month": "2018-03",
            "price": "69.50",
            "revenue": 104294
        },
        "2018-04": {
            "month": "2018-04",
            "price": "70.04",
            "revenue": 106686
        },
        "2018-05": {
            "month": "2018-05",
            "price": "71.17",
            "revenue": 115669
        },
        "2018-06": {
            "month": "2018-06",
            "price": "73.17",
            "revenue": 115800
        },
        "2018-07": {
            "month": "2018-07",
            "price": "71.77",
            "revenue": 121998
        },
        "2018-08": {
            "month": "2018-08",
            "price": "72.63",
            "revenue": 131761
        },
        "2018-09": {
            "month": "2018-09",
            "price": "77.72",
            "revenue": 121275
        },
        "2018-10": {
            "month": "2018-10",
            "price": "74.47",
            "revenue": 121804
        },
        "2018-11": {
            "month": "2018-11",
            "price": "74.32",
            "revenue": 111154
        },
        "2018-12": {
            "month": "2018-12",
            "price": "75.24",
            "revenue": 100978
        },
        "2019-01": {
            "month": "2019-01",
            "price": "77.90",
            "revenue": 110951
        },
        "2019-02": {
            "month": "2019-02",
            "price": "81.73",
            "revenue": 89331
        },
        "2019-03": {
            "month": "2019-03",
            "price": "87.81",
            "revenue": 117440
        },
        "2019-04": {
            "month": "2019-04",
            "price": "97.62",
            "revenue": 118796
        },
        "2019-05": {
            "month": "2019-05",
            "price": "96.32",
            "revenue": 110685
        },
        "2019-06": {
            "month": "2019-06",
            "price": "91.17",
            "revenue": 111209
        },
        "2019-07": {
            "month": "2019-07",
            "price": "91.41",
            "revenue": 111646
        },
        "2019-08": {
            "month": "2019-08",
            "price": "82.12",
            "revenue": 112367
        },
        "2019-09": {
            "month": "2019-09",
            "price": "80.50",
            "revenue": 113680
        },
        "2019-10": {
            "month": "2019-10",
            "price": "77.40",
            "revenue": 101090
        },
        "2019-11": {
            "month": "2019-11",
            "price": "74.64",
            "revenue": 90548
        },
        "2019-12": {
            "month": "2019-12",
            "price": "74.11",
            "revenue": 82022
        },
        "2020-01": {
            "month": "2020-01",
            "price": "74.87",
            "revenue": 60584
        },
        "2020-02": {
            "month": "2020-02",
            "price": "69.97",
            "revenue": 75191
        },
        "2020-03": {
            "month": "2020-03",
            "price": "61.56",
            "revenue": 88734
        },
        "2020-04": {
            "month": "2020-04",
            "price": "65.74",
            "revenue": 106324
        },
        "2020-05": {
            "month": "2020-05",
            "price": "69.05",
            "revenue": 112102
        },
        "2020-06": {
            "month": "2020-06",
            "price": "71.08",
            "revenue": 116399
        },
        "2020-07": {
            "month": "2020-07",
            "price": "66.83",
            "revenue": 116728
        },
        "2020-08": {
            "month": "2020-08",
            "price": "66.93",
            "revenue": 111270
        },
        "2020-09": {
            "month": "2020-09",
            "price": "67.16",
            "revenue": 114100
        },
        "2020-10": {
            "month": "2020-10",
            "price": "65.89",
            "revenue": 104698
        },
        "2020-11": {
            "month": "2020-11",
            "price": "65.87",
            "revenue": 102199
        },
        "2020-12": {
            "month": "2020-12",
            "price": "67.37",
            "revenue": 107466
        },
        "2021-01": {
            "month": "2021-01",
            "price": "68.33",
            "revenue": 112967
        },
        "2021-02": {
            "month": "2021-02",
            "price": "70.02",
            "revenue": 89871
        },
        "2021-03": {
            "month": "2021-03",
            "price": "72.89",
            "revenue": 121541
        },
        "2021-04": {
            "month": "2021-04",
            "price": "73.86",
            "revenue": 123371
        },
        "2021-05": {
            "month": "2021-05",
            "price": "70.08",
            "revenue": 127641
        },
        "2021-06": {
            "month": "2021-06",
            "price": "70.25",
            "revenue": 132133
        },
        "2021-07": {
            "month": "2021-07",
            "price": "74.29",
            "revenue": 135640
        },
        "2021-08": {
            "month": "2021-08",
            "price": "75.23",
            "revenue": 141416
        },
        "2021-09": {
            "month": "2021-09",
            "price": "74.62",
            "revenue": 137693
        },
        "2021-10": {
            "month": "2021-10",
            "price": "71.33",
            "revenue": 121191
        },
        "2021-11": {
            "month": "2021-11",
            "price": "71.52",
            "revenue": 132849
        },
        "2021-12": {
            "month": "2021-12",
            "price": "73.78",
            "revenue": 131616
        },
        "2022-01": {
            "month": "2022-01",
            "price": "74.31",
            "revenue": 133800
        },
        "2022-02": {
            "month": "2022-02",
            "price": "75.71",
            "revenue": 88409
        },
        "2022-03": {
            "month": "2022-03",
            "price": "74.70",
            "revenue": 144793
        },
        "2022-04": {
            "month": "2022-04",
            "price": "73.44",
            "revenue": 129234
        },
        "2022-05": {
            "month": "2022-05",
            "price": "71.17",
            "revenue": 145026
        },
        "2022-06": {
            "month": "2022-06",
            "price": "72.30",
            "revenue": 154561
        },
        "2022-07": {
            "month": "2022-07",
            "price": "72.71",
            "revenue": 155190
        },
        "2022-08": {
            "month": "2022-08",
            "price": "77.65",
            "revenue": 174100
        },
        "2022-09": {
            "month": "2022-09",
            "price": "88.29",
            "revenue": 172756
        },
        "2022-10": {
            "month": "2022-10",
            "price": "83.30",
            "revenue": 176011
        },
        "2022-11": {
            "month": "2022-11",
            "price": "85.94",
            "revenue": 177478
        },
        "2022-12": {
            "month": "2022-12",
            "price": "86.70",
            "revenue": 152410
        },
        "2023-01": {
            "month": "2023-01",
            "price": "86.48",
            "revenue": 135883
        },
        "2023-02": {
            "month": "2023-02",
            "price": "88.80",
            "revenue": 158195
        },
        "2023-03": {
            "month": "2023-03",
            "price": "92.10",
            "revenue": 171582
        },
        "2023-04": {
            "month": "2023-04",
            "price": "90.32",
            "revenue": 146564
        }
    }
}
