{
    "summary": {
        "stock_name": "華東",
        "stock_id": "8110",
        "category": "半導體",
        "main_business": "CC01080電子零組件製造業",
        "website_url": "http://www.walton.com.tw",
        "ceo": "于鴻祺",
        "pe_ratio": 31,
        "report_year_from": 2002,
        "report_year_to": 2023,
        "age": 21,
        "eps_negative_percentage": 10,
        "eps_growth_avg": {
            "last_all": 8.25,
            "last_2y": 18.65,
            "last_4y": -9,
            "last_8y": 13.5,
            "last_12y": 2.74,
            "last_16y": 8.25,
            "last_20y": null,
            "at_2006_last_3y": null,
            "at_2007_last_3y": null,
            "at_2008_last_3y": null,
            "at_2009_last_3y": 24.78,
            "at_2010_last_3y": 28.56,
            "at_2011_last_3y": 4.91,
            "at_2012_last_3y": 2.85,
            "at_2013_last_3y": -29.53,
            "at_2014_last_3y": -29.53,
            "at_2015_last_3y": -27.46,
            "at_2016_last_3y": 39.2,
            "at_2017_last_3y": 41.63,
            "at_2018_last_3y": 5.68,
            "at_2019_last_3y": 11.99,
            "at_2020_last_3y": 0.63,
            "at_2021_last_3y": -16.01,
            "at_2022_last_3y": -0.3,
            "at_2023_last_3y": -0.3,
            "at_2006_last_all": 84.85,
            "at_2007_last_all": 45.43,
            "at_2008_last_all": -0.3,
            "at_2009_last_all": 24.78,
            "at_2010_last_all": 39.82,
            "at_2011_last_all": 18.42,
            "at_2012_last_all": 1.5,
            "at_2013_last_all": 1.5,
            "at_2014_last_all": 13.81,
            "at_2015_last_all": 3.12,
            "at_2016_last_all": 12.81,
            "at_2017_last_all": 16.09,
            "at_2018_last_all": 11.1,
            "at_2019_last_all": 5.85,
            "at_2020_last_all": 9.33,
            "at_2021_last_all": 7.53,
            "at_2022_last_all": 8.25,
            "at_2023_last_all": 8.25
        },
        "latest_eps": 0.46,
        "latest_price": 14.1,
        "latest_roe": 1.23,
        "latest_gross_margin": 1.64,
        "latest_equity": 10485634,
        "latest_revenue": 1828954,
        "latest_gross_profit": 29990,
        "latest_net_income": 7235,
        "latest_debt_ratio": 45.4,
        "latest_current_ratio": 157.8,
        "latest_account_receivable_turnover_ratio": 1.2,
        "latest_inventory_turnover_ratio": 1.94,
        "latest_reinvestment_rate": -46.49,
        "latest_research_to_sale_ratio": 0.94
    },
    "eps_dividends": {
        "2001": {
            "cash": 0,
            "stock": 0,
            "eps": 0
        },
        "2002": {
            "cash": 0,
            "stock": 0,
            "eps": 0
        },
        "2003": {
            "cash": 0,
            "stock": 0,
            "eps": -0.72
        },
        "2004": {
            "cash": 0,
            "stock": 0,
            "eps": 0
        },
        "2005": {
            "cash": 0,
            "stock": 0,
            "eps": 0.99
        },
        "2006": {
            "cash": 0,
            "stock": 0,
            "eps": 1.83
        },
        "2007": {
            "cash": 0.87,
            "stock": 0.1,
            "eps": 1.94
        },
        "2008": {
            "cash": 0.29,
            "stock": 0.87,
            "eps": 0.16
        },
        "2009": {
            "cash": 0,
            "stock": 0,
            "eps": 0.45
        },
        "2010": {
            "cash": 0.12,
            "stock": 0.2,
            "eps": 1.93
        },
        "2011": {
            "cash": 0.46,
            "stock": 0,
            "eps": 0.22
        },
        "2012": {
            "cash": 0,
            "stock": 0,
            "eps": -0.45
        },
        "2013": {
            "cash": 0,
            "stock": 0,
            "eps": 0.64
        },
        "2014": {
            "cash": 0.13,
            "stock": 0,
            "eps": 1.76
        },
        "2015": {
            "cash": 0.35,
            "stock": 0,
            "eps": 0.31
        },
        "2016": {
            "cash": 0.21,
            "stock": 0,
            "eps": 0.92
        },
        "2017": {
            "cash": 0.25,
            "stock": 0,
            "eps": 1.37
        },
        "2018": {
            "cash": 0.85,
            "stock": 0,
            "eps": 0.77
        },
        "2019": {
            "cash": 0.3,
            "stock": 0,
            "eps": 0.33
        },
        "2020": {
            "cash": 0,
            "stock": 0,
            "eps": 0.51
        },
        "2021": {
            "cash": 0.2,
            "stock": 0,
            "eps": 0.42
        },
        "2022": {
            "cash": 0.13,
            "stock": 0,
            "eps": 0.5
        },
        "2023": {
            "cash": 0.15,
            "stock": 0,
            "eps": 0.07
        }
    },
    "dividends": {
        "2007-03-16": {
            "cash": 0.87,
            "stock": 0.1
        },
        "2008-03-21": {
            "cash": 0.29,
            "stock": 0.87
        },
        "2010-03-19": {
            "cash": 0.12,
            "stock": 0.2
        },
        "2011-03-21": {
            "cash": 0.46,
            "stock": 0
        },
        "2014-08-27": {
            "cash": 0.13,
            "stock": 0
        },
        "2015-08-27": {
            "cash": 0.35,
            "stock": 0
        },
        "2016-09-09": {
            "cash": 0.21,
            "stock": 0
        },
        "2017-08-16": {
            "cash": 0.25,
            "stock": 0
        },
        "2018-08-17": {
            "cash": 0.85,
            "stock": 0
        },
        "2019-08-14": {
            "cash": 0.3,
            "stock": 0
        },
        "2021-09-03": {
            "cash": 0.2,
            "stock": 0
        },
        "2022-09-02": {
            "cash": 0.13,
            "stock": 0
        },
        "2023-05-04": {
            "cash": 0.15,
            "stock": 0
        }
    },
    "prices": {
        "200101": "無",
        "200102": "無",
        "200103": "無",
        "200104": "無",
        "200105": "無",
        "200106": "無",
        "200107": "無",
        "200108": "無",
        "200109": "無",
        "200110": "無",
        "200111": "無",
        "200112": "無",
        "200201": "無",
        "200202": "無",
        "200203": "無",
        "200204": "無",
        "200205": "無",
        "200206": "無",
        "200207": "無",
        "200208": "無",
        "200209": "無",
        "200210": "無",
        "200211": "無",
        "200212": "無",
        "200301": "無",
        "200302": "無",
        "200303": "無",
        "200304": "無",
        "200305": "無",
        "200306": "無",
        "200307": "無",
        "200308": "無",
        "200309": "5.60",
        "200310": "7.00",
        "200311": "8.00",
        "200312": "8.00",
        "200401": "8.66",
        "200402": "9.84",
        "200403": "9.80",
        "200404": "8.20",
        "200405": "7.02",
        "200406": "5.75",
        "200407": "5.16",
        "200408": "5.02",
        "200409": "5.85",
        "200410": "6.06",
        "200411": "6.24",
        "200412": "6.50",
        "200501": "6.64",
        "200502": "6.64",
        "200503": "6.86",
        "200504": "7.86",
        "200505": "7.55",
        "200506": "7.64",
        "200507": "8.02",
        "200508": "7.81",
        "200509": "7.42",
        "200510": "7.24",
        "200511": "7.43",
        "200512": "9.09",
        "200601": "12.73",
        "200602": "12.44",
        "200603": "14.95",
        "200604": "17.19",
        "200605": "18.41",
        "200606": "17.88",
        "200607": "17.67",
        "200608": "17.44",
        "200609": "17.22",
        "200610": "17.70",
        "200611": "19.42",
        "200612": "23.75",
        "200701": "24.22",
        "200702": "23.06",
        "200703": "24.17",
        "200704": "22.53",
        "200705": "19.11",
        "200706": "21.16",
        "200707": "21.81",
        "200708": "17.80",
        "200709": "17.22",
        "200710": "18.30",
        "200711": "15.80",
        "200712": "13.47",
        "200801": "12.07",
        "200802": "12.16",
        "200803": "12.48",
        "200804": "13.17",
        "200805": "12.63",
        "200806": "10.85",
        "200807": "8.95",
        "200808": "8.60",
        "200809": "6.61",
        "200810": "5.75",
        "200811": "4.26",
        "200812": "4.04",
        "200901": "4.18",
        "200902": "4.25",
        "200903": "5.52",
        "200904": "6.77",
        "200905": "6.99",
        "200906": "7.13",
        "200907": "7.58",
        "200908": "8.35",
        "200909": "9.17",
        "200910": "10.12",
        "200911": "10.85",
        "200912": "14.53",
        "201001": "16.37",
        "201002": "14.54",
        "201003": "16.04",
        "201004": "16.46",
        "201005": "14.72",
        "201006": "14.92",
        "201007": "15.63",
        "201008": "15.32",
        "201009": "14.69",
        "201010": "14.51",
        "201011": "13.98",
        "201012": "15.16",
        "201101": "16.00",
        "201102": "16.94",
        "201103": "15.16",
        "201104": "14.29",
        "201105": "14.32",
        "201106": "14.42",
        "201107": "13.12",
        "201108": "11.35",
        "201109": "11.36",
        "201110": "11.52",
        "201111": "10.96",
        "201112": "9.85",
        "201201": "9.78",
        "201202": "11.70",
        "201203": "10.34",
        "201204": "8.92",
        "201205": "9.24",
        "201206": "8.98",
        "201207": "9.06",
        "201208": "8.64",
        "201209": "9.15",
        "201210": "8.62",
        "201211": "7.33",
        "201212": "8.53",
        "201301": "8.75",
        "201302": "8.60",
        "201303": "8.71",
        "201304": "9.81",
        "201305": "10.74",
        "201306": "10.59",
        "201307": "10.66",
        "201308": "10.48",
        "201309": "10.76",
        "201310": "10.83",
        "201311": "10.23",
        "201312": "10.36",
        "201401": "10.68",
        "201402": "11.07",
        "201403": "11.55",
        "201404": "12.21",
        "201405": "12.77",
        "201406": "13.66",
        "201407": "13.88",
        "201408": "13.88",
        "201409": "14.60",
        "201410": "14.08",
        "201411": "14.24",
        "201412": "14.24",
        "201501": "14.19",
        "201502": "13.66",
        "201503": "13.70",
        "201504": "13.34",
        "201505": "10.80",
        "201506": "8.63",
        "201507": "7.96",
        "201508": "7.64",
        "201509": "8.76",
        "201510": "9.22",
        "201511": "9.92",
        "201512": "9.38",
        "201601": "8.19",
        "201602": "8.06",
        "201603": "9.12",
        "201604": "8.61",
        "201605": "8.37",
        "201606": "9.10",
        "201607": "9.04",
        "201608": "9.28",
        "201609": "10.24",
        "201610": "10.96",
        "201611": "11.30",
        "201612": "11.92",
        "201701": "11.96",
        "201702": "13.59",
        "201703": "14.15",
        "201704": "14.62",
        "201705": "13.51",
        "201706": "13.46",
        "201707": "13.23",
        "201708": "13.55",
        "201709": "14.66",
        "201710": "14.93",
        "201711": "17.30",
        "201712": "16.34",
        "201801": "15.12",
        "201802": "13.65",
        "201803": "14.36",
        "201804": "13.43",
        "201805": "14.15",
        "201806": "14.44",
        "201807": "14.44",
        "201808": "13.20",
        "201809": "12.63",
        "201810": "10.84",
        "201811": "10.44",
        "201812": "10.63",
        "201901": "11.01",
        "201902": "11.57",
        "201903": "11.21",
        "201904": "11.35",
        "201905": "10.24",
        "201906": "9.29",
        "201907": "9.97",
        "201908": "9.56",
        "201909": "9.63",
        "201910": "9.32",
        "201911": "10.08",
        "201912": "11.60",
        "202001": "11.39",
        "202002": "10.81",
        "202003": "8.54",
        "202004": "9.30",
        "202005": "9.99",
        "202006": "9.94",
        "202007": "9.90",
        "202008": "9.75",
        "202009": "10.14",
        "202010": "10.40",
        "202011": "11.12",
        "202012": "13.54",
        "202101": "13.11",
        "202102": "13.46",
        "202103": "13.45",
        "202104": "16.58",
        "202105": "14.71",
        "202106": "16.85",
        "202107": "21.30",
        "202108": "20.60",
        "202109": "18.84",
        "202110": "16.74",
        "202111": "18.11",
        "202112": "18.52",
        "202201": "17.76",
        "202202": "17.97",
        "202203": "16.79",
        "202204": "15.51",
        "202205": "14.37",
        "202206": "13.75",
        "202207": "12.13",
        "202208": "12.87",
        "202209": "12.54",
        "202210": "11.12",
        "202211": "12.30",
        "202212": "12.12",
        "202301": "11.64",
        "202302": "12.63",
        "202303": "13.17",
        "202304": "13.68",
        "202305": "13.16",
        "202306": "13.84"
    },
    "quarters": {
        "20011": {
            "year_quarter": 20011,
            "year": 2001,
            "quarter": 1,
            "eps": null,
            "eps_growth_year": null,
            "eps_4q": null,
            "eps_4q_growth_year": null,
            "roe": null,
            "roe_4q": 0,
            "gross_profit": null,
            "gross_margin": null,
            "gross_margin_4q_avg": 0,
            "net_income": null,
            "revenue": null,
            "common_shares": null,
            "book_valuer_per_share": null,
            "book_valuer_per_share_4q_avg": 0,
            "equity": null,
            "current_ratio": null,
            "debt_ratio": null,
            "inventory_turnover_ratio": null,
            "account_receivable_turnover_ratio": null,
            "reinvestment_rate": null,
            "research_to_sale_ratio": null,
            "price_fair": 0,
            "eps_avg_yearly": 0,
            "eps_latest_yearly": 0,
            "eps_growth_yearly": 0
        },
        "20012": {
            "year_quarter": 20012,
            "year": 2001,
            "quarter": 2,
            "eps": null,
            "eps_growth_year": null,
            "eps_4q": null,
            "eps_4q_growth_year": null,
            "roe": null,
            "roe_4q": 0,
            "gross_profit": null,
            "gross_margin": null,
            "gross_margin_4q_avg": 0,
            "net_income": null,
            "revenue": null,
            "common_shares": null,
            "book_valuer_per_share": null,
            "book_valuer_per_share_4q_avg": 0,
            "equity": null,
            "current_ratio": null,
            "debt_ratio": null,
            "inventory_turnover_ratio": null,
            "account_receivable_turnover_ratio": null,
            "reinvestment_rate": null,
            "research_to_sale_ratio": null,
            "price_fair": 0,
            "eps_avg_yearly": 0,
            "eps_latest_yearly": 0,
            "eps_growth_yearly": 0
        },
        "20013": {
            "year_quarter": 20013,
            "year": 2001,
            "quarter": 3,
            "eps": null,
            "eps_growth_year": null,
            "eps_4q": null,
            "eps_4q_growth_year": null,
            "roe": null,
            "roe_4q": 0,
            "gross_profit": null,
            "gross_margin": null,
            "gross_margin_4q_avg": 0,
            "net_income": null,
            "revenue": null,
            "common_shares": null,
            "book_valuer_per_share": null,
            "book_valuer_per_share_4q_avg": 0,
            "equity": null,
            "current_ratio": null,
            "debt_ratio": null,
            "inventory_turnover_ratio": null,
            "account_receivable_turnover_ratio": null,
            "reinvestment_rate": null,
            "research_to_sale_ratio": null,
            "price_fair": 0,
            "eps_avg_yearly": 0,
            "eps_latest_yearly": 0,
            "eps_growth_yearly": 0
        },
        "20014": {
            "year_quarter": 20014,
            "year": 2001,
            "quarter": 4,
            "eps": null,
            "eps_growth_year": null,
            "eps_4q": null,
            "eps_4q_growth_year": null,
            "roe": null,
            "roe_4q": 0,
            "gross_profit": null,
            "gross_margin": null,
            "gross_margin_4q_avg": 0,
            "net_income": null,
            "revenue": null,
            "common_shares": 3425375,
            "book_valuer_per_share": 10.27,
            "book_valuer_per_share_4q_avg": 2.57,
            "equity": 4737557,
            "current_ratio": 142.93,
            "debt_ratio": 57.86,
            "inventory_turnover_ratio": null,
            "account_receivable_turnover_ratio": null,
            "reinvestment_rate": null,
            "research_to_sale_ratio": null,
            "price_fair": 0,
            "eps_avg_yearly": 0,
            "eps_latest_yearly": 0,
            "eps_growth_yearly": 0
        },
        "20021": {
            "year_quarter": 20021,
            "year": 2002,
            "quarter": 1,
            "eps": null,
            "eps_growth_year": null,
            "eps_4q": null,
            "eps_4q_growth_year": null,
            "roe": null,
            "roe_4q": 0,
            "gross_profit": null,
            "gross_margin": null,
            "gross_margin_4q_avg": 0,
            "net_income": null,
            "revenue": null,
            "common_shares": null,
            "book_valuer_per_share": null,
            "book_valuer_per_share_4q_avg": 2.57,
            "equity": null,
            "current_ratio": null,
            "debt_ratio": null,
            "inventory_turnover_ratio": null,
            "account_receivable_turnover_ratio": null,
            "reinvestment_rate": null,
            "research_to_sale_ratio": null,
            "price_fair": 0,
            "eps_avg_yearly": 0,
            "eps_latest_yearly": 0,
            "eps_growth_yearly": 0
        },
        "20022": {
            "year_quarter": 20022,
            "year": 2002,
            "quarter": 2,
            "eps": null,
            "eps_growth_year": null,
            "eps_4q": null,
            "eps_4q_growth_year": null,
            "roe": null,
            "roe_4q": 0,
            "gross_profit": null,
            "gross_margin": null,
            "gross_margin_4q_avg": 0,
            "net_income": null,
            "revenue": null,
            "common_shares": null,
            "book_valuer_per_share": null,
            "book_valuer_per_share_4q_avg": 2.57,
            "equity": null,
            "current_ratio": null,
            "debt_ratio": null,
            "inventory_turnover_ratio": null,
            "account_receivable_turnover_ratio": null,
            "reinvestment_rate": null,
            "research_to_sale_ratio": null,
            "price_fair": 0,
            "eps_avg_yearly": 0,
            "eps_latest_yearly": 0,
            "eps_growth_yearly": 0
        },
        "20023": {
            "year_quarter": 20023,
            "year": 2002,
            "quarter": 3,
            "eps": null,
            "eps_growth_year": null,
            "eps_4q": null,
            "eps_4q_growth_year": null,
            "roe": null,
            "roe_4q": 0,
            "gross_profit": null,
            "gross_margin": null,
            "gross_margin_4q_avg": 0,
            "net_income": null,
            "revenue": null,
            "common_shares": null,
            "book_valuer_per_share": null,
            "book_valuer_per_share_4q_avg": 2.57,
            "equity": null,
            "current_ratio": null,
            "debt_ratio": null,
            "inventory_turnover_ratio": null,
            "account_receivable_turnover_ratio": null,
            "reinvestment_rate": null,
            "research_to_sale_ratio": null,
            "price_fair": 0,
            "eps_avg_yearly": 0,
            "eps_latest_yearly": 0,
            "eps_growth_yearly": 0
        },
        "20024": {
            "year_quarter": 20024,
            "year": 2002,
            "quarter": 4,
            "eps": null,
            "eps_growth_year": null,
            "eps_4q": null,
            "eps_4q_growth_year": null,
            "roe": null,
            "roe_4q": 0,
            "gross_profit": null,
            "gross_margin": null,
            "gross_margin_4q_avg": 0,
            "net_income": null,
            "revenue": null,
            "common_shares": 4483615,
            "book_valuer_per_share": 8.4,
            "book_valuer_per_share_4q_avg": 2.1,
            "equity": 3768019,
            "current_ratio": 103.35,
            "debt_ratio": 53.56,
            "inventory_turnover_ratio": null,
            "account_receivable_turnover_ratio": null,
            "reinvestment_rate": null,
            "research_to_sale_ratio": null,
            "price_fair": 0,
            "eps_avg_yearly": 0,
            "eps_latest_yearly": 0,
            "eps_growth_yearly": 0
        },
        "20031": {
            "year_quarter": 20031,
            "year": 2003,
            "quarter": 1,
            "eps": -0.29,
            "eps_growth_year": null,
            "eps_4q": null,
            "eps_4q_growth_year": null,
            "roe": -3.47,
            "roe_4q": -3.47,
            "gross_profit": -3352,
            "gross_margin": -0.3,
            "gross_margin_4q_avg": -0.08,
            "net_income": -128531,
            "revenue": 1132529,
            "common_shares": 4483615,
            "book_valuer_per_share": 8.12,
            "book_valuer_per_share_4q_avg": 4.13,
            "equity": 3639487,
            "current_ratio": 83.1,
            "debt_ratio": 49.51,
            "inventory_turnover_ratio": 6.27,
            "account_receivable_turnover_ratio": null,
            "reinvestment_rate": null,
            "research_to_sale_ratio": null,
            "price_fair": 0,
            "eps_avg_yearly": 0,
            "eps_latest_yearly": 0,
            "eps_growth_yearly": 0
        },
        "20032": {
            "year_quarter": 20032,
            "year": 2003,
            "quarter": 2,
            "eps": -0.43,
            "eps_growth_year": null,
            "eps_4q": null,
            "eps_4q_growth_year": null,
            "roe": -5.4,
            "roe_4q": -8.870000000000001,
            "gross_profit": -105991,
            "gross_margin": -11.93,
            "gross_margin_4q_avg": -3.06,
            "net_income": -191431,
            "revenue": 888284,
            "common_shares": 4483615,
            "book_valuer_per_share": 7.69,
            "book_valuer_per_share_4q_avg": 6.05,
            "equity": 3447607,
            "current_ratio": 101.15,
            "debt_ratio": 49.92,
            "inventory_turnover_ratio": 6.98,
            "account_receivable_turnover_ratio": null,
            "reinvestment_rate": null,
            "research_to_sale_ratio": null,
            "price_fair": 0,
            "eps_avg_yearly": 0,
            "eps_latest_yearly": 0,
            "eps_growth_yearly": 0
        },
        "20033": {
            "year_quarter": 20033,
            "year": 2003,
            "quarter": 3,
            "eps": null,
            "eps_growth_year": null,
            "eps_4q": null,
            "eps_4q_growth_year": null,
            "roe": null,
            "roe_4q": -8.870000000000001,
            "gross_profit": null,
            "gross_margin": null,
            "gross_margin_4q_avg": -3.06,
            "net_income": null,
            "revenue": null,
            "common_shares": null,
            "book_valuer_per_share": null,
            "book_valuer_per_share_4q_avg": 6.05,
            "equity": null,
            "current_ratio": null,
            "debt_ratio": null,
            "inventory_turnover_ratio": null,
            "account_receivable_turnover_ratio": null,
            "reinvestment_rate": null,
            "research_to_sale_ratio": null,
            "price_fair": 0,
            "eps_avg_yearly": 0,
            "eps_latest_yearly": 0,
            "eps_growth_yearly": 0
        },
        "20034": {
            "year_quarter": 20034,
            "year": 2003,
            "quarter": 4,
            "eps": null,
            "eps_growth_year": null,
            "eps_4q": null,
            "eps_4q_growth_year": null,
            "roe": null,
            "roe_4q": -8.870000000000001,
            "gross_profit": null,
            "gross_margin": null,
            "gross_margin_4q_avg": -3.06,
            "net_income": null,
            "revenue": null,
            "common_shares": 4483615,
            "book_valuer_per_share": 8.44,
            "book_valuer_per_share_4q_avg": 6.06,
            "equity": 3783217,
            "current_ratio": 111.83,
            "debt_ratio": 43.24,
            "inventory_turnover_ratio": null,
            "account_receivable_turnover_ratio": null,
            "reinvestment_rate": null,
            "research_to_sale_ratio": null,
            "price_fair": 0,
            "eps_avg_yearly": 0,
            "eps_latest_yearly": 0,
            "eps_growth_yearly": 0
        },
        "20041": {
            "year_quarter": 20041,
            "year": 2004,
            "quarter": 1,
            "eps": null,
            "eps_growth_year": null,
            "eps_4q": null,
            "eps_4q_growth_year": null,
            "roe": null,
            "roe_4q": -5.4,
            "gross_profit": null,
            "gross_margin": null,
            "gross_margin_4q_avg": -2.98,
            "net_income": null,
            "revenue": null,
            "common_shares": null,
            "book_valuer_per_share": null,
            "book_valuer_per_share_4q_avg": 4.03,
            "equity": null,
            "current_ratio": null,
            "debt_ratio": null,
            "inventory_turnover_ratio": null,
            "account_receivable_turnover_ratio": null,
            "reinvestment_rate": null,
            "research_to_sale_ratio": null,
            "price_fair": 0,
            "eps_avg_yearly": 0,
            "eps_latest_yearly": 0,
            "eps_growth_yearly": 0
        },
        "20042": {
            "year_quarter": 20042,
            "year": 2004,
            "quarter": 2,
            "eps": null,
            "eps_growth_year": null,
            "eps_4q": null,
            "eps_4q_growth_year": null,
            "roe": null,
            "roe_4q": 0,
            "gross_profit": null,
            "gross_margin": null,
            "gross_margin_4q_avg": 0,
            "net_income": null,
            "revenue": null,
            "common_shares": null,
            "book_valuer_per_share": null,
            "book_valuer_per_share_4q_avg": 2.11,
            "equity": null,
            "current_ratio": null,
            "debt_ratio": null,
            "inventory_turnover_ratio": null,
            "account_receivable_turnover_ratio": null,
            "reinvestment_rate": null,
            "research_to_sale_ratio": null,
            "price_fair": 0,
            "eps_avg_yearly": 0,
            "eps_latest_yearly": 0,
            "eps_growth_yearly": 0
        },
        "20043": {
            "year_quarter": 20043,
            "year": 2004,
            "quarter": 3,
            "eps": null,
            "eps_growth_year": null,
            "eps_4q": null,
            "eps_4q_growth_year": null,
            "roe": null,
            "roe_4q": 0,
            "gross_profit": null,
            "gross_margin": null,
            "gross_margin_4q_avg": 0,
            "net_income": null,
            "revenue": null,
            "common_shares": null,
            "book_valuer_per_share": null,
            "book_valuer_per_share_4q_avg": 2.11,
            "equity": null,
            "current_ratio": null,
            "debt_ratio": null,
            "inventory_turnover_ratio": null,
            "account_receivable_turnover_ratio": null,
            "reinvestment_rate": null,
            "research_to_sale_ratio": null,
            "price_fair": 0,
            "eps_avg_yearly": 0,
            "eps_latest_yearly": 0,
            "eps_growth_yearly": 0
        },
        "20044": {
            "year_quarter": 20044,
            "year": 2004,
            "quarter": 4,
            "eps": null,
            "eps_growth_year": null,
            "eps_4q": null,
            "eps_4q_growth_year": null,
            "roe": null,
            "roe_4q": 0,
            "gross_profit": null,
            "gross_margin": null,
            "gross_margin_4q_avg": 0,
            "net_income": null,
            "revenue": null,
            "common_shares": 4483615,
            "book_valuer_per_share": 8.79,
            "book_valuer_per_share_4q_avg": 2.2,
            "equity": 3939035,
            "current_ratio": 114.68,
            "debt_ratio": 46.98,
            "inventory_turnover_ratio": null,
            "account_receivable_turnover_ratio": null,
            "reinvestment_rate": null,
            "research_to_sale_ratio": null,
            "price_fair": 0,
            "eps_avg_yearly": 0,
            "eps_latest_yearly": 0,
            "eps_growth_yearly": 0
        },
        "20051": {
            "year_quarter": 20051,
            "year": 2005,
            "quarter": 1,
            "eps": null,
            "eps_growth_year": null,
            "eps_4q": null,
            "eps_4q_growth_year": null,
            "roe": null,
            "roe_4q": 0,
            "gross_profit": null,
            "gross_margin": null,
            "gross_margin_4q_avg": 0,
            "net_income": null,
            "revenue": null,
            "common_shares": null,
            "book_valuer_per_share": null,
            "book_valuer_per_share_4q_avg": 2.2,
            "equity": null,
            "current_ratio": null,
            "debt_ratio": null,
            "inventory_turnover_ratio": null,
            "account_receivable_turnover_ratio": null,
            "reinvestment_rate": null,
            "research_to_sale_ratio": null,
            "price_fair": 0,
            "eps_avg_yearly": 0,
            "eps_latest_yearly": 0,
            "eps_growth_yearly": 0
        },
        "20052": {
            "year_quarter": 20052,
            "year": 2005,
            "quarter": 2,
            "eps": null,
            "eps_growth_year": null,
            "eps_4q": null,
            "eps_4q_growth_year": null,
            "roe": null,
            "roe_4q": 0,
            "gross_profit": null,
            "gross_margin": null,
            "gross_margin_4q_avg": 0,
            "net_income": null,
            "revenue": null,
            "common_shares": null,
            "book_valuer_per_share": null,
            "book_valuer_per_share_4q_avg": 2.2,
            "equity": null,
            "current_ratio": null,
            "debt_ratio": null,
            "inventory_turnover_ratio": null,
            "account_receivable_turnover_ratio": null,
            "reinvestment_rate": null,
            "research_to_sale_ratio": null,
            "price_fair": 0,
            "eps_avg_yearly": 0,
            "eps_latest_yearly": 0,
            "eps_growth_yearly": 0
        },
        "20053": {
            "year_quarter": 20053,
            "year": 2005,
            "quarter": 3,
            "eps": 0.31,
            "eps_growth_year": null,
            "eps_4q": null,
            "eps_4q_growth_year": null,
            "roe": 3.31,
            "roe_4q": 3.31,
            "gross_profit": 247718,
            "gross_margin": 18.57,
            "gross_margin_4q_avg": 4.64,
            "net_income": 139862,
            "revenue": 1333722,
            "common_shares": 4483615,
            "book_valuer_per_share": 9.42,
            "book_valuer_per_share_4q_avg": 4.55,
            "equity": 4221704,
            "current_ratio": 114.03,
            "debt_ratio": 52.16,
            "inventory_turnover_ratio": 2.1,
            "account_receivable_turnover_ratio": null,
            "reinvestment_rate": null,
            "research_to_sale_ratio": null,
            "price_fair": 0,
            "eps_avg_yearly": 0,
            "eps_latest_yearly": 0,
            "eps_growth_yearly": 0
        },
        "20054": {
            "year_quarter": 20054,
            "year": 2005,
            "quarter": 4,
            "eps": 0.68,
            "eps_growth_year": null,
            "eps_4q": null,
            "eps_4q_growth_year": null,
            "roe": 6.34,
            "roe_4q": 9.65,
            "gross_profit": 384349,
            "gross_margin": 20.91,
            "gross_margin_4q_avg": 9.87,
            "net_income": 306022,
            "revenue": 1837758,
            "common_shares": 4433615,
            "book_valuer_per_share": 10.37,
            "book_valuer_per_share_4q_avg": 4.95,
            "equity": 5433349,
            "current_ratio": 139.5,
            "debt_ratio": 51.69,
            "inventory_turnover_ratio": 1.95,
            "account_receivable_turnover_ratio": null,
            "reinvestment_rate": null,
            "research_to_sale_ratio": null,
            "price_fair": 95.2,
            "eps_avg_yearly": 2.72,
            "eps_latest_yearly": 2.72,
            "eps_growth_yearly": 477.42
        },
        "20061": {
            "year_quarter": 20061,
            "year": 2006,
            "quarter": 1,
            "eps": 0.44,
            "eps_growth_year": null,
            "eps_4q": null,
            "eps_4q_growth_year": null,
            "roe": 3.74,
            "roe_4q": 13.39,
            "gross_profit": 296998,
            "gross_margin": 19.03,
            "gross_margin_4q_avg": 14.63,
            "net_income": 195662,
            "revenue": 1560488,
            "common_shares": 4433615,
            "book_valuer_per_share": 11.32,
            "book_valuer_per_share_4q_avg": 7.78,
            "equity": 5017253,
            "current_ratio": 115.8,
            "debt_ratio": 51.17,
            "inventory_turnover_ratio": 1.52,
            "account_receivable_turnover_ratio": null,
            "reinvestment_rate": null,
            "research_to_sale_ratio": null,
            "price_fair": 78.4,
            "eps_avg_yearly": 2.24,
            "eps_latest_yearly": 1.76,
            "eps_growth_yearly": 168.12
        },
        "20062": {
            "year_quarter": 20062,
            "year": 2006,
            "quarter": 2,
            "eps": 0.56,
            "eps_growth_year": null,
            "eps_4q": 2,
            "eps_4q_growth_year": null,
            "roe": 4.93,
            "roe_4q": 18.32,
            "gross_profit": 301461,
            "gross_margin": 16.79,
            "gross_margin_4q_avg": 18.83,
            "net_income": 249990,
            "revenue": 1795879,
            "common_shares": 4433615,
            "book_valuer_per_share": 11.56,
            "book_valuer_per_share_4q_avg": 10.67,
            "equity": 5127171,
            "current_ratio": 127.45,
            "debt_ratio": 49.15,
            "inventory_turnover_ratio": 2.32,
            "account_receivable_turnover_ratio": null,
            "reinvestment_rate": null,
            "research_to_sale_ratio": null,
            "price_fair": 78.4,
            "eps_avg_yearly": 2.24,
            "eps_latest_yearly": 2.24,
            "eps_growth_yearly": 148.44
        },
        "20063": {
            "year_quarter": 20063,
            "year": 2006,
            "quarter": 3,
            "eps": 0.4,
            "eps_growth_year": 29.03,
            "eps_4q": 2.07,
            "eps_4q_growth_year": null,
            "roe": 3.37,
            "roe_4q": 18.380000000000003,
            "gross_profit": 257490,
            "gross_margin": 13.85,
            "gross_margin_4q_avg": 17.65,
            "net_income": 179752,
            "revenue": 1858895,
            "common_shares": 4551255,
            "book_valuer_per_share": 12.17,
            "book_valuer_per_share_4q_avg": 11.36,
            "equity": 5538536,
            "current_ratio": 138.25,
            "debt_ratio": 46.22,
            "inventory_turnover_ratio": 2.72,
            "account_receivable_turnover_ratio": null,
            "reinvestment_rate": null,
            "research_to_sale_ratio": null,
            "price_fair": 72.8,
            "eps_avg_yearly": 2.08,
            "eps_latest_yearly": 1.6,
            "eps_growth_yearly": 82.76
        },
        "20064": {
            "year_quarter": 20064,
            "year": 2006,
            "quarter": 4,
            "eps": 0.43,
            "eps_growth_year": -36.76,
            "eps_4q": 1.83,
            "eps_4q_growth_year": null,
            "roe": 3.15,
            "roe_4q": 15.19,
            "gross_profit": 333794,
            "gross_margin": 15.95,
            "gross_margin_4q_avg": 16.41,
            "net_income": 191908,
            "revenue": 2092560,
            "common_shares": 4551255,
            "book_valuer_per_share": 12.8,
            "book_valuer_per_share_4q_avg": 11.96,
            "equity": 6661003,
            "current_ratio": 152.53,
            "debt_ratio": 43.24,
            "inventory_turnover_ratio": 1.76,
            "account_receivable_turnover_ratio": null,
            "reinvestment_rate": null,
            "research_to_sale_ratio": null,
            "price_fair": 70.28,
            "eps_avg_yearly": 2.01,
            "eps_latest_yearly": 1.72,
            "eps_growth_yearly": 72.21
        },
        "20071": {
            "year_quarter": 20071,
            "year": 2007,
            "quarter": 1,
            "eps": 0.26,
            "eps_growth_year": -40.91,
            "eps_4q": 1.63,
            "eps_4q_growth_year": null,
            "roe": 1.86,
            "roe_4q": 13.309999999999999,
            "gross_profit": 291296,
            "gross_margin": 13.65,
            "gross_margin_4q_avg": 15.06,
            "net_income": 117815,
            "revenue": 2134051,
            "common_shares": 4551255,
            "book_valuer_per_share": 13.14,
            "book_valuer_per_share_4q_avg": 12.42,
            "equity": 5979039,
            "current_ratio": 102.14,
            "debt_ratio": 46.74,
            "inventory_turnover_ratio": 1.69,
            "account_receivable_turnover_ratio": null,
            "reinvestment_rate": null,
            "research_to_sale_ratio": null,
            "price_fair": 64.63,
            "eps_avg_yearly": 1.85,
            "eps_latest_yearly": 1.04,
            "eps_growth_yearly": 33.82
        },
        "20072": {
            "year_quarter": 20072,
            "year": 2007,
            "quarter": 2,
            "eps": 0.6,
            "eps_growth_year": 7.14,
            "eps_4q": 1.67,
            "eps_4q_growth_year": -16.55,
            "roe": 4.65,
            "roe_4q": 13.030000000000001,
            "gross_profit": 366301,
            "gross_margin": 19.45,
            "gross_margin_4q_avg": 15.73,
            "net_income": 275330,
            "revenue": 1883208,
            "common_shares": 4551255,
            "book_valuer_per_share": 12.91,
            "book_valuer_per_share_4q_avg": 12.76,
            "equity": 5873626,
            "current_ratio": 143.02,
            "debt_ratio": 49.35,
            "inventory_turnover_ratio": 2.19,
            "account_receivable_turnover_ratio": null,
            "reinvestment_rate": null,
            "research_to_sale_ratio": null,
            "price_fair": 67.4,
            "eps_avg_yearly": 1.93,
            "eps_latest_yearly": 2.4,
            "eps_growth_yearly": 103.71
        },
        "20073": {
            "year_quarter": 20073,
            "year": 2007,
            "quarter": 3,
            "eps": 0.54,
            "eps_growth_year": 35,
            "eps_4q": 1.8,
            "eps_4q_growth_year": -13.19,
            "roe": 4.18,
            "roe_4q": 13.84,
            "gross_profit": 416928,
            "gross_margin": 22.13,
            "gross_margin_4q_avg": 17.8,
            "net_income": 250862,
            "revenue": 1884226,
            "common_shares": 4608540,
            "book_valuer_per_share": 13.32,
            "book_valuer_per_share_4q_avg": 13.04,
            "equity": 6138626,
            "current_ratio": 161.06,
            "debt_ratio": 49.78,
            "inventory_turnover_ratio": 2.43,
            "account_receivable_turnover_ratio": null,
            "reinvestment_rate": null,
            "research_to_sale_ratio": null,
            "price_fair": 68.43,
            "eps_avg_yearly": 1.96,
            "eps_latest_yearly": 2.16,
            "eps_growth_yearly": 85.75
        },
        "20074": {
            "year_quarter": 20074,
            "year": 2007,
            "quarter": 4,
            "eps": 0.54,
            "eps_growth_year": 25.58,
            "eps_4q": 1.94,
            "eps_4q_growth_year": 5.92,
            "roe": 3.85,
            "roe_4q": 14.54,
            "gross_profit": 433101,
            "gross_margin": 22.97,
            "gross_margin_4q_avg": 19.55,
            "net_income": 248437,
            "revenue": 1885255,
            "common_shares": 4608540,
            "book_valuer_per_share": 13.41,
            "book_valuer_per_share_4q_avg": 13.2,
            "equity": 6780805,
            "current_ratio": 159.78,
            "debt_ratio": 49.29,
            "inventory_turnover_ratio": 1.99,
            "account_receivable_turnover_ratio": null,
            "reinvestment_rate": null,
            "research_to_sale_ratio": null,
            "price_fair": 69.22,
            "eps_avg_yearly": 1.98,
            "eps_latest_yearly": 2.16,
            "eps_growth_yearly": 76.22
        },
        "20081": {
            "year_quarter": 20081,
            "year": 2008,
            "quarter": 1,
            "eps": -0.05,
            "eps_growth_year": -119.23,
            "eps_4q": 0.62,
            "eps_4q_growth_year": -61.79,
            "roe": -0.9,
            "roe_4q": 11.780000000000001,
            "gross_profit": 246430,
            "gross_margin": 10.99,
            "gross_margin_4q_avg": 18.89,
            "net_income": -60307,
            "revenue": 2241313,
            "common_shares": 4608540,
            "book_valuer_per_share": 13.29,
            "book_valuer_per_share_4q_avg": 13.23,
            "equity": 6683141,
            "current_ratio": 153.11,
            "debt_ratio": 51.13,
            "inventory_turnover_ratio": 2.23,
            "account_receivable_turnover_ratio": null,
            "reinvestment_rate": null,
            "research_to_sale_ratio": null,
            "price_fair": 69.22,
            "eps_avg_yearly": 1.98,
            "eps_latest_yearly": 2.16,
            "eps_growth_yearly": 76.22
        },
        "20082": {
            "year_quarter": 20082,
            "year": 2008,
            "quarter": 2,
            "eps": 0.22,
            "eps_growth_year": -63.33,
            "eps_4q": 1.31,
            "eps_4q_growth_year": -21.28,
            "roe": 1.48,
            "roe_4q": 8.61,
            "gross_profit": 234339,
            "gross_margin": 10.41,
            "gross_margin_4q_avg": 16.63,
            "net_income": 97278,
            "revenue": 2250833,
            "common_shares": 4608540,
            "book_valuer_per_share": 12.87,
            "book_valuer_per_share_4q_avg": 13.22,
            "equity": 6489275,
            "current_ratio": 133.82,
            "debt_ratio": 49.07,
            "inventory_turnover_ratio": 2.34,
            "account_receivable_turnover_ratio": null,
            "reinvestment_rate": null,
            "research_to_sale_ratio": null,
            "price_fair": 69.22,
            "eps_avg_yearly": 1.98,
            "eps_latest_yearly": 2.16,
            "eps_growth_yearly": 76.22
        },
        "20083": {
            "year_quarter": 20083,
            "year": 2008,
            "quarter": 3,
            "eps": 0.24,
            "eps_growth_year": -55.56,
            "eps_4q": 1.04,
            "eps_4q_growth_year": -42.02,
            "roe": 1.58,
            "roe_4q": 6.01,
            "gross_profit": 191946,
            "gross_margin": 9.13,
            "gross_margin_4q_avg": 13.38,
            "net_income": 103388,
            "revenue": 2102626,
            "common_shares": 5018987,
            "book_valuer_per_share": 11.99,
            "book_valuer_per_share_4q_avg": 12.89,
            "equity": 6570190,
            "current_ratio": 134.82,
            "debt_ratio": 48.05,
            "inventory_turnover_ratio": 2.6,
            "account_receivable_turnover_ratio": null,
            "reinvestment_rate": null,
            "research_to_sale_ratio": null,
            "price_fair": 65.66,
            "eps_avg_yearly": 1.88,
            "eps_latest_yearly": 0.96,
            "eps_growth_yearly": 72.23
        },
        "20084": {
            "year_quarter": 20084,
            "year": 2008,
            "quarter": 4,
            "eps": -0.25,
            "eps_growth_year": -146.3,
            "eps_4q": 0.2,
            "eps_4q_growth_year": -89.57,
            "roe": -3.03,
            "roe_4q": -0.8699999999999998,
            "gross_profit": -16970,
            "gross_margin": -1.11,
            "gross_margin_4q_avg": 7.36,
            "net_income": -195577,
            "revenue": 1524143,
            "common_shares": 4957907,
            "book_valuer_per_share": 11.73,
            "book_valuer_per_share_4q_avg": 12.47,
            "equity": 6323034,
            "current_ratio": 159.6,
            "debt_ratio": 49.17,
            "inventory_turnover_ratio": 2.45,
            "account_receivable_turnover_ratio": 1.87,
            "reinvestment_rate": null,
            "research_to_sale_ratio": null,
            "price_fair": 65.66,
            "eps_avg_yearly": 1.88,
            "eps_latest_yearly": 0.96,
            "eps_growth_yearly": 72.23
        },
        "20091": {
            "year_quarter": 20091,
            "year": 2009,
            "quarter": 1,
            "eps": 0.01,
            "eps_growth_year": null,
            "eps_4q": 0.2,
            "eps_4q_growth_year": -67.36,
            "roe": 0.17,
            "roe_4q": 0.20000000000000018,
            "gross_profit": -11895,
            "gross_margin": -0.87,
            "gross_margin_4q_avg": 4.39,
            "net_income": 11013,
            "revenue": 1373126,
            "common_shares": 4957907,
            "book_valuer_per_share": 11.9,
            "book_valuer_per_share_4q_avg": 12.12,
            "equity": 6431129,
            "current_ratio": 130.36,
            "debt_ratio": 45.01,
            "inventory_turnover_ratio": 2.25,
            "account_receivable_turnover_ratio": 0.96,
            "reinvestment_rate": null,
            "research_to_sale_ratio": null,
            "price_fair": 65.66,
            "eps_avg_yearly": 1.88,
            "eps_latest_yearly": 0.96,
            "eps_growth_yearly": 72.23
        },
        "20092": {
            "year_quarter": 20092,
            "year": 2009,
            "quarter": 2,
            "eps": 0.03,
            "eps_growth_year": -86.36,
            "eps_4q": 0.01,
            "eps_4q_growth_year": -99.01,
            "roe": 0.51,
            "roe_4q": -0.7699999999999996,
            "gross_profit": 174064,
            "gross_margin": 9.08,
            "gross_margin_4q_avg": 4.06,
            "net_income": 32697,
            "revenue": 1917553,
            "common_shares": 4957907,
            "book_valuer_per_share": 11.89,
            "book_valuer_per_share_4q_avg": 11.88,
            "equity": 6423697,
            "current_ratio": 126.96,
            "debt_ratio": 46.81,
            "inventory_turnover_ratio": 2.41,
            "account_receivable_turnover_ratio": 1.33,
            "reinvestment_rate": 309.16,
            "research_to_sale_ratio": null,
            "price_fair": 60.07,
            "eps_avg_yearly": 1.72,
            "eps_latest_yearly": 0.12,
            "eps_growth_yearly": 138.4
        },
        "20093": {
            "year_quarter": 20093,
            "year": 2009,
            "quarter": 3,
            "eps": 0.17,
            "eps_growth_year": -29.17,
            "eps_4q": -0.03,
            "eps_4q_growth_year": -102.89,
            "roe": 1.8,
            "roe_4q": -0.5499999999999998,
            "gross_profit": 237544,
            "gross_margin": 10.64,
            "gross_margin_4q_avg": 4.44,
            "net_income": 117370,
            "revenue": 2231504,
            "common_shares": 4907907,
            "book_valuer_per_share": 12.3,
            "book_valuer_per_share_4q_avg": 11.96,
            "equity": 6591281,
            "current_ratio": 129.89,
            "debt_ratio": 46.94,
            "inventory_turnover_ratio": 2.04,
            "account_receivable_turnover_ratio": 1.25,
            "reinvestment_rate": 95.68,
            "research_to_sale_ratio": null,
            "price_fair": 57.05,
            "eps_avg_yearly": 1.63,
            "eps_latest_yearly": 0.68,
            "eps_growth_yearly": 282.42
        },
        "20094": {
            "year_quarter": 20094,
            "year": 2009,
            "quarter": 4,
            "eps": 0.24,
            "eps_growth_year": null,
            "eps_4q": 0.45,
            "eps_4q_growth_year": 123.61,
            "roe": 2.05,
            "roe_4q": 4.529999999999999,
            "gross_profit": 271909,
            "gross_margin": 9.28,
            "gross_margin_4q_avg": 7.03,
            "net_income": 137921,
            "revenue": 2929744,
            "common_shares": 4910137,
            "book_valuer_per_share": 12.86,
            "book_valuer_per_share_4q_avg": 12.24,
            "equity": 6894900,
            "current_ratio": 120.41,
            "debt_ratio": 48.38,
            "inventory_turnover_ratio": 2.54,
            "account_receivable_turnover_ratio": 2.65,
            "reinvestment_rate": 194.34,
            "research_to_sale_ratio": null,
            "price_fair": 51.92,
            "eps_avg_yearly": 1.48,
            "eps_latest_yearly": 0.96,
            "eps_growth_yearly": 256.36
        },
        "20101": {
            "year_quarter": 20101,
            "year": 2010,
            "quarter": 1,
            "eps": 0.37,
            "eps_growth_year": 3600,
            "eps_4q": 0.81,
            "eps_4q_growth_year": 298.51,
            "roe": 2.6,
            "roe_4q": 6.96,
            "gross_profit": 256499,
            "gross_margin": 9.69,
            "gross_margin_4q_avg": 9.67,
            "net_income": 184169,
            "revenue": 2646469,
            "common_shares": 4918817,
            "book_valuer_per_share": 13.17,
            "book_valuer_per_share_4q_avg": 12.56,
            "equity": 7245125,
            "current_ratio": 106.04,
            "debt_ratio": 48.41,
            "inventory_turnover_ratio": 2.19,
            "account_receivable_turnover_ratio": 1.24,
            "reinvestment_rate": 192.88,
            "research_to_sale_ratio": 0.41,
            "price_fair": 51.1,
            "eps_avg_yearly": 1.46,
            "eps_latest_yearly": 1.48,
            "eps_growth_yearly": 286.18
        },
        "20102": {
            "year_quarter": 20102,
            "year": 2010,
            "quarter": 2,
            "eps": 0.53,
            "eps_growth_year": 1650.41,
            "eps_4q": 1.29,
            "eps_4q_growth_year": 9809.22,
            "roe": 3.8,
            "roe_4q": 10.25,
            "gross_profit": 313136,
            "gross_margin": 16,
            "gross_margin_4q_avg": 11.4,
            "net_income": 262496,
            "revenue": 1956783,
            "common_shares": 4918917,
            "book_valuer_per_share": 13.43,
            "book_valuer_per_share_4q_avg": 12.94,
            "equity": 6579470,
            "current_ratio": 91.57,
            "debt_ratio": 52.42,
            "inventory_turnover_ratio": 1.89,
            "account_receivable_turnover_ratio": 1.01,
            "reinvestment_rate": 246.03,
            "research_to_sale_ratio": 0.51,
            "price_fair": 50.75,
            "eps_avg_yearly": 1.45,
            "eps_latest_yearly": 2.12,
            "eps_growth_yearly": 291.5
        },
        "20103": {
            "year_quarter": 20103,
            "year": 2010,
            "quarter": 3,
            "eps": 0.46,
            "eps_growth_year": 168.77,
            "eps_4q": 1.58,
            "eps_4q_growth_year": null,
            "roe": 3.39,
            "roe_4q": 11.84,
            "gross_profit": 389744,
            "gross_margin": 18.76,
            "gross_margin_4q_avg": 13.43,
            "net_income": 228415,
            "revenue": 2077713,
            "common_shares": 5019200,
            "book_valuer_per_share": 13.79,
            "book_valuer_per_share_4q_avg": 13.31,
            "equity": 6891683,
            "current_ratio": 101.12,
            "debt_ratio": 55.19,
            "inventory_turnover_ratio": 3.31,
            "account_receivable_turnover_ratio": 1.15,
            "reinvestment_rate": 332.57,
            "research_to_sale_ratio": 0.39,
            "price_fair": 51.45,
            "eps_avg_yearly": 1.47,
            "eps_latest_yearly": 1.84,
            "eps_growth_yearly": 296.62
        },
        "20104": {
            "year_quarter": 20104,
            "year": 2010,
            "quarter": 4,
            "eps": 0.57,
            "eps_growth_year": 136.55,
            "eps_4q": 1.91,
            "eps_4q_growth_year": 322.3,
            "roe": 4.05,
            "roe_4q": 13.839999999999998,
            "gross_profit": 454037,
            "gross_margin": 19.53,
            "gross_margin_4q_avg": 16,
            "net_income": 283961,
            "revenue": 2324507,
            "common_shares": 5021450,
            "book_valuer_per_share": 14.25,
            "book_valuer_per_share_4q_avg": 13.66,
            "equity": 7126160,
            "current_ratio": 116.4,
            "debt_ratio": 57.1,
            "inventory_turnover_ratio": 3.42,
            "account_receivable_turnover_ratio": 1.31,
            "reinvestment_rate": 387.8,
            "research_to_sale_ratio": 0.57,
            "price_fair": 53.08,
            "eps_avg_yearly": 1.52,
            "eps_latest_yearly": 2.28,
            "eps_growth_yearly": 302.09
        },
        "20111": {
            "year_quarter": 20111,
            "year": 2011,
            "quarter": 1,
            "eps": 0.39,
            "eps_growth_year": 5.41,
            "eps_4q": 1.93,
            "eps_4q_growth_year": 138.57,
            "roe": 2.68,
            "roe_4q": 13.920000000000002,
            "gross_profit": 300205,
            "gross_margin": 14.51,
            "gross_margin_4q_avg": 17.2,
            "net_income": 193532,
            "revenue": 2069269,
            "common_shares": 5025720,
            "book_valuer_per_share": 14.6,
            "book_valuer_per_share_4q_avg": 14.02,
            "equity": 7308432,
            "current_ratio": 113.48,
            "debt_ratio": 56.4,
            "inventory_turnover_ratio": 3.1,
            "account_receivable_turnover_ratio": 1.14,
            "reinvestment_rate": 332.03,
            "research_to_sale_ratio": 0.54,
            "price_fair": 54.6,
            "eps_avg_yearly": 1.56,
            "eps_latest_yearly": 1.56,
            "eps_growth_yearly": 304.75
        },
        "20112": {
            "year_quarter": 20112,
            "year": 2011,
            "quarter": 2,
            "eps": 0.54,
            "eps_growth_year": 3.58,
            "eps_4q": 1.95,
            "eps_4q_growth_year": 51.53,
            "roe": 3.75,
            "roe_4q": 13.870000000000001,
            "gross_profit": 419011,
            "gross_margin": 18.86,
            "gross_margin_4q_avg": 17.92,
            "net_income": 272282,
            "revenue": 2221850,
            "common_shares": 5025720,
            "book_valuer_per_share": 14.44,
            "book_valuer_per_share_4q_avg": 14.27,
            "equity": 7229418,
            "current_ratio": 125.27,
            "debt_ratio": 58.66,
            "inventory_turnover_ratio": 2.75,
            "account_receivable_turnover_ratio": 1.17,
            "reinvestment_rate": 347.09,
            "research_to_sale_ratio": 0.64,
            "price_fair": 53.9,
            "eps_avg_yearly": 1.54,
            "eps_latest_yearly": 2.16,
            "eps_growth_yearly": 273.98
        },
        "20113": {
            "year_quarter": 20113,
            "year": 2011,
            "quarter": 3,
            "eps": 0.39,
            "eps_growth_year": -13.59,
            "eps_4q": 1.89,
            "eps_4q_growth_year": 20.09,
            "roe": 2.71,
            "roe_4q": 13.190000000000001,
            "gross_profit": 321422,
            "gross_margin": 14.98,
            "gross_margin_4q_avg": 16.97,
            "net_income": 197632,
            "revenue": 2145279,
            "common_shares": 5025720,
            "book_valuer_per_share": 14.73,
            "book_valuer_per_share_4q_avg": 14.51,
            "equity": 7375461,
            "current_ratio": 123.97,
            "debt_ratio": 58.12,
            "inventory_turnover_ratio": 2.43,
            "account_receivable_turnover_ratio": 1.1,
            "reinvestment_rate": 321.88,
            "research_to_sale_ratio": 0.76,
            "price_fair": 52.15,
            "eps_avg_yearly": 1.49,
            "eps_latest_yearly": 1.56,
            "eps_growth_yearly": 268.05
        },
        "20114": {
            "year_quarter": 20114,
            "year": 2011,
            "quarter": 4,
            "eps": -1.1,
            "eps_growth_year": -294,
            "eps_4q": 0.22,
            "eps_4q_growth_year": -88.27,
            "roe": -7.75,
            "roe_4q": 1.3900000000000001,
            "gross_profit": 179814,
            "gross_margin": 10.23,
            "gross_margin_4q_avg": 14.65,
            "net_income": -551306,
            "revenue": 1757583,
            "common_shares": 5025720,
            "book_valuer_per_share": 13.68,
            "book_valuer_per_share_4q_avg": 14.36,
            "equity": 6845418,
            "current_ratio": 133.86,
            "debt_ratio": 59.32,
            "inventory_turnover_ratio": 2.14,
            "account_receivable_turnover_ratio": 1.13,
            "reinvestment_rate": 482.02,
            "research_to_sale_ratio": 1.11,
            "price_fair": 50.02,
            "eps_avg_yearly": 1.43,
            "eps_latest_yearly": 1.56,
            "eps_growth_yearly": 292.42
        },
        "20121": {
            "year_quarter": 20121,
            "year": 2012,
            "quarter": 1,
            "eps": 0.27,
            "eps_growth_year": -30.77,
            "eps_4q": 0.11,
            "eps_4q_growth_year": -94.47,
            "roe": 1.96,
            "roe_4q": 0.6699999999999999,
            "gross_profit": 200544,
            "gross_margin": 10.84,
            "gross_margin_4q_avg": 13.73,
            "net_income": 134972,
            "revenue": 1850612,
            "common_shares": 5026680,
            "book_valuer_per_share": 13.81,
            "book_valuer_per_share_4q_avg": 14.17,
            "equity": 6912747,
            "current_ratio": 109.53,
            "debt_ratio": 60.44,
            "inventory_turnover_ratio": 2.28,
            "account_receivable_turnover_ratio": 1.46,
            "reinvestment_rate": 402.62,
            "research_to_sale_ratio": 0.68,
            "price_fair": 50.02,
            "eps_avg_yearly": 1.43,
            "eps_latest_yearly": 1.56,
            "eps_growth_yearly": 292.42
        },
        "20122": {
            "year_quarter": 20122,
            "year": 2012,
            "quarter": 2,
            "eps": -0.97,
            "eps_growth_year": -278.82,
            "eps_4q": -1.41,
            "eps_4q_growth_year": -172.13,
            "roe": -7.32,
            "roe_4q": -10.399999999999999,
            "gross_profit": 315476,
            "gross_margin": 14.38,
            "gross_margin_4q_avg": 12.61,
            "net_income": -486981,
            "revenue": 2194546,
            "common_shares": 5026680,
            "book_valuer_per_share": 12.77,
            "book_valuer_per_share_4q_avg": 13.75,
            "equity": 6393692,
            "current_ratio": 114.28,
            "debt_ratio": 59.39,
            "inventory_turnover_ratio": 2.41,
            "account_receivable_turnover_ratio": 1.78,
            "reinvestment_rate": 584,
            "research_to_sale_ratio": 0.69,
            "price_fair": 50.02,
            "eps_avg_yearly": 1.43,
            "eps_latest_yearly": 1.56,
            "eps_growth_yearly": 292.42
        },
        "20123": {
            "year_quarter": 20123,
            "year": 2012,
            "quarter": 3,
            "eps": 0.24,
            "eps_growth_year": -39.63,
            "eps_4q": -1.57,
            "eps_4q_growth_year": -182.73,
            "roe": 1.85,
            "roe_4q": -11.260000000000002,
            "gross_profit": 234040,
            "gross_margin": 10.8,
            "gross_margin_4q_avg": 11.56,
            "net_income": 119340,
            "revenue": 2167225,
            "common_shares": 5026680,
            "book_valuer_per_share": 13,
            "book_valuer_per_share_4q_avg": 13.32,
            "equity": 6508316,
            "current_ratio": 72.88,
            "debt_ratio": 60.6,
            "inventory_turnover_ratio": 2.3,
            "account_receivable_turnover_ratio": 1.76,
            "reinvestment_rate": 655.39,
            "research_to_sale_ratio": 0.58,
            "price_fair": 51.66,
            "eps_avg_yearly": 1.48,
            "eps_latest_yearly": 1.56,
            "eps_growth_yearly": 318.03
        },
        "20124": {
            "year_quarter": 20124,
            "year": 2012,
            "quarter": 4,
            "eps": 0.01,
            "eps_growth_year": null,
            "eps_4q": -0.46,
            "eps_4q_growth_year": -303.48,
            "roe": 0.07,
            "roe_4q": -3.4400000000000004,
            "gross_profit": 79019,
            "gross_margin": 3.8,
            "gross_margin_4q_avg": 9.96,
            "net_income": 4442,
            "revenue": 2080630,
            "common_shares": 5026680,
            "book_valuer_per_share": 12.99,
            "book_valuer_per_share_4q_avg": 13.14,
            "equity": 6501290,
            "current_ratio": 120.06,
            "debt_ratio": 59.19,
            "inventory_turnover_ratio": 2.31,
            "account_receivable_turnover_ratio": 1.6,
            "reinvestment_rate": 620.95,
            "research_to_sale_ratio": 1,
            "price_fair": 47.09,
            "eps_avg_yearly": 1.35,
            "eps_latest_yearly": 0.04,
            "eps_growth_yearly": 254.27
        },
        "20131": {
            "year_quarter": 20131,
            "year": 2013,
            "quarter": 1,
            "eps": 0.03,
            "eps_growth_year": -88.89,
            "eps_4q": -0.7,
            "eps_4q_growth_year": -752.98,
            "roe": 0.21,
            "roe_4q": -5.19,
            "gross_profit": 96752,
            "gross_margin": 4.99,
            "gross_margin_4q_avg": 8.49,
            "net_income": 13334,
            "revenue": 1937215,
            "common_shares": 5026680,
            "book_valuer_per_share": 12.98,
            "book_valuer_per_share_4q_avg": 12.94,
            "equity": 6500539,
            "current_ratio": 54.42,
            "debt_ratio": 59.53,
            "inventory_turnover_ratio": 2.01,
            "account_receivable_turnover_ratio": 1.67,
            "reinvestment_rate": 515.54,
            "research_to_sale_ratio": 0.84,
            "price_fair": 43.52,
            "eps_avg_yearly": 1.24,
            "eps_latest_yearly": 0.12,
            "eps_growth_yearly": 299.74
        },
        "20132": {
            "year_quarter": 20132,
            "year": 2013,
            "quarter": 2,
            "eps": 0.18,
            "eps_growth_year": null,
            "eps_4q": 0.46,
            "eps_4q_growth_year": null,
            "roe": 1.41,
            "roe_4q": 3.54,
            "gross_profit": 200697,
            "gross_margin": 9.02,
            "gross_margin_4q_avg": 7.15,
            "net_income": 92284,
            "revenue": 2226079,
            "common_shares": 5006680,
            "book_valuer_per_share": 13.26,
            "book_valuer_per_share_4q_avg": 13.06,
            "equity": 6600871,
            "current_ratio": 126.96,
            "debt_ratio": 59.34,
            "inventory_turnover_ratio": 2.07,
            "account_receivable_turnover_ratio": 1.98,
            "reinvestment_rate": 483.29,
            "research_to_sale_ratio": 0.71,
            "price_fair": 45.27,
            "eps_avg_yearly": 1.29,
            "eps_latest_yearly": 0.72,
            "eps_growth_yearly": 399.74
        },
        "20133": {
            "year_quarter": 20133,
            "year": 2013,
            "quarter": 3,
            "eps": 0.29,
            "eps_growth_year": 21.66,
            "eps_4q": 0.51,
            "eps_4q_growth_year": null,
            "roe": 2.17,
            "roe_4q": 3.86,
            "gross_profit": 272367,
            "gross_margin": 11.32,
            "gross_margin_4q_avg": 7.28,
            "net_income": 144793,
            "revenue": 2406248,
            "common_shares": 5006680,
            "book_valuer_per_share": 13.52,
            "book_valuer_per_share_4q_avg": 13.19,
            "equity": 6728368,
            "current_ratio": 102.57,
            "debt_ratio": 57.85,
            "inventory_turnover_ratio": 2.22,
            "account_receivable_turnover_ratio": 2.07,
            "reinvestment_rate": 470.41,
            "research_to_sale_ratio": 0.61,
            "price_fair": 46.67,
            "eps_avg_yearly": 1.33,
            "eps_latest_yearly": 1.16,
            "eps_growth_yearly": 264.56
        },
        "20134": {
            "year_quarter": 20134,
            "year": 2013,
            "quarter": 4,
            "eps": 0.14,
            "eps_growth_year": 1529.94,
            "eps_4q": 0.65,
            "eps_4q_growth_year": null,
            "roe": 1.06,
            "roe_4q": 4.85,
            "gross_profit": 93739,
            "gross_margin": 4.07,
            "gross_margin_4q_avg": 7.35,
            "net_income": 71967,
            "revenue": 2301043,
            "common_shares": 5006680,
            "book_valuer_per_share": 13.7,
            "book_valuer_per_share_4q_avg": 13.37,
            "equity": 6815590,
            "current_ratio": 125.05,
            "debt_ratio": 58.77,
            "inventory_turnover_ratio": 2.46,
            "account_receivable_turnover_ratio": 1.72,
            "reinvestment_rate": 280.43,
            "research_to_sale_ratio": 0.8,
            "price_fair": 45.5,
            "eps_avg_yearly": 1.3,
            "eps_latest_yearly": 0.56,
            "eps_growth_yearly": 233.59
        },
        "20141": {
            "year_quarter": 20141,
            "year": 2014,
            "quarter": 1,
            "eps": 0.2,
            "eps_growth_year": 566.67,
            "eps_4q": 0.82,
            "eps_4q_growth_year": null,
            "roe": 1.43,
            "roe_4q": 6.07,
            "gross_profit": 213358,
            "gross_margin": 9.58,
            "gross_margin_4q_avg": 8.5,
            "net_income": 98451,
            "revenue": 2227996,
            "common_shares": 5006680,
            "book_valuer_per_share": 13.92,
            "book_valuer_per_share_4q_avg": 13.6,
            "equity": 6928098,
            "current_ratio": 102.78,
            "debt_ratio": 58.66,
            "inventory_turnover_ratio": 2.14,
            "account_receivable_turnover_ratio": 1.47,
            "reinvestment_rate": 362.76,
            "research_to_sale_ratio": 0.85,
            "price_fair": 43.52,
            "eps_avg_yearly": 1.24,
            "eps_latest_yearly": 0.8,
            "eps_growth_yearly": 229.82
        },
        "20142": {
            "year_quarter": 20142,
            "year": 2014,
            "quarter": 2,
            "eps": 0.53,
            "eps_growth_year": 194.44,
            "eps_4q": 1.16,
            "eps_4q_growth_year": 152.53,
            "roe": 3.75,
            "roe_4q": 8.41,
            "gross_profit": 456047,
            "gross_margin": 17.32,
            "gross_margin_4q_avg": 10.57,
            "net_income": 264085,
            "revenue": 2633187,
            "common_shares": 5006680,
            "book_valuer_per_share": 14.41,
            "book_valuer_per_share_4q_avg": 13.89,
            "equity": 7169080,
            "current_ratio": 126.61,
            "debt_ratio": 57.44,
            "inventory_turnover_ratio": 2.34,
            "account_receivable_turnover_ratio": 1.51,
            "reinvestment_rate": 281.15,
            "research_to_sale_ratio": 0.62,
            "price_fair": 43.52,
            "eps_avg_yearly": 1.24,
            "eps_latest_yearly": 2.12,
            "eps_growth_yearly": 270.41
        },
        "20143": {
            "year_quarter": 20143,
            "year": 2014,
            "quarter": 3,
            "eps": 0.63,
            "eps_growth_year": 117.24,
            "eps_4q": 1.5,
            "eps_4q_growth_year": 192.59,
            "roe": 4.24,
            "roe_4q": 10.48,
            "gross_profit": 443512,
            "gross_margin": 16.26,
            "gross_margin_4q_avg": 11.81,
            "net_income": 311163,
            "revenue": 2728044,
            "common_shares": 5006680,
            "book_valuer_per_share": 15.07,
            "book_valuer_per_share_4q_avg": 14.28,
            "equity": 7499084,
            "current_ratio": 126.02,
            "debt_ratio": 55.94,
            "inventory_turnover_ratio": 2.83,
            "account_receivable_turnover_ratio": 1.24,
            "reinvestment_rate": 95.07,
            "research_to_sale_ratio": 0.62,
            "price_fair": 45.5,
            "eps_avg_yearly": 1.3,
            "eps_latest_yearly": 2.52,
            "eps_growth_yearly": 281.1
        },
        "20144": {
            "year_quarter": 20144,
            "year": 2014,
            "quarter": 4,
            "eps": 0.4,
            "eps_growth_year": 179.44,
            "eps_4q": 1.75,
            "eps_4q_growth_year": 170.19,
            "roe": 2.64,
            "roe_4q": 12.06,
            "gross_profit": 253322,
            "gross_margin": 10.44,
            "gross_margin_4q_avg": 13.4,
            "net_income": 202241,
            "revenue": 2426425,
            "common_shares": 5006680,
            "book_valuer_per_share": 15.63,
            "book_valuer_per_share_4q_avg": 14.76,
            "equity": 7823389,
            "current_ratio": 156.34,
            "debt_ratio": 53.17,
            "inventory_turnover_ratio": 2.84,
            "account_receivable_turnover_ratio": 1.21,
            "reinvestment_rate": -130.96,
            "research_to_sale_ratio": 0.68,
            "price_fair": 43.52,
            "eps_avg_yearly": 1.24,
            "eps_latest_yearly": 1.6,
            "eps_growth_yearly": 260.96
        },
        "20151": {
            "year_quarter": 20151,
            "year": 2015,
            "quarter": 1,
            "eps": -0.09,
            "eps_growth_year": -145,
            "eps_4q": 1.46,
            "eps_4q_growth_year": 78.33,
            "roe": -0.6,
            "roe_4q": 10.030000000000001,
            "gross_profit": 95694,
            "gross_margin": 4.99,
            "gross_margin_4q_avg": 12.25,
            "net_income": -46694,
            "revenue": 1917062,
            "common_shares": 5006680,
            "book_valuer_per_share": 15.6,
            "book_valuer_per_share_4q_avg": 15.18,
            "equity": 7806734,
            "current_ratio": 110.02,
            "debt_ratio": 53.65,
            "inventory_turnover_ratio": 2.47,
            "account_receivable_turnover_ratio": 1.42,
            "reinvestment_rate": 6.65,
            "research_to_sale_ratio": 0.64,
            "price_fair": 42.51,
            "eps_avg_yearly": 1.21,
            "eps_latest_yearly": 1.6,
            "eps_growth_yearly": 296.17
        },
        "20152": {
            "year_quarter": 20152,
            "year": 2015,
            "quarter": 2,
            "eps": -0.09,
            "eps_growth_year": -116.98,
            "eps_4q": 0.84,
            "eps_4q_growth_year": -27.62,
            "roe": -0.59,
            "roe_4q": 5.69,
            "gross_profit": 112745,
            "gross_margin": 5.9,
            "gross_margin_4q_avg": 9.4,
            "net_income": -45022,
            "revenue": 1910692,
            "common_shares": 5006680,
            "book_valuer_per_share": 15.06,
            "book_valuer_per_share_4q_avg": 15.34,
            "equity": 7536731,
            "current_ratio": 159.8,
            "debt_ratio": 54.14,
            "inventory_turnover_ratio": 2.6,
            "account_receivable_turnover_ratio": 1.85,
            "reinvestment_rate": -233.61,
            "research_to_sale_ratio": 0.74,
            "price_fair": 39.2,
            "eps_avg_yearly": 1.12,
            "eps_latest_yearly": 1.6,
            "eps_growth_yearly": 310.4
        },
        "20153": {
            "year_quarter": 20153,
            "year": 2015,
            "quarter": 3,
            "eps": 0.31,
            "eps_growth_year": -50.79,
            "eps_4q": 0.54,
            "eps_4q_growth_year": -63.88,
            "roe": 1.99,
            "roe_4q": 3.44,
            "gross_profit": 116067,
            "gross_margin": 5.93,
            "gross_margin_4q_avg": 6.82,
            "net_income": 150736,
            "revenue": 1955995,
            "common_shares": 5006680,
            "book_valuer_per_share": 15.74,
            "book_valuer_per_share_4q_avg": 15.51,
            "equity": 7598532,
            "current_ratio": 174.59,
            "debt_ratio": 51.65,
            "inventory_turnover_ratio": 2.73,
            "account_receivable_turnover_ratio": 1.94,
            "reinvestment_rate": -311.56,
            "research_to_sale_ratio": 0.91,
            "price_fair": 37.49,
            "eps_avg_yearly": 1.07,
            "eps_latest_yearly": 1.6,
            "eps_growth_yearly": 357.23
        },
        "20154": {
            "year_quarter": 20154,
            "year": 2015,
            "quarter": 4,
            "eps": 0.18,
            "eps_growth_year": -56.23,
            "eps_4q": 0.3,
            "eps_4q_growth_year": -82.84,
            "roe": 1.11,
            "roe_4q": 1.9100000000000001,
            "gross_profit": 237266,
            "gross_margin": 11.14,
            "gross_margin_4q_avg": 6.99,
            "net_income": 84510,
            "revenue": 2129846,
            "common_shares": 4829630,
            "book_valuer_per_share": 16.05,
            "book_valuer_per_share_4q_avg": 15.61,
            "equity": 7666831,
            "current_ratio": 152.38,
            "debt_ratio": 50.57,
            "inventory_turnover_ratio": 2.69,
            "account_receivable_turnover_ratio": 2.15,
            "reinvestment_rate": -208.05,
            "research_to_sale_ratio": 1.28,
            "price_fair": 36.26,
            "eps_avg_yearly": 1.04,
            "eps_latest_yearly": 0.72,
            "eps_growth_yearly": 304.73
        },
        "20161": {
            "year_quarter": 20161,
            "year": 2016,
            "quarter": 1,
            "eps": -0.16,
            "eps_growth_year": null,
            "eps_4q": 0.24,
            "eps_4q_growth_year": -83.51,
            "roe": -0.98,
            "roe_4q": 1.5300000000000002,
            "gross_profit": 66079,
            "gross_margin": 3.54,
            "gross_margin_4q_avg": 6.63,
            "net_income": -75210,
            "revenue": 1865063,
            "common_shares": 4829630,
            "book_valuer_per_share": 16.14,
            "book_valuer_per_share_4q_avg": 15.75,
            "equity": 7713292,
            "current_ratio": 157.98,
            "debt_ratio": 49.07,
            "inventory_turnover_ratio": 2.32,
            "account_receivable_turnover_ratio": 1.82,
            "reinvestment_rate": -254.55,
            "research_to_sale_ratio": 0.92,
            "price_fair": 36.26,
            "eps_avg_yearly": 1.04,
            "eps_latest_yearly": 0.72,
            "eps_growth_yearly": 304.73
        },
        "20162": {
            "year_quarter": 20162,
            "year": 2016,
            "quarter": 2,
            "eps": 0.19,
            "eps_growth_year": null,
            "eps_4q": 0.53,
            "eps_4q_growth_year": -36.62,
            "roe": 1.2,
            "roe_4q": 3.3200000000000003,
            "gross_profit": 187486,
            "gross_margin": 9.21,
            "gross_margin_4q_avg": 7.46,
            "net_income": 92436,
            "revenue": 2034823,
            "common_shares": 4827700,
            "book_valuer_per_share": 16.22,
            "book_valuer_per_share_4q_avg": 16.04,
            "equity": 7667294,
            "current_ratio": 144.17,
            "debt_ratio": 48.98,
            "inventory_turnover_ratio": 2.08,
            "account_receivable_turnover_ratio": 1.59,
            "reinvestment_rate": -135.89,
            "research_to_sale_ratio": 1.36,
            "price_fair": 36.26,
            "eps_avg_yearly": 1.04,
            "eps_latest_yearly": 0.72,
            "eps_growth_yearly": 304.73
        },
        "20163": {
            "year_quarter": 20163,
            "year": 2016,
            "quarter": 3,
            "eps": 0.22,
            "eps_growth_year": -29.03,
            "eps_4q": 0.44,
            "eps_4q_growth_year": -18.85,
            "roe": 1.36,
            "roe_4q": 2.6900000000000004,
            "gross_profit": 298640,
            "gross_margin": 13.35,
            "gross_margin_4q_avg": 9.31,
            "net_income": 105878,
            "revenue": 2236522,
            "common_shares": 4827700,
            "book_valuer_per_share": 16.66,
            "book_valuer_per_share_4q_avg": 16.27,
            "equity": 7875581,
            "current_ratio": 141.24,
            "debt_ratio": 47.97,
            "inventory_turnover_ratio": 1.98,
            "account_receivable_turnover_ratio": 1.64,
            "reinvestment_rate": -171.02,
            "research_to_sale_ratio": 1.07,
            "price_fair": 35.76,
            "eps_avg_yearly": 1.02,
            "eps_latest_yearly": 0.88,
            "eps_growth_yearly": 282.77
        },
        "20164": {
            "year_quarter": 20164,
            "year": 2016,
            "quarter": 4,
            "eps": 0.67,
            "eps_growth_year": 279.37,
            "eps_4q": 0.93,
            "eps_4q_growth_year": 210.05,
            "roe": 3.98,
            "roe_4q": 5.5600000000000005,
            "gross_profit": 396464,
            "gross_margin": 15.18,
            "gross_margin_4q_avg": 10.32,
            "net_income": 317250,
            "revenue": 2611990,
            "common_shares": 4827700,
            "book_valuer_per_share": 17.09,
            "book_valuer_per_share_4q_avg": 16.53,
            "equity": 8077934,
            "current_ratio": 114.53,
            "debt_ratio": 48.59,
            "inventory_turnover_ratio": 2.25,
            "account_receivable_turnover_ratio": 2,
            "reinvestment_rate": -177.22,
            "research_to_sale_ratio": 1.11,
            "price_fair": 44.16,
            "eps_avg_yearly": 1.26,
            "eps_latest_yearly": 2.68,
            "eps_growth_yearly": 392
        },
        "20171": {
            "year_quarter": 20171,
            "year": 2017,
            "quarter": 1,
            "eps": 0.13,
            "eps_growth_year": null,
            "eps_4q": 1.22,
            "eps_4q_growth_year": 407.36,
            "roe": 0.76,
            "roe_4q": 7.300000000000001,
            "gross_profit": 295084,
            "gross_margin": 13.3,
            "gross_margin_4q_avg": 12.76,
            "net_income": 61867,
            "revenue": 2218496,
            "common_shares": 4827700,
            "book_valuer_per_share": 17.4,
            "book_valuer_per_share_4q_avg": 16.84,
            "equity": 8223999,
            "current_ratio": 123.14,
            "debt_ratio": 46.53,
            "inventory_turnover_ratio": 1.85,
            "account_receivable_turnover_ratio": 2.1,
            "reinvestment_rate": -102.63,
            "research_to_sale_ratio": 1.12,
            "price_fair": 45.44,
            "eps_avg_yearly": 1.3,
            "eps_latest_yearly": 0.52,
            "eps_growth_yearly": 289.97
        },
        "20172": {
            "year_quarter": 20172,
            "year": 2017,
            "quarter": 2,
            "eps": 0.19,
            "eps_growth_year": 0,
            "eps_4q": 1.22,
            "eps_4q_growth_year": 128.32,
            "roe": 1.1,
            "roe_4q": 7.2,
            "gross_profit": 255076,
            "gross_margin": 11.33,
            "gross_margin_4q_avg": 13.29,
            "net_income": 91461,
            "revenue": 2250903,
            "common_shares": 4827700,
            "book_valuer_per_share": 17.72,
            "book_valuer_per_share_4q_avg": 17.22,
            "equity": 8377797,
            "current_ratio": 118.77,
            "debt_ratio": 46.49,
            "inventory_turnover_ratio": 1.91,
            "account_receivable_turnover_ratio": 2.33,
            "reinvestment_rate": -91.15,
            "research_to_sale_ratio": 1.1,
            "price_fair": 45.56,
            "eps_avg_yearly": 1.3,
            "eps_latest_yearly": 0.76,
            "eps_growth_yearly": 124.93
        },
        "20173": {
            "year_quarter": 20173,
            "year": 2017,
            "quarter": 3,
            "eps": 0.53,
            "eps_growth_year": 140.91,
            "eps_4q": 1.52,
            "eps_4q_growth_year": 246.17,
            "roe": 2.87,
            "roe_4q": 8.71,
            "gross_profit": 395929,
            "gross_margin": 16,
            "gross_margin_4q_avg": 13.95,
            "net_income": 248260,
            "revenue": 2473776,
            "common_shares": 4828557,
            "book_valuer_per_share": 18.92,
            "book_valuer_per_share_4q_avg": 17.78,
            "equity": 8944207,
            "current_ratio": 127.36,
            "debt_ratio": 44.1,
            "inventory_turnover_ratio": 2.13,
            "account_receivable_turnover_ratio": 2.35,
            "reinvestment_rate": -63.26,
            "research_to_sale_ratio": 1.07,
            "price_fair": 48.62,
            "eps_avg_yearly": 1.39,
            "eps_latest_yearly": 2.12,
            "eps_growth_yearly": 167.78
        },
        "20174": {
            "year_quarter": 20174,
            "year": 2017,
            "quarter": 4,
            "eps": 0.52,
            "eps_growth_year": -22.99,
            "eps_4q": 1.29,
            "eps_4q_growth_year": 38.33,
            "roe": 2.81,
            "roe_4q": 7.539999999999999,
            "gross_profit": 399837,
            "gross_margin": 16.07,
            "gross_margin_4q_avg": 14.18,
            "net_income": 268948,
            "revenue": 2488576,
            "common_shares": 5263811,
            "book_valuer_per_share": 19.56,
            "book_valuer_per_share_4q_avg": 18.4,
            "equity": 10182108,
            "current_ratio": 157.05,
            "debt_ratio": 37.87,
            "inventory_turnover_ratio": 2.19,
            "account_receivable_turnover_ratio": 2.22,
            "reinvestment_rate": -40.61,
            "research_to_sale_ratio": 0.98,
            "price_fair": 53.45,
            "eps_avg_yearly": 1.53,
            "eps_latest_yearly": 2.08,
            "eps_growth_yearly": 185.9
        },
        "20181": {
            "year_quarter": 20181,
            "year": 2018,
            "quarter": 1,
            "eps": 0.1,
            "eps_growth_year": -23.08,
            "eps_4q": 1.27,
            "eps_4q_growth_year": 4.04,
            "roe": 0.52,
            "roe_4q": 7.300000000000001,
            "gross_profit": 246059,
            "gross_margin": 11.18,
            "gross_margin_4q_avg": 13.65,
            "net_income": 53889,
            "revenue": 2200703,
            "common_shares": 5263811,
            "book_valuer_per_share": 20.21,
            "book_valuer_per_share_4q_avg": 19.1,
            "equity": 10534772,
            "current_ratio": 183.62,
            "debt_ratio": 38.97,
            "inventory_turnover_ratio": 3,
            "account_receivable_turnover_ratio": 1.86,
            "reinvestment_rate": -127.03,
            "research_to_sale_ratio": 0.9,
            "price_fair": 52.18,
            "eps_avg_yearly": 1.49,
            "eps_latest_yearly": 0.4,
            "eps_growth_yearly": 140.95
        },
        "20182": {
            "year_quarter": 20182,
            "year": 2018,
            "quarter": 2,
            "eps": 0.42,
            "eps_growth_year": 121.05,
            "eps_4q": 1.52,
            "eps_4q_growth_year": 24.5,
            "roe": 1.77,
            "roe_4q": 7.97,
            "gross_profit": 259495,
            "gross_margin": 12.08,
            "gross_margin_4q_avg": 13.83,
            "net_income": 220410,
            "revenue": 2147502,
            "common_shares": 5263811,
            "book_valuer_per_share": 27.64,
            "book_valuer_per_share_4q_avg": 21.58,
            "equity": 14409659,
            "current_ratio": 146.59,
            "debt_ratio": 33.02,
            "inventory_turnover_ratio": 5.05,
            "account_receivable_turnover_ratio": 1.5,
            "reinvestment_rate": -125.66,
            "research_to_sale_ratio": 0.95,
            "price_fair": 50.78,
            "eps_avg_yearly": 1.45,
            "eps_latest_yearly": 1.68,
            "eps_growth_yearly": 197.31
        },
        "20183": {
            "year_quarter": 20183,
            "year": 2018,
            "quarter": 3,
            "eps": 0.03,
            "eps_growth_year": -94.34,
            "eps_4q": 1.07,
            "eps_4q_growth_year": -29.41,
            "roe": 0.12,
            "roe_4q": 5.220000000000001,
            "gross_profit": 241705,
            "gross_margin": 11,
            "gross_margin_4q_avg": 12.58,
            "net_income": 16234,
            "revenue": 2197265,
            "common_shares": 5263811,
            "book_valuer_per_share": 22.17,
            "book_valuer_per_share_4q_avg": 22.4,
            "equity": 11557696,
            "current_ratio": 158.56,
            "debt_ratio": 36.45,
            "inventory_turnover_ratio": 5,
            "account_receivable_turnover_ratio": 1.35,
            "reinvestment_rate": -153.6,
            "research_to_sale_ratio": 0.86,
            "price_fair": 43.15,
            "eps_avg_yearly": 1.23,
            "eps_latest_yearly": 0.12,
            "eps_growth_yearly": 156.68
        },
        "20184": {
            "year_quarter": 20184,
            "year": 2018,
            "quarter": 4,
            "eps": 0.22,
            "eps_growth_year": -56.77,
            "eps_4q": 0.79,
            "eps_4q_growth_year": -38.75,
            "roe": 1.03,
            "roe_4q": 3.44,
            "gross_profit": 144112,
            "gross_margin": 7.18,
            "gross_margin_4q_avg": 10.36,
            "net_income": 114736,
            "revenue": 2007279,
            "common_shares": 5263811,
            "book_valuer_per_share": 20.94,
            "book_valuer_per_share_4q_avg": 22.74,
            "equity": 10753053,
            "current_ratio": 130.93,
            "debt_ratio": 37.61,
            "inventory_turnover_ratio": 4.7,
            "account_receivable_turnover_ratio": 1.42,
            "reinvestment_rate": -121.22,
            "research_to_sale_ratio": 0.88,
            "price_fair": 40.85,
            "eps_avg_yearly": 1.17,
            "eps_latest_yearly": 0.88,
            "eps_growth_yearly": 400.26
        },
        "20191": {
            "year_quarter": 20191,
            "year": 2019,
            "quarter": 1,
            "eps": -0.22,
            "eps_growth_year": -320,
            "eps_4q": 0.47,
            "eps_4q_growth_year": -62.92,
            "roe": -1.02,
            "roe_4q": 1.9,
            "gross_profit": -32218,
            "gross_margin": -1.98,
            "gross_margin_4q_avg": 7.07,
            "net_income": -112747,
            "revenue": 1627384,
            "common_shares": 5063811,
            "book_valuer_per_share": 22.21,
            "book_valuer_per_share_4q_avg": 23.24,
            "equity": 11245649,
            "current_ratio": 126.39,
            "debt_ratio": 36.14,
            "inventory_turnover_ratio": 4.14,
            "account_receivable_turnover_ratio": 1.26,
            "reinvestment_rate": -195.53,
            "research_to_sale_ratio": 0.53,
            "price_fair": 40.85,
            "eps_avg_yearly": 1.17,
            "eps_latest_yearly": 0.88,
            "eps_growth_yearly": 400.26
        },
        "20192": {
            "year_quarter": 20192,
            "year": 2019,
            "quarter": 2,
            "eps": -0.18,
            "eps_growth_year": -142.86,
            "eps_4q": -0.14,
            "eps_4q_growth_year": -109.33,
            "roe": -0.83,
            "roe_4q": -0.7000000000000001,
            "gross_profit": -94925,
            "gross_margin": -5.98,
            "gross_margin_4q_avg": 2.56,
            "net_income": -89928,
            "revenue": 1587833,
            "common_shares": 5063811,
            "book_valuer_per_share": 20.69,
            "book_valuer_per_share_4q_avg": 21.5,
            "equity": 10477485,
            "current_ratio": 183.05,
            "debt_ratio": 37.61,
            "inventory_turnover_ratio": 4.27,
            "account_receivable_turnover_ratio": 1.15,
            "reinvestment_rate": -176.32,
            "research_to_sale_ratio": 0.86,
            "price_fair": 40.85,
            "eps_avg_yearly": 1.17,
            "eps_latest_yearly": 0.88,
            "eps_growth_yearly": 400.26
        },
        "20193": {
            "year_quarter": 20193,
            "year": 2019,
            "quarter": 3,
            "eps": 0.41,
            "eps_growth_year": 1266.67,
            "eps_4q": 0.24,
            "eps_4q_growth_year": -77.73,
            "roe": 1.97,
            "roe_4q": 1.1500000000000001,
            "gross_profit": -21821,
            "gross_margin": -1.31,
            "gross_margin_4q_avg": -0.52,
            "net_income": 208929,
            "revenue": 1659847,
            "common_shares": 5063811,
            "book_valuer_per_share": 21.3,
            "book_valuer_per_share_4q_avg": 21.29,
            "equity": 10785740,
            "current_ratio": 200.13,
            "debt_ratio": 34.67,
            "inventory_turnover_ratio": 4.52,
            "account_receivable_turnover_ratio": 1.3,
            "reinvestment_rate": -149.22,
            "research_to_sale_ratio": 0.75,
            "price_fair": 40.85,
            "eps_avg_yearly": 1.17,
            "eps_latest_yearly": 0.88,
            "eps_growth_yearly": 400.26
        },
        "20194": {
            "year_quarter": 20194,
            "year": 2019,
            "quarter": 4,
            "eps": 0.32,
            "eps_growth_year": 43.2,
            "eps_4q": 0.33,
            "eps_4q_growth_year": -57.86,
            "roe": 1.41,
            "roe_4q": 1.5299999999999998,
            "gross_profit": 150655,
            "gross_margin": 8.13,
            "gross_margin_4q_avg": -0.29,
            "net_income": 158795,
            "revenue": 1852299,
            "common_shares": 5063811,
            "book_valuer_per_share": 23.55,
            "book_valuer_per_share_4q_avg": 21.94,
            "equity": 11692075,
            "current_ratio": 198.71,
            "debt_ratio": 32.03,
            "inventory_turnover_ratio": 4.5,
            "account_receivable_turnover_ratio": 1.59,
            "reinvestment_rate": -122.6,
            "research_to_sale_ratio": 0.52,
            "price_fair": 42.64,
            "eps_avg_yearly": 1.22,
            "eps_latest_yearly": 1.28,
            "eps_growth_yearly": 407.53
        },
        "20201": {
            "year_quarter": 20201,
            "year": 2020,
            "quarter": 1,
            "eps": -0.27,
            "eps_growth_year": null,
            "eps_4q": 0.29,
            "eps_4q_growth_year": -38.01,
            "roe": -1.2,
            "roe_4q": 1.3499999999999996,
            "gross_profit": 52027,
            "gross_margin": 3.32,
            "gross_margin_4q_avg": 1.04,
            "net_income": -132921,
            "revenue": 1568693,
            "common_shares": 5063811,
            "book_valuer_per_share": 21,
            "book_valuer_per_share_4q_avg": 21.64,
            "equity": 10414027,
            "current_ratio": 158.66,
            "debt_ratio": 35.52,
            "inventory_turnover_ratio": 3.49,
            "account_receivable_turnover_ratio": 1.02,
            "reinvestment_rate": -99.91,
            "research_to_sale_ratio": 0.34,
            "price_fair": 42.64,
            "eps_avg_yearly": 1.22,
            "eps_latest_yearly": 1.28,
            "eps_growth_yearly": 407.53
        },
        "20202": {
            "year_quarter": 20202,
            "year": 2020,
            "quarter": 2,
            "eps": 0.18,
            "eps_growth_year": null,
            "eps_4q": 0.66,
            "eps_4q_growth_year": null,
            "roe": 0.85,
            "roe_4q": 3.0300000000000002,
            "gross_profit": 73192,
            "gross_margin": 4.69,
            "gross_margin_4q_avg": 3.71,
            "net_income": 89941,
            "revenue": 1560186,
            "common_shares": 5063811,
            "book_valuer_per_share": 21.72,
            "book_valuer_per_share_4q_avg": 21.89,
            "equity": 10745945,
            "current_ratio": 127.84,
            "debt_ratio": 33.3,
            "inventory_turnover_ratio": 3.17,
            "account_receivable_turnover_ratio": 0.99,
            "reinvestment_rate": -61.56,
            "research_to_sale_ratio": 0.33,
            "price_fair": 42.64,
            "eps_avg_yearly": 1.22,
            "eps_latest_yearly": 1.28,
            "eps_growth_yearly": 407.53
        },
        "20203": {
            "year_quarter": 20203,
            "year": 2020,
            "quarter": 3,
            "eps": 0.42,
            "eps_growth_year": 2.44,
            "eps_4q": 0.65,
            "eps_4q_growth_year": 173.35,
            "roe": 1.94,
            "roe_4q": 3,
            "gross_profit": 61499,
            "gross_margin": 4.29,
            "gross_margin_4q_avg": 5.11,
            "net_income": 207322,
            "revenue": 1433931,
            "common_shares": 5063811,
            "book_valuer_per_share": 21.55,
            "book_valuer_per_share_4q_avg": 21.96,
            "equity": 10661401,
            "current_ratio": 126.66,
            "debt_ratio": 35.36,
            "inventory_turnover_ratio": 3.11,
            "account_receivable_turnover_ratio": 1.19,
            "reinvestment_rate": -33.8,
            "research_to_sale_ratio": 0.88,
            "price_fair": 45.18,
            "eps_avg_yearly": 1.29,
            "eps_latest_yearly": 1.68,
            "eps_growth_yearly": 450.27
        },
        "20204": {
            "year_quarter": 20204,
            "year": 2020,
            "quarter": 4,
            "eps": 0.18,
            "eps_growth_year": -42.79,
            "eps_4q": 0.52,
            "eps_4q_growth_year": 54.94,
            "roe": 0.8,
            "roe_4q": 2.3900000000000006,
            "gross_profit": 11418,
            "gross_margin": 0.81,
            "gross_margin_4q_avg": 3.28,
            "net_income": 90545,
            "revenue": 1402724,
            "common_shares": 5063811,
            "book_valuer_per_share": 24.02,
            "book_valuer_per_share_4q_avg": 22.07,
            "equity": 11884185,
            "current_ratio": 143.29,
            "debt_ratio": 33.88,
            "inventory_turnover_ratio": 3.38,
            "account_receivable_turnover_ratio": 1.23,
            "reinvestment_rate": -102.02,
            "research_to_sale_ratio": 0.48,
            "price_fair": 38.95,
            "eps_avg_yearly": 1.11,
            "eps_latest_yearly": 0.72,
            "eps_growth_yearly": 355.11
        },
        "20211": {
            "year_quarter": 20211,
            "year": 2021,
            "quarter": 1,
            "eps": 0.06,
            "eps_growth_year": null,
            "eps_4q": 0.82,
            "eps_4q_growth_year": 180.62,
            "roe": 0.17,
            "roe_4q": 3.7600000000000002,
            "gross_profit": 27175,
            "gross_margin": 1.93,
            "gross_margin_4q_avg": 2.93,
            "net_income": 20987,
            "revenue": 1405895,
            "common_shares": 5217219,
            "book_valuer_per_share": 24.32,
            "book_valuer_per_share_4q_avg": 22.9,
            "equity": 12618495,
            "current_ratio": 190.17,
            "debt_ratio": 36.05,
            "inventory_turnover_ratio": 3.24,
            "account_receivable_turnover_ratio": 1.13,
            "reinvestment_rate": -123.92,
            "research_to_sale_ratio": 0.38,
            "price_fair": 38.05,
            "eps_avg_yearly": 1.09,
            "eps_latest_yearly": 0.24,
            "eps_growth_yearly": 360.18
        },
        "20212": {
            "year_quarter": 20212,
            "year": 2021,
            "quarter": 2,
            "eps": -0.04,
            "eps_growth_year": -122.22,
            "eps_4q": 0.61,
            "eps_4q_growth_year": -7.77,
            "roe": -0.33,
            "roe_4q": 2.58,
            "gross_profit": 124810,
            "gross_margin": 5.73,
            "gross_margin_4q_avg": 3.19,
            "net_income": -40311,
            "revenue": 2176889,
            "common_shares": 5217219,
            "book_valuer_per_share": 23.2,
            "book_valuer_per_share_4q_avg": 23.27,
            "equity": 12023955,
            "current_ratio": 162.89,
            "debt_ratio": 45.28,
            "inventory_turnover_ratio": 4.23,
            "account_receivable_turnover_ratio": 1.57,
            "reinvestment_rate": -57.03,
            "research_to_sale_ratio": 0.37,
            "price_fair": 39.2,
            "eps_avg_yearly": 1.12,
            "eps_latest_yearly": 0.24,
            "eps_growth_yearly": 377.74
        },
        "20213": {
            "year_quarter": 20213,
            "year": 2021,
            "quarter": 3,
            "eps": 0.03,
            "eps_growth_year": -92.86,
            "eps_4q": 0.24,
            "eps_4q_growth_year": -64,
            "roe": -0.22,
            "roe_4q": 0.42000000000000004,
            "gross_profit": 113100,
            "gross_margin": 5.24,
            "gross_margin_4q_avg": 3.43,
            "net_income": -25395,
            "revenue": 2157941,
            "common_shares": 5217219,
            "book_valuer_per_share": 21.05,
            "book_valuer_per_share_4q_avg": 23.15,
            "equity": 10876168,
            "current_ratio": 160.84,
            "debt_ratio": 48.44,
            "inventory_turnover_ratio": 3.4,
            "account_receivable_turnover_ratio": 1.42,
            "reinvestment_rate": -117.97,
            "research_to_sale_ratio": 0.3,
            "price_fair": 35.31,
            "eps_avg_yearly": 1.01,
            "eps_latest_yearly": 0.24,
            "eps_growth_yearly": 340.17
        },
        "20214": {
            "year_quarter": 20214,
            "year": 2021,
            "quarter": 4,
            "eps": 0.37,
            "eps_growth_year": 103.03,
            "eps_4q": 0.43,
            "eps_4q_growth_year": -16.59,
            "roe": 1.48,
            "roe_4q": 1.0999999999999999,
            "gross_profit": 184247,
            "gross_margin": 7.75,
            "gross_margin_4q_avg": 5.16,
            "net_income": 163451,
            "revenue": 2377531,
            "common_shares": 5217219,
            "book_valuer_per_share": 21.38,
            "book_valuer_per_share_4q_avg": 22.49,
            "equity": 11238252,
            "current_ratio": 166.48,
            "debt_ratio": 47.77,
            "inventory_turnover_ratio": 3.05,
            "account_receivable_turnover_ratio": 1.44,
            "reinvestment_rate": -156.23,
            "research_to_sale_ratio": 0.33,
            "price_fair": 32.98,
            "eps_avg_yearly": 0.94,
            "eps_latest_yearly": 1.48,
            "eps_growth_yearly": 844.72
        },
        "20221": {
            "year_quarter": 20221,
            "year": 2022,
            "quarter": 1,
            "eps": 0.11,
            "eps_growth_year": 83.33,
            "eps_4q": 0.48,
            "eps_4q_growth_year": -42.01,
            "roe": 0.28,
            "roe_4q": 1.21,
            "gross_profit": 173179,
            "gross_margin": 7.55,
            "gross_margin_4q_avg": 6.57,
            "net_income": 30677,
            "revenue": 2293742,
            "common_shares": 5217219,
            "book_valuer_per_share": 20.87,
            "book_valuer_per_share_4q_avg": 21.63,
            "equity": 11064411,
            "current_ratio": 167.83,
            "debt_ratio": 47.6,
            "inventory_turnover_ratio": 2.66,
            "account_receivable_turnover_ratio": 1.24,
            "reinvestment_rate": -22.74,
            "research_to_sale_ratio": 0.29,
            "price_fair": 33.13,
            "eps_avg_yearly": 0.95,
            "eps_latest_yearly": 0.44,
            "eps_growth_yearly": 849.38
        },
        "20222": {
            "year_quarter": 20222,
            "year": 2022,
            "quarter": 2,
            "eps": -0.02,
            "eps_growth_year": null,
            "eps_4q": 0.49,
            "eps_4q_growth_year": -19.09,
            "roe": -0.36,
            "roe_4q": 1.18,
            "gross_profit": 214942,
            "gross_margin": 8.85,
            "gross_margin_4q_avg": 7.35,
            "net_income": -37939,
            "revenue": 2428567,
            "common_shares": 5217219,
            "book_valuer_per_share": 19.24,
            "book_valuer_per_share_4q_avg": 20.64,
            "equity": 10192274,
            "current_ratio": 164.04,
            "debt_ratio": 48.95,
            "inventory_turnover_ratio": 2.59,
            "account_receivable_turnover_ratio": 1.14,
            "reinvestment_rate": -52.75,
            "research_to_sale_ratio": 0.29,
            "price_fair": 29.93,
            "eps_avg_yearly": 0.86,
            "eps_latest_yearly": 0.44,
            "eps_growth_yearly": 795.56
        },
        "20223": {
            "year_quarter": 20223,
            "year": 2022,
            "quarter": 3,
            "eps": 0.52,
            "eps_growth_year": 1633.33,
            "eps_4q": 0.97,
            "eps_4q_growth_year": 313.78,
            "roe": 2.4,
            "roe_4q": 3.8000000000000003,
            "gross_profit": 274379,
            "gross_margin": 10.49,
            "gross_margin_4q_avg": 8.66,
            "net_income": 245193,
            "revenue": 2614518,
            "common_shares": 5217219,
            "book_valuer_per_share": 19.34,
            "book_valuer_per_share_4q_avg": 20.21,
            "equity": 10223818,
            "current_ratio": 174.23,
            "debt_ratio": 48.65,
            "inventory_turnover_ratio": 2.53,
            "account_receivable_turnover_ratio": 1.21,
            "reinvestment_rate": -36.86,
            "research_to_sale_ratio": 0.66,
            "price_fair": 33.6,
            "eps_avg_yearly": 0.96,
            "eps_latest_yearly": 0.44,
            "eps_growth_yearly": 962.27
        },
        "20224": {
            "year_quarter": 20224,
            "year": 2022,
            "quarter": 4,
            "eps": -0.11,
            "eps_growth_year": -128.32,
            "eps_4q": 0.5,
            "eps_4q_growth_year": 15.99,
            "roe": -0.8,
            "roe_4q": 1.5199999999999998,
            "gross_profit": 179431,
            "gross_margin": 8.27,
            "gross_margin_4q_avg": 8.79,
            "net_income": -81833,
            "revenue": 2169521,
            "common_shares": 5177399,
            "book_valuer_per_share": 19.39,
            "book_valuer_per_share_4q_avg": 19.71,
            "equity": 10240092,
            "current_ratio": 158.1,
            "debt_ratio": 47,
            "inventory_turnover_ratio": 2.06,
            "account_receivable_turnover_ratio": 1.25,
            "reinvestment_rate": -93.23,
            "research_to_sale_ratio": 0.89,
            "price_fair": 34.07,
            "eps_avg_yearly": 0.97,
            "eps_latest_yearly": 0.44,
            "eps_growth_yearly": 700.42
        },
        "20231": {
            "year_quarter": 20231,
            "year": 2023,
            "quarter": 1,
            "eps": 0.07,
            "eps_growth_year": -36.36,
            "eps_4q": 0.46,
            "eps_4q_growth_year": -2.55,
            "roe": 0.07,
            "roe_4q": 1.31,
            "gross_profit": 29990,
            "gross_margin": 1.64,
            "gross_margin_4q_avg": 7.31,
            "net_income": 7235,
            "revenue": 1828954,
            "common_shares": 5177399,
            "book_valuer_per_share": 20,
            "book_valuer_per_share_4q_avg": 19.49,
            "equity": 10485634,
            "current_ratio": 157.8,
            "debt_ratio": 45.4,
            "inventory_turnover_ratio": 1.94,
            "account_receivable_turnover_ratio": 1.2,
            "reinvestment_rate": -46.49,
            "research_to_sale_ratio": 0.94,
            "price_fair": 34.07,
            "eps_avg_yearly": 0.97,
            "eps_latest_yearly": 0.44,
            "eps_growth_yearly": 700.42
        }
    },
    "months": {
        "2003-09": {
            "month": "2003-09",
            "price": "5.60",
            "revenue": 413439
        },
        "2003-10": {
            "month": "2003-10",
            "price": "7.00",
            "revenue": 402397
        },
        "2003-11": {
            "month": "2003-11",
            "price": "8.00",
            "revenue": 360287
        },
        "2003-12": {
            "month": "2003-12",
            "price": "8.00",
            "revenue": 400003
        },
        "2004-01": {
            "month": "2004-01",
            "price": "8.66",
            "revenue": 263748
        },
        "2004-02": {
            "month": "2004-02",
            "price": "9.84",
            "revenue": 254063
        },
        "2004-03": {
            "month": "2004-03",
            "price": "9.80",
            "revenue": 347887
        },
        "2004-04": {
            "month": "2004-04",
            "price": "8.20",
            "revenue": 306354
        },
        "2004-05": {
            "month": "2004-05",
            "price": "7.02",
            "revenue": 317666
        },
        "2004-06": {
            "month": "2004-06",
            "price": "5.75",
            "revenue": 317058
        },
        "2004-07": {
            "month": "2004-07",
            "price": "5.16",
            "revenue": 373109
        },
        "2004-08": {
            "month": "2004-08",
            "price": "5.02",
            "revenue": 411419
        },
        "2004-09": {
            "month": "2004-09",
            "price": "5.85",
            "revenue": 434758
        },
        "2004-10": {
            "month": "2004-10",
            "price": "6.06",
            "revenue": 464676
        },
        "2004-11": {
            "month": "2004-11",
            "price": "6.24",
            "revenue": 435353
        },
        "2004-12": {
            "month": "2004-12",
            "price": "6.50",
            "revenue": 491756
        },
        "2005-01": {
            "month": "2005-01",
            "price": "6.64",
            "revenue": 427454
        },
        "2005-02": {
            "month": "2005-02",
            "price": "6.64",
            "revenue": 385946
        },
        "2005-03": {
            "month": "2005-03",
            "price": "6.86",
            "revenue": 374510
        },
        "2005-04": {
            "month": "2005-04",
            "price": "7.86",
            "revenue": 348976
        },
        "2005-05": {
            "month": "2005-05",
            "price": "7.55",
            "revenue": 407449
        },
        "2005-06": {
            "month": "2005-06",
            "price": "7.64",
            "revenue": 429484
        },
        "2005-07": {
            "month": "2005-07",
            "price": "8.02",
            "revenue": 415898
        },
        "2005-08": {
            "month": "2005-08",
            "price": "7.81",
            "revenue": 448970
        },
        "2005-09": {
            "month": "2005-09",
            "price": "7.42",
            "revenue": 468854
        },
        "2005-10": {
            "month": "2005-10",
            "price": "7.24",
            "revenue": 581674
        },
        "2005-11": {
            "month": "2005-11",
            "price": "7.43",
            "revenue": 610816
        },
        "2005-12": {
            "month": "2005-12",
            "price": "9.09",
            "revenue": 645269
        },
        "2006-01": {
            "month": "2006-01",
            "price": "12.73",
            "revenue": 504399
        },
        "2006-02": {
            "month": "2006-02",
            "price": "12.44",
            "revenue": 499299
        },
        "2006-03": {
            "month": "2006-03",
            "price": "14.95",
            "revenue": 556791
        },
        "2006-04": {
            "month": "2006-04",
            "price": "17.19",
            "revenue": 621305
        },
        "2006-05": {
            "month": "2006-05",
            "price": "18.41",
            "revenue": 569091
        },
        "2006-06": {
            "month": "2006-06",
            "price": "17.88",
            "revenue": 605483
        },
        "2006-07": {
            "month": "2006-07",
            "price": "17.67",
            "revenue": 577581
        },
        "2006-08": {
            "month": "2006-08",
            "price": "17.44",
            "revenue": 614713
        },
        "2006-09": {
            "month": "2006-09",
            "price": "17.22",
            "revenue": 666600
        },
        "2006-10": {
            "month": "2006-10",
            "price": "17.70",
            "revenue": 604695
        },
        "2006-11": {
            "month": "2006-11",
            "price": "19.42",
            "revenue": 737558
        },
        "2006-12": {
            "month": "2006-12",
            "price": "23.75",
            "revenue": 750307
        },
        "2007-01": {
            "month": "2007-01",
            "price": "24.22",
            "revenue": 760814
        },
        "2007-02": {
            "month": "2007-02",
            "price": "23.06",
            "revenue": 672740
        },
        "2007-03": {
            "month": "2007-03",
            "price": "24.17",
            "revenue": 700498
        },
        "2007-04": {
            "month": "2007-04",
            "price": "22.53",
            "revenue": 700790
        },
        "2007-05": {
            "month": "2007-05",
            "price": "19.11",
            "revenue": 615066
        },
        "2007-06": {
            "month": "2007-06",
            "price": "21.16",
            "revenue": 567351
        },
        "2007-07": {
            "month": "2007-07",
            "price": "21.81",
            "revenue": 609155
        },
        "2007-08": {
            "month": "2007-08",
            "price": "17.80",
            "revenue": 655776
        },
        "2007-09": {
            "month": "2007-09",
            "price": "17.22",
            "revenue": 619295
        },
        "2007-10": {
            "month": "2007-10",
            "price": "18.30",
            "revenue": 644260
        },
        "2007-11": {
            "month": "2007-11",
            "price": "15.80",
            "revenue": 618081
        },
        "2007-12": {
            "month": "2007-12",
            "price": "13.47",
            "revenue": 622914
        },
        "2008-01": {
            "month": "2008-01",
            "price": "12.07",
            "revenue": 557136
        },
        "2008-02": {
            "month": "2008-02",
            "price": "12.16",
            "revenue": 509832
        },
        "2008-03": {
            "month": "2008-03",
            "price": "12.48",
            "revenue": 538635
        },
        "2008-04": {
            "month": "2008-04",
            "price": "13.17",
            "revenue": 533188
        },
        "2008-05": {
            "month": "2008-05",
            "price": "12.63",
            "revenue": 533905
        },
        "2008-06": {
            "month": "2008-06",
            "price": "10.85",
            "revenue": 548449
        },
        "2008-07": {
            "month": "2008-07",
            "price": "8.95",
            "revenue": 544472
        },
        "2008-08": {
            "month": "2008-08",
            "price": "8.60",
            "revenue": 498034
        },
        "2008-09": {
            "month": "2008-09",
            "price": "6.61",
            "revenue": 495421
        },
        "2008-10": {
            "month": "2008-10",
            "price": "5.75",
            "revenue": 507023
        },
        "2008-11": {
            "month": "2008-11",
            "price": "4.26",
            "revenue": 480151
        },
        "2008-12": {
            "month": "2008-12",
            "price": "4.04",
            "revenue": 426413
        },
        "2009-01": {
            "month": "2009-01",
            "price": "4.18",
            "revenue": 301684
        },
        "2009-02": {
            "month": "2009-02",
            "price": "4.25",
            "revenue": 334406
        },
        "2009-03": {
            "month": "2009-03",
            "price": "5.52",
            "revenue": 421675
        },
        "2009-04": {
            "month": "2009-04",
            "price": "6.77",
            "revenue": 453512
        },
        "2009-05": {
            "month": "2009-05",
            "price": "6.99",
            "revenue": 470483
        },
        "2009-06": {
            "month": "2009-06",
            "price": "7.13",
            "revenue": 485981
        },
        "2009-07": {
            "month": "2009-07",
            "price": "7.58",
            "revenue": 487163
        },
        "2009-08": {
            "month": "2009-08",
            "price": "8.35",
            "revenue": 491446
        },
        "2009-09": {
            "month": "2009-09",
            "price": "9.17",
            "revenue": 514671
        },
        "2009-10": {
            "month": "2009-10",
            "price": "10.12",
            "revenue": 524385
        },
        "2009-11": {
            "month": "2009-11",
            "price": "10.85",
            "revenue": 530817
        },
        "2009-12": {
            "month": "2009-12",
            "price": "14.53",
            "revenue": 542173
        },
        "2010-01": {
            "month": "2010-01",
            "price": "16.37",
            "revenue": 550095
        },
        "2010-02": {
            "month": "2010-02",
            "price": "14.54",
            "revenue": 461861
        },
        "2010-03": {
            "month": "2010-03",
            "price": "16.04",
            "revenue": 591507
        },
        "2010-04": {
            "month": "2010-04",
            "price": "16.46",
            "revenue": 630414
        },
        "2010-05": {
            "month": "2010-05",
            "price": "14.72",
            "revenue": 648044
        },
        "2010-06": {
            "month": "2010-06",
            "price": "14.92",
            "revenue": 679142
        },
        "2010-07": {
            "month": "2010-07",
            "price": "15.63",
            "revenue": 686365
        },
        "2010-08": {
            "month": "2010-08",
            "price": "15.32",
            "revenue": 694806
        },
        "2010-09": {
            "month": "2010-09",
            "price": "14.69",
            "revenue": 700052
        },
        "2010-10": {
            "month": "2010-10",
            "price": "14.51",
            "revenue": 745337
        },
        "2010-11": {
            "month": "2010-11",
            "price": "13.98",
            "revenue": 782265
        },
        "2010-12": {
            "month": "2010-12",
            "price": "15.16",
            "revenue": 792659
        },
        "2011-01": {
            "month": "2011-01",
            "price": "16.00",
            "revenue": 696611
        },
        "2011-02": {
            "month": "2011-02",
            "price": "16.94",
            "revenue": 642054
        },
        "2011-03": {
            "month": "2011-03",
            "price": "15.16",
            "revenue": 730978
        },
        "2011-04": {
            "month": "2011-04",
            "price": "14.29",
            "revenue": 720728
        },
        "2011-05": {
            "month": "2011-05",
            "price": "14.32",
            "revenue": 747400
        },
        "2011-06": {
            "month": "2011-06",
            "price": "14.42",
            "revenue": 753239
        },
        "2011-07": {
            "month": "2011-07",
            "price": "13.12",
            "revenue": 753302
        },
        "2011-08": {
            "month": "2011-08",
            "price": "11.35",
            "revenue": 710662
        },
        "2011-09": {
            "month": "2011-09",
            "price": "11.36",
            "revenue": 683024
        },
        "2011-10": {
            "month": "2011-10",
            "price": "11.52",
            "revenue": 632628
        },
        "2011-11": {
            "month": "2011-11",
            "price": "10.96",
            "revenue": 562233
        },
        "2011-12": {
            "month": "2011-12",
            "price": "9.85",
            "revenue": 564066
        },
        "2012-01": {
            "month": "2012-01",
            "price": "9.78",
            "revenue": 565838
        },
        "2012-02": {
            "month": "2012-02",
            "price": "11.70",
            "revenue": 582142
        },
        "2012-03": {
            "month": "2012-03",
            "price": "10.34",
            "revenue": 702295
        },
        "2012-04": {
            "month": "2012-04",
            "price": "8.92",
            "revenue": 714701
        },
        "2012-05": {
            "month": "2012-05",
            "price": "9.24",
            "revenue": 730647
        },
        "2012-06": {
            "month": "2012-06",
            "price": "8.98",
            "revenue": 750334
        },
        "2012-07": {
            "month": "2012-07",
            "price": "9.06",
            "revenue": 762686
        },
        "2012-08": {
            "month": "2012-08",
            "price": "8.64",
            "revenue": 704587
        },
        "2012-09": {
            "month": "2012-09",
            "price": "9.15",
            "revenue": 700607
        },
        "2012-10": {
            "month": "2012-10",
            "price": "8.62",
            "revenue": 697511
        },
        "2012-11": {
            "month": "2012-11",
            "price": "7.33",
            "revenue": 680481
        },
        "2012-12": {
            "month": "2012-12",
            "price": "8.53",
            "revenue": 700950
        },
        "2013-01": {
            "month": "2013-01",
            "price": "8.75",
            "revenue": 650589
        },
        "2013-02": {
            "month": "2013-02",
            "price": "8.60",
            "revenue": 601105
        },
        "2013-03": {
            "month": "2013-03",
            "price": "8.71",
            "revenue": 685444
        },
        "2013-04": {
            "month": "2013-04",
            "price": "9.81",
            "revenue": 700434
        },
        "2013-05": {
            "month": "2013-05",
            "price": "10.74",
            "revenue": 740275
        },
        "2013-06": {
            "month": "2013-06",
            "price": "10.59",
            "revenue": 785567
        },
        "2013-07": {
            "month": "2013-07",
            "price": "10.66",
            "revenue": 801556
        },
        "2013-08": {
            "month": "2013-08",
            "price": "10.48",
            "revenue": 803652
        },
        "2013-09": {
            "month": "2013-09",
            "price": "10.76",
            "revenue": 800797
        },
        "2013-10": {
            "month": "2013-10",
            "price": "10.83",
            "revenue": 800104
        },
        "2013-11": {
            "month": "2013-11",
            "price": "10.23",
            "revenue": 778946
        },
        "2013-12": {
            "month": "2013-12",
            "price": "10.36",
            "revenue": 723559
        },
        "2014-01": {
            "month": "2014-01",
            "price": "10.68",
            "revenue": 725790
        },
        "2014-02": {
            "month": "2014-02",
            "price": "11.07",
            "revenue": 681461
        },
        "2014-03": {
            "month": "2014-03",
            "price": "11.55",
            "revenue": 820745
        },
        "2014-04": {
            "month": "2014-04",
            "price": "12.21",
            "revenue": 850445
        },
        "2014-05": {
            "month": "2014-05",
            "price": "12.77",
            "revenue": 881673
        },
        "2014-06": {
            "month": "2014-06",
            "price": "13.66",
            "revenue": 901059
        },
        "2014-07": {
            "month": "2014-07",
            "price": "13.88",
            "revenue": 903403
        },
        "2014-08": {
            "month": "2014-08",
            "price": "13.88",
            "revenue": 903201
        },
        "2014-09": {
            "month": "2014-09",
            "price": "14.60",
            "revenue": 921440
        },
        "2014-10": {
            "month": "2014-10",
            "price": "14.08",
            "revenue": 916480
        },
        "2014-11": {
            "month": "2014-11",
            "price": "14.24",
            "revenue": 802040
        },
        "2014-12": {
            "month": "2014-12",
            "price": "14.24",
            "revenue": 707917
        },
        "2015-01": {
            "month": "2015-01",
            "price": "14.19",
            "revenue": 651386
        },
        "2015-02": {
            "month": "2015-02",
            "price": "13.66",
            "revenue": 614373
        },
        "2015-03": {
            "month": "2015-03",
            "price": "13.70",
            "revenue": 651303
        },
        "2015-04": {
            "month": "2015-04",
            "price": "13.34",
            "revenue": 653091
        },
        "2015-05": {
            "month": "2015-05",
            "price": "10.80",
            "revenue": 642654
        },
        "2015-06": {
            "month": "2015-06",
            "price": "8.63",
            "revenue": 614947
        },
        "2015-07": {
            "month": "2015-07",
            "price": "7.96",
            "revenue": 614795
        },
        "2015-08": {
            "month": "2015-08",
            "price": "7.64",
            "revenue": 640444
        },
        "2015-09": {
            "month": "2015-09",
            "price": "8.76",
            "revenue": 700756
        },
        "2015-10": {
            "month": "2015-10",
            "price": "9.22",
            "revenue": 722278
        },
        "2015-11": {
            "month": "2015-11",
            "price": "9.92",
            "revenue": 703342
        },
        "2015-12": {
            "month": "2015-12",
            "price": "9.38",
            "revenue": 704227
        },
        "2016-01": {
            "month": "2016-01",
            "price": "8.19",
            "revenue": 650365
        },
        "2016-02": {
            "month": "2016-02",
            "price": "8.06",
            "revenue": 602641
        },
        "2016-03": {
            "month": "2016-03",
            "price": "9.12",
            "revenue": 612057
        },
        "2016-04": {
            "month": "2016-04",
            "price": "8.61",
            "revenue": 648443
        },
        "2016-05": {
            "month": "2016-05",
            "price": "8.37",
            "revenue": 683422
        },
        "2016-06": {
            "month": "2016-06",
            "price": "9.10",
            "revenue": 702957
        },
        "2016-07": {
            "month": "2016-07",
            "price": "9.04",
            "revenue": 711891
        },
        "2016-08": {
            "month": "2016-08",
            "price": "9.28",
            "revenue": 754199
        },
        "2016-09": {
            "month": "2016-09",
            "price": "10.24",
            "revenue": 770432
        },
        "2016-10": {
            "month": "2016-10",
            "price": "10.96",
            "revenue": 830426
        },
        "2016-11": {
            "month": "2016-11",
            "price": "11.30",
            "revenue": 879148
        },
        "2016-12": {
            "month": "2016-12",
            "price": "11.92",
            "revenue": 902416
        },
        "2017-01": {
            "month": "2017-01",
            "price": "11.96",
            "revenue": 780909
        },
        "2017-02": {
            "month": "2017-02",
            "price": "13.59",
            "revenue": 712136
        },
        "2017-03": {
            "month": "2017-03",
            "price": "14.15",
            "revenue": 725451
        },
        "2017-04": {
            "month": "2017-04",
            "price": "14.62",
            "revenue": 748233
        },
        "2017-05": {
            "month": "2017-05",
            "price": "13.51",
            "revenue": 750020
        },
        "2017-06": {
            "month": "2017-06",
            "price": "13.46",
            "revenue": 752650
        },
        "2017-07": {
            "month": "2017-07",
            "price": "13.23",
            "revenue": 800664
        },
        "2017-08": {
            "month": "2017-08",
            "price": "13.55",
            "revenue": 832587
        },
        "2017-09": {
            "month": "2017-09",
            "price": "14.66",
            "revenue": 840525
        },
        "2017-10": {
            "month": "2017-10",
            "price": "14.93",
            "revenue": 850241
        },
        "2017-11": {
            "month": "2017-11",
            "price": "17.30",
            "revenue": 830439
        },
        "2017-12": {
            "month": "2017-12",
            "price": "16.34",
            "revenue": 807896
        },
        "2018-01": {
            "month": "2018-01",
            "price": "15.12",
            "revenue": 776711
        },
        "2018-02": {
            "month": "2018-02",
            "price": "13.65",
            "revenue": 688149
        },
        "2018-03": {
            "month": "2018-03",
            "price": "14.36",
            "revenue": 735843
        },
        "2018-04": {
            "month": "2018-04",
            "price": "13.43",
            "revenue": 724109
        },
        "2018-05": {
            "month": "2018-05",
            "price": "14.15",
            "revenue": 722118
        },
        "2018-06": {
            "month": "2018-06",
            "price": "14.44",
            "revenue": 701275
        },
        "2018-07": {
            "month": "2018-07",
            "price": "14.44",
            "revenue": 721985
        },
        "2018-08": {
            "month": "2018-08",
            "price": "13.20",
            "revenue": 741849
        },
        "2018-09": {
            "month": "2018-09",
            "price": "12.63",
            "revenue": 733431
        },
        "2018-10": {
            "month": "2018-10",
            "price": "10.84",
            "revenue": 701264
        },
        "2018-11": {
            "month": "2018-11",
            "price": "10.44",
            "revenue": 664740
        },
        "2018-12": {
            "month": "2018-12",
            "price": "10.63",
            "revenue": 641275
        },
        "2019-01": {
            "month": "2019-01",
            "price": "11.01",
            "revenue": 601835
        },
        "2019-02": {
            "month": "2019-02",
            "price": "11.57",
            "revenue": 503077
        },
        "2019-03": {
            "month": "2019-03",
            "price": "11.21",
            "revenue": 522473
        },
        "2019-04": {
            "month": "2019-04",
            "price": "11.35",
            "revenue": 542949
        },
        "2019-05": {
            "month": "2019-05",
            "price": "10.24",
            "revenue": 532706
        },
        "2019-06": {
            "month": "2019-06",
            "price": "9.29",
            "revenue": 512178
        },
        "2019-07": {
            "month": "2019-07",
            "price": "9.97",
            "revenue": 548499
        },
        "2019-08": {
            "month": "2019-08",
            "price": "9.56",
            "revenue": 570496
        },
        "2019-09": {
            "month": "2019-09",
            "price": "9.63",
            "revenue": 540851
        },
        "2019-10": {
            "month": "2019-10",
            "price": "9.32",
            "revenue": 604828
        },
        "2019-11": {
            "month": "2019-11",
            "price": "10.08",
            "revenue": 622663
        },
        "2019-12": {
            "month": "2019-12",
            "price": "11.60",
            "revenue": 624808
        },
        "2020-01": {
            "month": "2020-01",
            "price": "11.39",
            "revenue": 520804
        },
        "2020-02": {
            "month": "2020-02",
            "price": "10.81",
            "revenue": 493093
        },
        "2020-03": {
            "month": "2020-03",
            "price": "8.54",
            "revenue": 554796
        },
        "2020-04": {
            "month": "2020-04",
            "price": "9.30",
            "revenue": 551239
        },
        "2020-05": {
            "month": "2020-05",
            "price": "9.99",
            "revenue": 526780
        },
        "2020-06": {
            "month": "2020-06",
            "price": "9.94",
            "revenue": 482167
        },
        "2020-07": {
            "month": "2020-07",
            "price": "9.90",
            "revenue": 466057
        },
        "2020-08": {
            "month": "2020-08",
            "price": "9.75",
            "revenue": 480282
        },
        "2020-09": {
            "month": "2020-09",
            "price": "10.14",
            "revenue": 487592
        },
        "2020-10": {
            "month": "2020-10",
            "price": "10.40",
            "revenue": 451140
        },
        "2020-11": {
            "month": "2020-11",
            "price": "11.12",
            "revenue": 454082
        },
        "2020-12": {
            "month": "2020-12",
            "price": "13.54",
            "revenue": 497503
        },
        "2021-01": {
            "month": "2021-01",
            "price": "13.11",
            "revenue": 464553
        },
        "2021-02": {
            "month": "2021-02",
            "price": "13.46",
            "revenue": 456992
        },
        "2021-03": {
            "month": "2021-03",
            "price": "13.45",
            "revenue": 484350
        },
        "2021-04": {
            "month": "2021-04",
            "price": "16.58",
            "revenue": 730826
        },
        "2021-05": {
            "month": "2021-05",
            "price": "14.71",
            "revenue": 711460
        },
        "2021-06": {
            "month": "2021-06",
            "price": "16.85",
            "revenue": 734604
        },
        "2021-07": {
            "month": "2021-07",
            "price": "21.30",
            "revenue": 685167
        },
        "2021-08": {
            "month": "2021-08",
            "price": "20.60",
            "revenue": 703288
        },
        "2021-09": {
            "month": "2021-09",
            "price": "18.84",
            "revenue": 769486
        },
        "2021-10": {
            "month": "2021-10",
            "price": "16.74",
            "revenue": 763114
        },
        "2021-11": {
            "month": "2021-11",
            "price": "18.11",
            "revenue": 783517
        },
        "2021-12": {
            "month": "2021-12",
            "price": "18.52",
            "revenue": 830900
        },
        "2022-01": {
            "month": "2022-01",
            "price": "17.76",
            "revenue": 755049
        },
        "2022-02": {
            "month": "2022-02",
            "price": "17.97",
            "revenue": 770634
        },
        "2022-03": {
            "month": "2022-03",
            "price": "16.79",
            "revenue": 768059
        },
        "2022-04": {
            "month": "2022-04",
            "price": "15.51",
            "revenue": 765785
        },
        "2022-05": {
            "month": "2022-05",
            "price": "14.37",
            "revenue": 793842
        },
        "2022-06": {
            "month": "2022-06",
            "price": "13.75",
            "revenue": 868939
        },
        "2022-07": {
            "month": "2022-07",
            "price": "12.13",
            "revenue": 892092
        },
        "2022-08": {
            "month": "2022-08",
            "price": "12.87",
            "revenue": 889037
        },
        "2022-09": {
            "month": "2022-09",
            "price": "12.54",
            "revenue": 833390
        },
        "2022-10": {
            "month": "2022-10",
            "price": "11.12",
            "revenue": 774371
        },
        "2022-11": {
            "month": "2022-11",
            "price": "12.30",
            "revenue": 709270
        },
        "2022-12": {
            "month": "2022-12",
            "price": "12.12",
            "revenue": 690098
        },
        "2023-01": {
            "month": "2023-01",
            "price": "11.64",
            "revenue": 564692
        },
        "2023-02": {
            "month": "2023-02",
            "price": "12.63",
            "revenue": 638560
        },
        "2023-03": {
            "month": "2023-03",
            "price": "13.17",
            "revenue": 625702
        },
        "2023-04": {
            "month": "2023-04",
            "price": "13.68",
            "revenue": 614755
        },
        "2023-05": {
            "month": "2023-05",
            "price": "13.16",
            "revenue": 571963
        }
    }
}
