{
    "summary": {
        "stock_name": "立碁",
        "stock_id": "8111",
        "category": "光電",
        "main_business": "發光二極體指示燈、顯示器之製造及買賣業務<br>電子零件之製造及買賣業務",
        "website_url": "http://www.ligitek.com",
        "ceo": "童義興",
        "pe_ratio": 40,
        "report_year_from": 2002,
        "report_year_to": 2023,
        "age": 22,
        "eps_negative_percentage": 33,
        "eps_growth_avg": {
            "last_all": -14.62,
            "last_2y": -5.23,
            "last_4y": 2.78,
            "last_8y": 18.98,
            "last_12y": 1.99,
            "last_16y": -13.64,
            "last_20y": null,
            "at_2006_last_3y": null,
            "at_2007_last_3y": -26.68,
            "at_2008_last_3y": -46.24,
            "at_2009_last_3y": -62.64,
            "at_2010_last_3y": -50.11,
            "at_2011_last_3y": -65.77,
            "at_2012_last_3y": -48.65,
            "at_2013_last_3y": -48.65,
            "at_2014_last_3y": -100,
            "at_2015_last_3y": null,
            "at_2016_last_3y": null,
            "at_2017_last_3y": null,
            "at_2018_last_3y": 100,
            "at_2019_last_3y": 16.4,
            "at_2020_last_3y": 43.19,
            "at_2021_last_3y": 57.39,
            "at_2022_last_3y": 14.67,
            "at_2023_last_3y": 20.27,
            "at_2024_last_3y": 20.27,
            "at_2006_last_all": -17.89,
            "at_2007_last_all": -26.68,
            "at_2008_last_all": -41.34,
            "at_2009_last_all": -41.34,
            "at_2010_last_all": -34,
            "at_2011_last_all": -43.43,
            "at_2012_last_all": -43.43,
            "at_2013_last_all": -43.43,
            "at_2014_last_all": -43.43,
            "at_2015_last_all": -43.43,
            "at_2016_last_all": -43.43,
            "at_2017_last_all": -43.43,
            "at_2018_last_all": -25.5,
            "at_2019_last_all": -30.13,
            "at_2020_last_all": -17.44,
            "at_2021_last_all": -6.77,
            "at_2022_last_all": -12.11,
            "at_2023_last_all": -14.62,
            "at_2024_last_all": -14.62
        },
        "latest_eps": 0.58,
        "latest_price": 23.05,
        "latest_roe": 4.36,
        "latest_gross_margin": 31.8,
        "latest_equity": 1376146,
        "latest_revenue": 207526,
        "latest_gross_profit": 65984,
        "latest_net_income": -3613,
        "latest_debt_ratio": 34.1,
        "latest_current_ratio": 215.04,
        "latest_account_receivable_turnover_ratio": 0.75,
        "latest_inventory_turnover_ratio": 1.12,
        "latest_reinvestment_rate": -18.71,
        "latest_research_to_sale_ratio": 4.76
    },
    "eps_dividends": {
        "2001": {
            "cash": 0.2,
            "stock": 1.5,
            "eps": 0
        },
        "2002": {
            "cash": 0,
            "stock": 1.5,
            "eps": 0
        },
        "2003": {
            "cash": 0,
            "stock": 1.7,
            "eps": 3.45
        },
        "2004": {
            "cash": 1.01,
            "stock": 1.92,
            "eps": 2.7
        },
        "2005": {
            "cash": 0.8,
            "stock": 1.2,
            "eps": 2.78
        },
        "2006": {
            "cash": 0.8,
            "stock": 1.2,
            "eps": 1.81
        },
        "2007": {
            "cash": 1.2,
            "stock": 0.5,
            "eps": 0.85
        },
        "2008": {
            "cash": 0,
            "stock": 1.01,
            "eps": -2.08
        },
        "2009": {
            "cash": 0,
            "stock": 0,
            "eps": 0.37
        },
        "2010": {
            "cash": 0,
            "stock": 0,
            "eps": 0.38
        },
        "2011": {
            "cash": 0.2,
            "stock": 0.5,
            "eps": -2.21
        },
        "2012": {
            "cash": 0,
            "stock": 0,
            "eps": -1.96
        },
        "2013": {
            "cash": 0,
            "stock": 0,
            "eps": -0.77
        },
        "2014": {
            "cash": 0,
            "stock": 0,
            "eps": -0.82
        },
        "2015": {
            "cash": 0,
            "stock": 0,
            "eps": -0.78
        },
        "2016": {
            "cash": 0,
            "stock": 0,
            "eps": -0.41
        },
        "2017": {
            "cash": 0,
            "stock": 0,
            "eps": 0.1
        },
        "2018": {
            "cash": 0,
            "stock": 0,
            "eps": 1.89
        },
        "2019": {
            "cash": 0.45,
            "stock": 0,
            "eps": 0.62
        },
        "2020": {
            "cash": 0.45,
            "stock": 0,
            "eps": 1.22
        },
        "2021": {
            "cash": 0.9,
            "stock": 0,
            "eps": 3.61
        },
        "2022": {
            "cash": 2.1,
            "stock": 0,
            "eps": 1.05
        },
        "2023": {
            "cash": 1.2,
            "stock": 0,
            "eps": 0.58
        },
        "2024": {
            "cash": 0.8,
            "stock": 0,
            "eps": 0
        }
    },
    "dividends": {
        "2001-06-23": {
            "cash": 0.2,
            "stock": 1.5
        },
        "2002-05-11": {
            "cash": 0,
            "stock": 1.5
        },
        "2003-07-31": {
            "cash": 0,
            "stock": 1.7
        },
        "2004-03-30": {
            "cash": 1.01,
            "stock": 1.92
        },
        "2005-03-30": {
            "cash": 0.8,
            "stock": 1.2
        },
        "2006-04-19": {
            "cash": 0.8,
            "stock": 1.2
        },
        "2007-03-15": {
            "cash": 1.2,
            "stock": 0.5
        },
        "2008-04-29": {
            "cash": 0,
            "stock": 1.01
        },
        "2011-04-28": {
            "cash": 0.2,
            "stock": 0.5
        },
        "2019-07-19": {
            "cash": 0.45,
            "stock": 0
        },
        "2020-07-20": {
            "cash": 0.45,
            "stock": 0
        },
        "2021-08-31": {
            "cash": 0.9,
            "stock": 0
        },
        "2022-07-18": {
            "cash": 2.1,
            "stock": 0
        },
        "2023-07-26": {
            "cash": 1.2,
            "stock": 0
        },
        "2024-03-13": {
            "cash": 0.8,
            "stock": 0
        }
    },
    "prices": {
        "200101": "無",
        "200102": "無",
        "200103": "無",
        "200104": "無",
        "200105": "無",
        "200106": "無",
        "200107": "無",
        "200108": "無",
        "200109": "無",
        "200110": "無",
        "200111": "無",
        "200112": "無",
        "200201": "無",
        "200202": "無",
        "200203": "無",
        "200204": "無",
        "200205": "無",
        "200206": "無",
        "200207": "無",
        "200208": "無",
        "200209": "無",
        "200210": "無",
        "200211": "無",
        "200212": "無",
        "200301": "無",
        "200302": "無",
        "200303": "無",
        "200304": "無",
        "200305": "無",
        "200306": "無",
        "200307": "無",
        "200308": "無",
        "200309": "無",
        "200310": "33.60",
        "200311": "43.06",
        "200312": "40.67",
        "200401": "44.40",
        "200402": "39.73",
        "200403": "35.78",
        "200404": "36.74",
        "200405": "33.75",
        "200406": "31.07",
        "200407": "30.90",
        "200408": "29.02",
        "200409": "25.33",
        "200410": "23.52",
        "200411": "23.28",
        "200412": "20.26",
        "200501": "17.64",
        "200502": "18.76",
        "200503": "21.03",
        "200504": "20.87",
        "200505": "20.80",
        "200506": "22.36",
        "200507": "31.06",
        "200508": "33.00",
        "200509": "32.03",
        "200510": "30.26",
        "200511": "31.54",
        "200512": "38.58",
        "200601": "37.24",
        "200602": "32.58",
        "200603": "37.09",
        "200604": "40.57",
        "200605": "48.23",
        "200606": "43.40",
        "200607": "40.00",
        "200608": "43.23",
        "200609": "39.51",
        "200610": "37.56",
        "200611": "33.78",
        "200612": "34.68",
        "200701": "38.39",
        "200702": "40.17",
        "200703": "50.04",
        "200704": "49.98",
        "200705": "43.20",
        "200706": "44.06",
        "200707": "49.86",
        "200708": "49.53",
        "200709": "52.86",
        "200710": "51.07",
        "200711": "37.72",
        "200712": "29.11",
        "200801": "22.84",
        "200802": "22.49",
        "200803": "29.08",
        "200804": "30.98",
        "200805": "33.02",
        "200806": "27.63",
        "200807": "21.45",
        "200808": "20.56",
        "200809": "13.56",
        "200810": "10.48",
        "200811": "7.94",
        "200812": "6.84",
        "200901": "7.57",
        "200902": "8.80",
        "200903": "12.28",
        "200904": "13.37",
        "200905": "14.24",
        "200906": "14.69",
        "200907": "15.73",
        "200908": "16.18",
        "200909": "16.82",
        "200910": "17.48",
        "200911": "16.68",
        "200912": "20.00",
        "201001": "20.74",
        "201002": "18.95",
        "201003": "23.00",
        "201004": "29.34",
        "201005": "26.06",
        "201006": "27.00",
        "201007": "24.16",
        "201008": "22.12",
        "201009": "21.15",
        "201010": "24.23",
        "201011": "23.46",
        "201012": "26.36",
        "201101": "25.65",
        "201102": "25.45",
        "201103": "24.66",
        "201104": "21.58",
        "201105": "17.95",
        "201106": "18.77",
        "201107": "16.21",
        "201108": "12.47",
        "201109": "12.14",
        "201110": "12.16",
        "201111": "11.03",
        "201112": "9.13",
        "201201": "9.47",
        "201202": "11.84",
        "201203": "11.38",
        "201204": "9.58",
        "201205": "8.74",
        "201206": "7.79",
        "201207": "7.29",
        "201208": "6.76",
        "201209": "6.95",
        "201210": "5.94",
        "201211": "5.05",
        "201212": "5.52",
        "201301": "6.19",
        "201302": "6.18",
        "201303": "6.59",
        "201304": "5.96",
        "201305": "6.19",
        "201306": "5.95",
        "201307": "5.73",
        "201308": "5.29",
        "201309": "5.65",
        "201310": "6.65",
        "201311": "6.02",
        "201312": "6.48",
        "201401": "7.84",
        "201402": "7.44",
        "201403": "9.47",
        "201404": "8.77",
        "201405": "7.67",
        "201406": "7.64",
        "201407": "7.10",
        "201408": "6.04",
        "201409": "5.78",
        "201410": "5.20",
        "201411": "5.13",
        "201412": "5.47",
        "201501": "5.61",
        "201502": "7.15",
        "201503": "6.94",
        "201504": "7.13",
        "201505": "6.45",
        "201506": "5.93",
        "201507": "4.98",
        "201508": "4.01",
        "201509": "4.32",
        "201510": "4.69",
        "201511": "4.47",
        "201512": "4.08",
        "201601": "3.92",
        "201602": "4.03",
        "201603": "4.35",
        "201604": "4.07",
        "201605": "3.89",
        "201606": "4.33",
        "201607": "4.59",
        "201608": "4.59",
        "201609": "4.70",
        "201610": "4.91",
        "201611": "4.61",
        "201612": "4.25",
        "201701": "5.40",
        "201702": "5.88",
        "201703": "5.97",
        "201704": "7.46",
        "201705": "11.55",
        "201706": "9.92",
        "201707": "9.62",
        "201708": "9.52",
        "201709": "9.11",
        "201710": "9.04",
        "201711": "9.26",
        "201712": "9.62",
        "201801": "9.71",
        "201802": "8.75",
        "201803": "10.52",
        "201804": "10.04",
        "201805": "11.52",
        "201806": "14.11",
        "201807": "13.44",
        "201808": "12.84",
        "201809": "11.23",
        "201810": "9.19",
        "201811": "10.15",
        "201812": "10.18",
        "201901": "10.08",
        "201902": "10.77",
        "201903": "10.59",
        "201904": "10.87",
        "201905": "10.36",
        "201906": "10.14",
        "201907": "9.79",
        "201908": "9.67",
        "201909": "9.48",
        "201910": "9.89",
        "201911": "9.89",
        "201912": "9.59",
        "202001": "9.18",
        "202002": "8.49",
        "202003": "7.03",
        "202004": "8.70",
        "202005": "9.44",
        "202006": "10.51",
        "202007": "12.06",
        "202008": "12.51",
        "202009": "16.16",
        "202010": "17.42",
        "202011": "17.51",
        "202012": "16.82",
        "202101": "16.27",
        "202102": "16.69",
        "202103": "17.95",
        "202104": "23.71",
        "202105": "19.87",
        "202106": "19.98",
        "202107": "21.62",
        "202108": "19.93",
        "202109": "17.84",
        "202110": "16.95",
        "202111": "20.45",
        "202112": "28.45",
        "202201": "29.41",
        "202202": "28.04",
        "202203": "25.45",
        "202204": "24.61",
        "202205": "22.15",
        "202206": "20.96",
        "202207": "16.45",
        "202208": "17.37",
        "202209": "17.25",
        "202210": "15.73",
        "202211": "16.04",
        "202212": "16.14",
        "202301": "15.59",
        "202302": "17.16",
        "202303": "22.18",
        "202304": "22.92",
        "202305": "21.34",
        "202306": "21.42",
        "202307": "18.66",
        "202308": "17.76",
        "202309": "18.10",
        "202310": "17.25",
        "202311": "18.53",
        "202312": "18.89",
        "202401": "20.32",
        "202402": "21.54",
        "202403": "20.94",
        "202404": "無"
    },
    "quarters": {
        "20011": {
            "year_quarter": 20011,
            "year": 2001,
            "quarter": 1,
            "eps": null,
            "eps_growth_year": null,
            "eps_4q": null,
            "eps_4q_growth_year": null,
            "roe": null,
            "roe_4q": 0,
            "gross_profit": null,
            "gross_margin": null,
            "gross_margin_4q_avg": 0,
            "net_income": null,
            "net_income_4q": null,
            "revenue": null,
            "revenue_4q": null,
            "common_shares": null,
            "book_valuer_per_share": null,
            "book_valuer_per_share_4q_avg": 0,
            "equity": null,
            "current_ratio": null,
            "debt_ratio": null,
            "inventory_turnover_ratio": null,
            "account_receivable_turnover_ratio": null,
            "reinvestment_rate": null,
            "research_to_sale_ratio": null,
            "price_fair": 0,
            "eps_avg_yearly": 0,
            "eps_latest_yearly": 0,
            "eps_growth_yearly": 0
        },
        "20012": {
            "year_quarter": 20012,
            "year": 2001,
            "quarter": 2,
            "eps": null,
            "eps_growth_year": null,
            "eps_4q": null,
            "eps_4q_growth_year": null,
            "roe": null,
            "roe_4q": 0,
            "gross_profit": null,
            "gross_margin": null,
            "gross_margin_4q_avg": 0,
            "net_income": null,
            "net_income_4q": null,
            "revenue": null,
            "revenue_4q": null,
            "common_shares": null,
            "book_valuer_per_share": null,
            "book_valuer_per_share_4q_avg": 0,
            "equity": null,
            "current_ratio": null,
            "debt_ratio": null,
            "inventory_turnover_ratio": null,
            "account_receivable_turnover_ratio": null,
            "reinvestment_rate": null,
            "research_to_sale_ratio": null,
            "price_fair": 0,
            "eps_avg_yearly": 0,
            "eps_latest_yearly": 0,
            "eps_growth_yearly": 0
        },
        "20013": {
            "year_quarter": 20013,
            "year": 2001,
            "quarter": 3,
            "eps": null,
            "eps_growth_year": null,
            "eps_4q": null,
            "eps_4q_growth_year": null,
            "roe": null,
            "roe_4q": 0,
            "gross_profit": null,
            "gross_margin": null,
            "gross_margin_4q_avg": 0,
            "net_income": null,
            "net_income_4q": null,
            "revenue": null,
            "revenue_4q": null,
            "common_shares": null,
            "book_valuer_per_share": null,
            "book_valuer_per_share_4q_avg": 0,
            "equity": null,
            "current_ratio": null,
            "debt_ratio": null,
            "inventory_turnover_ratio": null,
            "account_receivable_turnover_ratio": null,
            "reinvestment_rate": null,
            "research_to_sale_ratio": null,
            "price_fair": 0,
            "eps_avg_yearly": 0,
            "eps_latest_yearly": 0,
            "eps_growth_yearly": 0
        },
        "20014": {
            "year_quarter": 20014,
            "year": 2001,
            "quarter": 4,
            "eps": null,
            "eps_growth_year": null,
            "eps_4q": null,
            "eps_4q_growth_year": null,
            "roe": null,
            "roe_4q": 0,
            "gross_profit": null,
            "gross_margin": null,
            "gross_margin_4q_avg": 0,
            "net_income": null,
            "net_income_4q": null,
            "revenue": null,
            "revenue_4q": null,
            "common_shares": 198213,
            "book_valuer_per_share": 12.2,
            "book_valuer_per_share_4q_avg": 3.05,
            "equity": 241907,
            "current_ratio": 121.48,
            "debt_ratio": 48.12,
            "inventory_turnover_ratio": null,
            "account_receivable_turnover_ratio": null,
            "reinvestment_rate": null,
            "research_to_sale_ratio": null,
            "price_fair": 0,
            "eps_avg_yearly": 0,
            "eps_latest_yearly": 0,
            "eps_growth_yearly": 0
        },
        "20021": {
            "year_quarter": 20021,
            "year": 2002,
            "quarter": 1,
            "eps": null,
            "eps_growth_year": null,
            "eps_4q": null,
            "eps_4q_growth_year": null,
            "roe": null,
            "roe_4q": 0,
            "gross_profit": null,
            "gross_margin": null,
            "gross_margin_4q_avg": 0,
            "net_income": null,
            "net_income_4q": null,
            "revenue": null,
            "revenue_4q": null,
            "common_shares": null,
            "book_valuer_per_share": null,
            "book_valuer_per_share_4q_avg": 3.05,
            "equity": null,
            "current_ratio": null,
            "debt_ratio": null,
            "inventory_turnover_ratio": null,
            "account_receivable_turnover_ratio": null,
            "reinvestment_rate": null,
            "research_to_sale_ratio": null,
            "price_fair": 0,
            "eps_avg_yearly": 0,
            "eps_latest_yearly": 0,
            "eps_growth_yearly": 0
        },
        "20022": {
            "year_quarter": 20022,
            "year": 2002,
            "quarter": 2,
            "eps": null,
            "eps_growth_year": null,
            "eps_4q": null,
            "eps_4q_growth_year": null,
            "roe": null,
            "roe_4q": 0,
            "gross_profit": null,
            "gross_margin": null,
            "gross_margin_4q_avg": 0,
            "net_income": null,
            "net_income_4q": null,
            "revenue": null,
            "revenue_4q": null,
            "common_shares": null,
            "book_valuer_per_share": null,
            "book_valuer_per_share_4q_avg": 3.05,
            "equity": null,
            "current_ratio": null,
            "debt_ratio": null,
            "inventory_turnover_ratio": null,
            "account_receivable_turnover_ratio": null,
            "reinvestment_rate": null,
            "research_to_sale_ratio": null,
            "price_fair": 0,
            "eps_avg_yearly": 0,
            "eps_latest_yearly": 0,
            "eps_growth_yearly": 0
        },
        "20023": {
            "year_quarter": 20023,
            "year": 2002,
            "quarter": 3,
            "eps": null,
            "eps_growth_year": null,
            "eps_4q": null,
            "eps_4q_growth_year": null,
            "roe": null,
            "roe_4q": 0,
            "gross_profit": null,
            "gross_margin": null,
            "gross_margin_4q_avg": 0,
            "net_income": null,
            "net_income_4q": null,
            "revenue": null,
            "revenue_4q": null,
            "common_shares": null,
            "book_valuer_per_share": null,
            "book_valuer_per_share_4q_avg": 3.05,
            "equity": null,
            "current_ratio": null,
            "debt_ratio": null,
            "inventory_turnover_ratio": null,
            "account_receivable_turnover_ratio": null,
            "reinvestment_rate": null,
            "research_to_sale_ratio": null,
            "price_fair": 0,
            "eps_avg_yearly": 0,
            "eps_latest_yearly": 0,
            "eps_growth_yearly": 0
        },
        "20024": {
            "year_quarter": 20024,
            "year": 2002,
            "quarter": 4,
            "eps": null,
            "eps_growth_year": null,
            "eps_4q": null,
            "eps_4q_growth_year": null,
            "roe": null,
            "roe_4q": 0,
            "gross_profit": null,
            "gross_margin": null,
            "gross_margin_4q_avg": 0,
            "net_income": null,
            "net_income_4q": null,
            "revenue": null,
            "revenue_4q": null,
            "common_shares": 319745,
            "book_valuer_per_share": 13.28,
            "book_valuer_per_share_4q_avg": 3.32,
            "equity": 424542,
            "current_ratio": 184.61,
            "debt_ratio": 36.25,
            "inventory_turnover_ratio": null,
            "account_receivable_turnover_ratio": null,
            "reinvestment_rate": null,
            "research_to_sale_ratio": null,
            "price_fair": 0,
            "eps_avg_yearly": 0,
            "eps_latest_yearly": 0,
            "eps_growth_yearly": 0
        },
        "20031": {
            "year_quarter": 20031,
            "year": 2003,
            "quarter": 1,
            "eps": 1.04,
            "eps_growth_year": null,
            "eps_4q": null,
            "eps_4q_growth_year": null,
            "roe": 7.57,
            "roe_4q": 7.57,
            "gross_profit": 50544,
            "gross_margin": 28.2,
            "gross_margin_4q_avg": 7.05,
            "net_income": 33153,
            "net_income_4q": null,
            "revenue": 179253,
            "revenue_4q": null,
            "common_shares": 319745,
            "book_valuer_per_share": 14.12,
            "book_valuer_per_share_4q_avg": 6.85,
            "equity": 451616,
            "current_ratio": 239.04,
            "debt_ratio": 30.52,
            "inventory_turnover_ratio": 1.41,
            "account_receivable_turnover_ratio": null,
            "reinvestment_rate": null,
            "research_to_sale_ratio": null,
            "price_fair": 0,
            "eps_avg_yearly": 0,
            "eps_latest_yearly": 0,
            "eps_growth_yearly": 0
        },
        "20032": {
            "year_quarter": 20032,
            "year": 2003,
            "quarter": 2,
            "eps": 0.75,
            "eps_growth_year": null,
            "eps_4q": null,
            "eps_4q_growth_year": null,
            "roe": 5.2,
            "roe_4q": 12.77,
            "gross_profit": 53739,
            "gross_margin": 27.13,
            "gross_margin_4q_avg": 13.83,
            "net_income": 23983,
            "net_income_4q": null,
            "revenue": 198053,
            "revenue_4q": null,
            "common_shares": 319745,
            "book_valuer_per_share": 14.71,
            "book_valuer_per_share_4q_avg": 10.53,
            "equity": 470425,
            "current_ratio": 215.7,
            "debt_ratio": 32.73,
            "inventory_turnover_ratio": 1.58,
            "account_receivable_turnover_ratio": null,
            "reinvestment_rate": null,
            "research_to_sale_ratio": null,
            "price_fair": 9,
            "eps_avg_yearly": 3,
            "eps_latest_yearly": 3,
            "eps_growth_yearly": -111.54
        },
        "20033": {
            "year_quarter": 20033,
            "year": 2003,
            "quarter": 3,
            "eps": 0.83,
            "eps_growth_year": null,
            "eps_4q": null,
            "eps_4q_growth_year": null,
            "roe": 5.41,
            "roe_4q": 18.18,
            "gross_profit": 53333,
            "gross_margin": 26.77,
            "gross_margin_4q_avg": 20.53,
            "net_income": 26431,
            "net_income_4q": null,
            "revenue": 199261,
            "revenue_4q": null,
            "common_shares": 319745,
            "book_valuer_per_share": 15.87,
            "book_valuer_per_share_4q_avg": 14.5,
            "equity": 507368,
            "current_ratio": 233.24,
            "debt_ratio": 30.45,
            "inventory_turnover_ratio": 1.7,
            "account_receivable_turnover_ratio": null,
            "reinvestment_rate": null,
            "research_to_sale_ratio": null,
            "price_fair": 9.48,
            "eps_avg_yearly": 3.16,
            "eps_latest_yearly": 3.32,
            "eps_growth_yearly": -34.44
        },
        "20034": {
            "year_quarter": 20034,
            "year": 2003,
            "quarter": 4,
            "eps": 0.83,
            "eps_growth_year": null,
            "eps_4q": 3.05,
            "eps_4q_growth_year": null,
            "roe": 6,
            "roe_4q": 24.18,
            "gross_profit": 42099,
            "gross_margin": 21.19,
            "gross_margin_4q_avg": 25.82,
            "net_income": 31260,
            "net_income_4q": null,
            "revenue": 198673,
            "revenue_4q": null,
            "common_shares": 377332,
            "book_valuer_per_share": 14.19,
            "book_valuer_per_share_4q_avg": 14.72,
            "equity": 535450,
            "current_ratio": 192.9,
            "debt_ratio": 34.91,
            "inventory_turnover_ratio": 1.67,
            "account_receivable_turnover_ratio": null,
            "reinvestment_rate": null,
            "research_to_sale_ratio": null,
            "price_fair": 9.64,
            "eps_avg_yearly": 3.21,
            "eps_latest_yearly": 3.32,
            "eps_growth_yearly": -22.96
        },
        "20041": {
            "year_quarter": 20041,
            "year": 2004,
            "quarter": 1,
            "eps": 0.55,
            "eps_growth_year": -47.12,
            "eps_4q": 2.71,
            "eps_4q_growth_year": null,
            "roe": 3.82,
            "roe_4q": 20.43,
            "gross_profit": 45227,
            "gross_margin": 21.93,
            "gross_margin_4q_avg": 24.26,
            "net_income": 20794,
            "net_income_4q": null,
            "revenue": 206254,
            "revenue_4q": null,
            "common_shares": 377332,
            "book_valuer_per_share": 14.64,
            "book_valuer_per_share_4q_avg": 14.85,
            "equity": 552480,
            "current_ratio": 199.68,
            "debt_ratio": 31.74,
            "inventory_turnover_ratio": 1.56,
            "account_receivable_turnover_ratio": null,
            "reinvestment_rate": null,
            "research_to_sale_ratio": null,
            "price_fair": 8.88,
            "eps_avg_yearly": 2.96,
            "eps_latest_yearly": 2.2,
            "eps_growth_yearly": -50.95
        },
        "20042": {
            "year_quarter": 20042,
            "year": 2004,
            "quarter": 2,
            "eps": 0.82,
            "eps_growth_year": 9.33,
            "eps_4q": 2.89,
            "eps_4q_growth_year": null,
            "roe": 5.75,
            "roe_4q": 20.98,
            "gross_profit": 56274,
            "gross_margin": 24.79,
            "gross_margin_4q_avg": 23.67,
            "net_income": 31110,
            "net_income_4q": null,
            "revenue": 226991,
            "revenue_4q": null,
            "common_shares": 377332,
            "book_valuer_per_share": 14.03,
            "book_valuer_per_share_4q_avg": 14.68,
            "equity": 529442,
            "current_ratio": 160.22,
            "debt_ratio": 40.35,
            "inventory_turnover_ratio": 1.56,
            "account_receivable_turnover_ratio": null,
            "reinvestment_rate": null,
            "research_to_sale_ratio": null,
            "price_fair": 9.07,
            "eps_avg_yearly": 3.02,
            "eps_latest_yearly": 3.28,
            "eps_growth_yearly": -1.49
        },
        "20043": {
            "year_quarter": 20043,
            "year": 2004,
            "quarter": 3,
            "eps": 0.67,
            "eps_growth_year": -19.28,
            "eps_4q": 2.52,
            "eps_4q_growth_year": null,
            "roe": 5.38,
            "roe_4q": 20.95,
            "gross_profit": 65021,
            "gross_margin": 27.1,
            "gross_margin_4q_avg": 23.75,
            "net_income": 30116,
            "net_income_4q": null,
            "revenue": 239907,
            "revenue_4q": null,
            "common_shares": 468385,
            "book_valuer_per_share": 12.61,
            "book_valuer_per_share_4q_avg": 13.87,
            "equity": 590820,
            "current_ratio": 281.62,
            "debt_ratio": 48.82,
            "inventory_turnover_ratio": 1.5,
            "account_receivable_turnover_ratio": null,
            "reinvestment_rate": null,
            "research_to_sale_ratio": null,
            "price_fair": 8.9,
            "eps_avg_yearly": 2.97,
            "eps_latest_yearly": 2.68,
            "eps_growth_yearly": -13.44
        },
        "20044": {
            "year_quarter": 20044,
            "year": 2004,
            "quarter": 4,
            "eps": 0.66,
            "eps_growth_year": -20.48,
            "eps_4q": 2.45,
            "eps_4q_growth_year": -19.51,
            "roe": 5.07,
            "roe_4q": 20.02,
            "gross_profit": 59193,
            "gross_margin": 25.61,
            "gross_margin_4q_avg": 24.86,
            "net_income": 30173,
            "net_income_4q": null,
            "revenue": 231091,
            "revenue_4q": null,
            "common_shares": 484815,
            "book_valuer_per_share": 12.35,
            "book_valuer_per_share_4q_avg": 13.41,
            "equity": 598688,
            "current_ratio": 306.98,
            "debt_ratio": 43.9,
            "inventory_turnover_ratio": 1.46,
            "account_receivable_turnover_ratio": null,
            "reinvestment_rate": null,
            "research_to_sale_ratio": null,
            "price_fair": 8.76,
            "eps_avg_yearly": 2.92,
            "eps_latest_yearly": 2.64,
            "eps_growth_yearly": -12.37
        },
        "20051": {
            "year_quarter": 20051,
            "year": 2005,
            "quarter": 1,
            "eps": 0.58,
            "eps_growth_year": 5.45,
            "eps_4q": 2.57,
            "eps_4q_growth_year": -5.12,
            "roe": 4.37,
            "roe_4q": 20.57,
            "gross_profit": 48043,
            "gross_margin": 25.51,
            "gross_margin_4q_avg": 25.75,
            "net_income": 26618,
            "net_income_4q": null,
            "revenue": 188358,
            "revenue_4q": null,
            "common_shares": 469835,
            "book_valuer_per_share": 13.17,
            "book_valuer_per_share_4q_avg": 13.04,
            "equity": 618766,
            "current_ratio": 340,
            "debt_ratio": 40.94,
            "inventory_turnover_ratio": 1.16,
            "account_receivable_turnover_ratio": null,
            "reinvestment_rate": null,
            "research_to_sale_ratio": null,
            "price_fair": 8.54,
            "eps_avg_yearly": 2.85,
            "eps_latest_yearly": 2.32,
            "eps_growth_yearly": -16.88
        },
        "20052": {
            "year_quarter": 20052,
            "year": 2005,
            "quarter": 2,
            "eps": 0.57,
            "eps_growth_year": -30.49,
            "eps_4q": 2.25,
            "eps_4q_growth_year": -22.28,
            "roe": 4.81,
            "roe_4q": 19.63,
            "gross_profit": 67130,
            "gross_margin": 27.62,
            "gross_margin_4q_avg": 26.46,
            "net_income": 29570,
            "net_income_4q": null,
            "revenue": 243064,
            "revenue_4q": null,
            "common_shares": 469835,
            "book_valuer_per_share": 12.99,
            "book_valuer_per_share_4q_avg": 12.78,
            "equity": 610210,
            "current_ratio": 288.38,
            "debt_ratio": 43.81,
            "inventory_turnover_ratio": 1.51,
            "account_receivable_turnover_ratio": null,
            "reinvestment_rate": null,
            "research_to_sale_ratio": null,
            "price_fair": 8.35,
            "eps_avg_yearly": 2.78,
            "eps_latest_yearly": 2.28,
            "eps_growth_yearly": -15.77
        },
        "20053": {
            "year_quarter": 20053,
            "year": 2005,
            "quarter": 3,
            "eps": 0.92,
            "eps_growth_year": 37.31,
            "eps_4q": 2.56,
            "eps_4q_growth_year": 1.59,
            "roe": 6.79,
            "roe_4q": 21.04,
            "gross_profit": 72178,
            "gross_margin": 26.31,
            "gross_margin_4q_avg": 26.26,
            "net_income": 48441,
            "net_income_4q": null,
            "revenue": 274368,
            "revenue_4q": null,
            "common_shares": 589478,
            "book_valuer_per_share": 13.84,
            "book_valuer_per_share_4q_avg": 13.09,
            "equity": 816106,
            "current_ratio": 271.63,
            "debt_ratio": 32.77,
            "inventory_turnover_ratio": 1.65,
            "account_receivable_turnover_ratio": null,
            "reinvestment_rate": null,
            "research_to_sale_ratio": null,
            "price_fair": 58.49,
            "eps_avg_yearly": 2.87,
            "eps_latest_yearly": 3.68,
            "eps_growth_yearly": 10.36
        },
        "20054": {
            "year_quarter": 20054,
            "year": 2005,
            "quarter": 4,
            "eps": 0.71,
            "eps_growth_year": 7.58,
            "eps_4q": 2.66,
            "eps_4q_growth_year": 8.28,
            "roe": 4.37,
            "roe_4q": 20.34,
            "gross_profit": 74069,
            "gross_margin": 29.28,
            "gross_margin_4q_avg": 27.18,
            "net_income": 38147,
            "net_income_4q": null,
            "revenue": 252954,
            "revenue_4q": null,
            "common_shares": 624490,
            "book_valuer_per_share": 14.91,
            "book_valuer_per_share_4q_avg": 13.73,
            "equity": 930818,
            "current_ratio": 340.34,
            "debt_ratio": 22.43,
            "inventory_turnover_ratio": 1.41,
            "account_receivable_turnover_ratio": null,
            "reinvestment_rate": null,
            "research_to_sale_ratio": null,
            "price_fair": 31.91,
            "eps_avg_yearly": 2.87,
            "eps_latest_yearly": 2.84,
            "eps_growth_yearly": 1.12
        },
        "20061": {
            "year_quarter": 20061,
            "year": 2006,
            "quarter": 1,
            "eps": 0.34,
            "eps_growth_year": -41.38,
            "eps_4q": 2.17,
            "eps_4q_growth_year": -15.49,
            "roe": 2.27,
            "roe_4q": 18.24,
            "gross_profit": 43181,
            "gross_margin": 23.66,
            "gross_margin_4q_avg": 26.72,
            "net_income": 21544,
            "net_income_4q": null,
            "revenue": 182469,
            "revenue_4q": null,
            "common_shares": 633535,
            "book_valuer_per_share": 15.25,
            "book_valuer_per_share_4q_avg": 14.25,
            "equity": 965932,
            "current_ratio": 349.12,
            "debt_ratio": 19.54,
            "inventory_turnover_ratio": 1.13,
            "account_receivable_turnover_ratio": null,
            "reinvestment_rate": null,
            "research_to_sale_ratio": null,
            "price_fair": 8.23,
            "eps_avg_yearly": 2.74,
            "eps_latest_yearly": 1.36,
            "eps_growth_yearly": -16.34
        },
        "20062": {
            "year_quarter": 20062,
            "year": 2006,
            "quarter": 2,
            "eps": 0.6,
            "eps_growth_year": 5.26,
            "eps_4q": 2.33,
            "eps_4q_growth_year": 3.78,
            "roe": 3.91,
            "roe_4q": 17.34,
            "gross_profit": 68161,
            "gross_margin": 21.81,
            "gross_margin_4q_avg": 25.27,
            "net_income": 37498,
            "net_income_4q": null,
            "revenue": 312527,
            "revenue_4q": null,
            "common_shares": 633935,
            "book_valuer_per_share": 15,
            "book_valuer_per_share_4q_avg": 14.75,
            "equity": 950690,
            "current_ratio": 253.05,
            "debt_ratio": 27.19,
            "inventory_turnover_ratio": 1.92,
            "account_receivable_turnover_ratio": null,
            "reinvestment_rate": null,
            "research_to_sale_ratio": null,
            "price_fair": 50.11,
            "eps_avg_yearly": 2.72,
            "eps_latest_yearly": 2.4,
            "eps_growth_yearly": 8.44
        },
        "20063": {
            "year_quarter": 20063,
            "year": 2006,
            "quarter": 3,
            "eps": 0.75,
            "eps_growth_year": -18.48,
            "eps_4q": 2.12,
            "eps_4q_growth_year": -17.06,
            "roe": 5.43,
            "roe_4q": 15.98,
            "gross_profit": 59866,
            "gross_margin": 23.19,
            "gross_margin_4q_avg": 24.49,
            "net_income": 53072,
            "net_income_4q": null,
            "revenue": 258163,
            "revenue_4q": null,
            "common_shares": 719110,
            "book_valuer_per_share": 13.95,
            "book_valuer_per_share_4q_avg": 14.78,
            "equity": 1003371,
            "current_ratio": 271.04,
            "debt_ratio": 25.11,
            "inventory_turnover_ratio": 2.2,
            "account_receivable_turnover_ratio": null,
            "reinvestment_rate": null,
            "research_to_sale_ratio": null,
            "price_fair": 68.38,
            "eps_avg_yearly": 2.74,
            "eps_latest_yearly": 3,
            "eps_growth_yearly": 14.98
        },
        "20064": {
            "year_quarter": 20064,
            "year": 2006,
            "quarter": 4,
            "eps": 0.12,
            "eps_growth_year": -83.1,
            "eps_4q": 1.68,
            "eps_4q_growth_year": -36.7,
            "roe": 0.85,
            "roe_4q": 12.459999999999999,
            "gross_profit": 50962,
            "gross_margin": 20.04,
            "gross_margin_4q_avg": 22.18,
            "net_income": 8613,
            "net_income_4q": null,
            "revenue": 254286,
            "revenue_4q": null,
            "common_shares": 719360,
            "book_valuer_per_share": 14.16,
            "book_valuer_per_share_4q_avg": 14.59,
            "equity": 1021726,
            "current_ratio": 241.39,
            "debt_ratio": 30.84,
            "inventory_turnover_ratio": 1.6,
            "account_receivable_turnover_ratio": null,
            "reinvestment_rate": 28.59,
            "research_to_sale_ratio": null,
            "price_fair": 7.76,
            "eps_avg_yearly": 2.59,
            "eps_latest_yearly": 0.48,
            "eps_growth_yearly": -8.42
        },
        "20071": {
            "year_quarter": 20071,
            "year": 2007,
            "quarter": 1,
            "eps": 0.08,
            "eps_growth_year": -76.47,
            "eps_4q": 1.5,
            "eps_4q_growth_year": -30.97,
            "roe": 0.54,
            "roe_4q": 10.73,
            "gross_profit": 25846,
            "gross_margin": 12.66,
            "gross_margin_4q_avg": 19.43,
            "net_income": 5587,
            "net_income_4q": null,
            "revenue": 204209,
            "revenue_4q": null,
            "common_shares": 723185,
            "book_valuer_per_share": 14.26,
            "book_valuer_per_share_4q_avg": 14.34,
            "equity": 1031161,
            "current_ratio": 366.64,
            "debt_ratio": 15.48,
            "inventory_turnover_ratio": 1.29,
            "account_receivable_turnover_ratio": null,
            "reinvestment_rate": 17.56,
            "research_to_sale_ratio": null,
            "price_fair": 7.34,
            "eps_avg_yearly": 2.45,
            "eps_latest_yearly": 0.32,
            "eps_growth_yearly": -16.22
        },
        "20072": {
            "year_quarter": 20072,
            "year": 2007,
            "quarter": 2,
            "eps": 0.27,
            "eps_growth_year": -55,
            "eps_4q": 1.17,
            "eps_4q_growth_year": -49.98,
            "roe": 2.03,
            "roe_4q": 8.85,
            "gross_profit": 41642,
            "gross_margin": 18.47,
            "gross_margin_4q_avg": 18.59,
            "net_income": 20281,
            "net_income_4q": null,
            "revenue": 225414,
            "revenue_4q": null,
            "common_shares": 723185,
            "book_valuer_per_share": 13.35,
            "book_valuer_per_share_4q_avg": 13.93,
            "equity": 965462,
            "current_ratio": 189.44,
            "debt_ratio": 28.09,
            "inventory_turnover_ratio": 2.43,
            "account_receivable_turnover_ratio": null,
            "reinvestment_rate": 13.76,
            "research_to_sale_ratio": null,
            "price_fair": 81.38,
            "eps_avg_yearly": 2.33,
            "eps_latest_yearly": 1.08,
            "eps_growth_yearly": 50.12
        },
        "20073": {
            "year_quarter": 20073,
            "year": 2007,
            "quarter": 3,
            "eps": 0.32,
            "eps_growth_year": -57.33,
            "eps_4q": 0.77,
            "eps_4q_growth_year": -63.53,
            "roe": 2.39,
            "roe_4q": 5.81,
            "gross_profit": 33359,
            "gross_margin": 17.8,
            "gross_margin_4q_avg": 17.24,
            "net_income": 24282,
            "net_income_4q": null,
            "revenue": 187397,
            "revenue_4q": null,
            "common_shares": 766332,
            "book_valuer_per_share": 13.9,
            "book_valuer_per_share_4q_avg": 13.92,
            "equity": 1065372,
            "current_ratio": 270.4,
            "debt_ratio": 44.99,
            "inventory_turnover_ratio": 3.05,
            "account_receivable_turnover_ratio": null,
            "reinvestment_rate": 7.07,
            "research_to_sale_ratio": null,
            "price_fair": 76.91,
            "eps_avg_yearly": 2.2,
            "eps_latest_yearly": 1.28,
            "eps_growth_yearly": 52.09
        },
        "20074": {
            "year_quarter": 20074,
            "year": 2007,
            "quarter": 4,
            "eps": 0.18,
            "eps_growth_year": 50,
            "eps_4q": 0.82,
            "eps_4q_growth_year": -51.2,
            "roe": 1.3,
            "roe_4q": 6.260000000000001,
            "gross_profit": 30238,
            "gross_margin": 10.99,
            "gross_margin_4q_avg": 14.98,
            "net_income": 14086,
            "net_income_4q": null,
            "revenue": 275158,
            "revenue_4q": null,
            "common_shares": 769830,
            "book_valuer_per_share": 13.74,
            "book_valuer_per_share_4q_avg": 13.81,
            "equity": 1094147,
            "current_ratio": 255.37,
            "debt_ratio": 50.21,
            "inventory_turnover_ratio": 1.03,
            "account_receivable_turnover_ratio": null,
            "reinvestment_rate": 28.49,
            "research_to_sale_ratio": null,
            "price_fair": 71.23,
            "eps_avg_yearly": 2.04,
            "eps_latest_yearly": 0.72,
            "eps_growth_yearly": 41.15
        },
        "20081": {
            "year_quarter": 20081,
            "year": 2008,
            "quarter": 1,
            "eps": 0.03,
            "eps_growth_year": -62.5,
            "eps_4q": 0.67,
            "eps_4q_growth_year": -55.27,
            "roe": 0.25,
            "roe_4q": 5.970000000000001,
            "gross_profit": 77866,
            "gross_margin": 14.61,
            "gross_margin_4q_avg": 15.47,
            "net_income": 2720,
            "net_income_4q": null,
            "revenue": 533019,
            "revenue_4q": null,
            "common_shares": 763955,
            "book_valuer_per_share": 13.52,
            "book_valuer_per_share_4q_avg": 13.63,
            "equity": 1069863,
            "current_ratio": 208.33,
            "debt_ratio": 54.89,
            "inventory_turnover_ratio": 1.09,
            "account_receivable_turnover_ratio": null,
            "reinvestment_rate": 66.95,
            "research_to_sale_ratio": null,
            "price_fair": 66.68,
            "eps_avg_yearly": 1.91,
            "eps_latest_yearly": 0.12,
            "eps_growth_yearly": 28.75
        },
        "20082": {
            "year_quarter": 20082,
            "year": 2008,
            "quarter": 2,
            "eps": -1.02,
            "eps_growth_year": -477.78,
            "eps_4q": -0.48,
            "eps_4q_growth_year": -141.26,
            "roe": -7.27,
            "roe_4q": -3.3299999999999996,
            "gross_profit": 7558,
            "gross_margin": 2.18,
            "gross_margin_4q_avg": 11.4,
            "net_income": -78005,
            "net_income_4q": null,
            "revenue": 346693,
            "revenue_4q": null,
            "common_shares": 755005,
            "book_valuer_per_share": 13.02,
            "book_valuer_per_share_4q_avg": 13.55,
            "equity": 1074850,
            "current_ratio": 207.14,
            "debt_ratio": 50.9,
            "inventory_turnover_ratio": 0.92,
            "account_receivable_turnover_ratio": null,
            "reinvestment_rate": 134.85,
            "research_to_sale_ratio": null,
            "price_fair": 50,
            "eps_avg_yearly": 1.81,
            "eps_latest_yearly": 0.12,
            "eps_growth_yearly": 17.58
        },
        "20083": {
            "year_quarter": 20083,
            "year": 2008,
            "quarter": 3,
            "eps": -0.5,
            "eps_growth_year": -256.25,
            "eps_4q": -1.21,
            "eps_4q_growth_year": -256.27,
            "roe": -3.19,
            "roe_4q": -8.909999999999998,
            "gross_profit": 126506,
            "gross_margin": 18.62,
            "gross_margin_4q_avg": 11.6,
            "net_income": -35093,
            "net_income_4q": null,
            "revenue": 679330,
            "revenue_4q": null,
            "common_shares": 835883,
            "book_valuer_per_share": 12.29,
            "book_valuer_per_share_4q_avg": 13.14,
            "equity": 1124509,
            "current_ratio": 179.96,
            "debt_ratio": 53.44,
            "inventory_turnover_ratio": 1.59,
            "account_receivable_turnover_ratio": null,
            "reinvestment_rate": 202.87,
            "research_to_sale_ratio": null,
            "price_fair": 59.65,
            "eps_avg_yearly": 1.75,
            "eps_latest_yearly": 0.12,
            "eps_growth_yearly": 24.06
        },
        "20084": {
            "year_quarter": 20084,
            "year": 2008,
            "quarter": 4,
            "eps": -0.59,
            "eps_growth_year": -427.78,
            "eps_4q": -1.96,
            "eps_4q_growth_year": -339.1,
            "roe": -4.98,
            "roe_4q": -15.19,
            "gross_profit": -12567,
            "gross_margin": -6.73,
            "gross_margin_4q_avg": 7.17,
            "net_income": -54702,
            "net_income_4q": null,
            "revenue": 186719,
            "revenue_4q": null,
            "common_shares": 835883,
            "book_valuer_per_share": 11.74,
            "book_valuer_per_share_4q_avg": 12.64,
            "equity": 1073364,
            "current_ratio": 181.07,
            "debt_ratio": 48.3,
            "inventory_turnover_ratio": 0.54,
            "account_receivable_turnover_ratio": 1.5,
            "reinvestment_rate": 231.85,
            "research_to_sale_ratio": null,
            "price_fair": 58.91,
            "eps_avg_yearly": 1.68,
            "eps_latest_yearly": 0.12,
            "eps_growth_yearly": 26.37
        },
        "20091": {
            "year_quarter": 20091,
            "year": 2009,
            "quarter": 1,
            "eps": -0.25,
            "eps_growth_year": -933.33,
            "eps_4q": -2.25,
            "eps_4q_growth_year": -434.73,
            "roe": -2.52,
            "roe_4q": -17.96,
            "gross_profit": 9297,
            "gross_margin": 4.31,
            "gross_margin_4q_avg": 4.6,
            "net_income": -26807,
            "net_income_4q": null,
            "revenue": 215543,
            "revenue_4q": null,
            "common_shares": 835883,
            "book_valuer_per_share": 11.6,
            "book_valuer_per_share_4q_avg": 12.16,
            "equity": 1055472,
            "current_ratio": 171.78,
            "debt_ratio": 48.06,
            "inventory_turnover_ratio": 0.55,
            "account_receivable_turnover_ratio": 0.91,
            "reinvestment_rate": 554.4,
            "research_to_sale_ratio": null,
            "price_fair": 57.05,
            "eps_avg_yearly": 1.63,
            "eps_latest_yearly": 0.12,
            "eps_growth_yearly": 32.6
        },
        "20092": {
            "year_quarter": 20092,
            "year": 2009,
            "quarter": 2,
            "eps": 0.14,
            "eps_growth_year": null,
            "eps_4q": -1.21,
            "eps_4q_growth_year": null,
            "roe": 1.09,
            "roe_4q": -9.6,
            "gross_profit": 37698,
            "gross_margin": 14.98,
            "gross_margin_4q_avg": 7.8,
            "net_income": 11474,
            "net_income_4q": null,
            "revenue": 251728,
            "revenue_4q": null,
            "common_shares": 835883,
            "book_valuer_per_share": 11.65,
            "book_valuer_per_share_4q_avg": 11.82,
            "equity": 1059415,
            "current_ratio": 208.96,
            "debt_ratio": 49.89,
            "inventory_turnover_ratio": 0.61,
            "account_receivable_turnover_ratio": 0.99,
            "reinvestment_rate": 630.71,
            "research_to_sale_ratio": null,
            "price_fair": 54.98,
            "eps_avg_yearly": 1.57,
            "eps_latest_yearly": 0.12,
            "eps_growth_yearly": 36.2
        },
        "20093": {
            "year_quarter": 20093,
            "year": 2009,
            "quarter": 3,
            "eps": 0,
            "eps_growth_year": null,
            "eps_4q": -0.69,
            "eps_4q_growth_year": null,
            "roe": -0.28,
            "roe_4q": -6.69,
            "gross_profit": 44152,
            "gross_margin": 14.35,
            "gross_margin_4q_avg": 6.73,
            "net_income": -2977,
            "net_income_4q": null,
            "revenue": 307749,
            "revenue_4q": null,
            "common_shares": 835883,
            "book_valuer_per_share": 11.59,
            "book_valuer_per_share_4q_avg": 11.65,
            "equity": 1051041,
            "current_ratio": 109.6,
            "debt_ratio": 49.96,
            "inventory_turnover_ratio": 0.78,
            "account_receivable_turnover_ratio": 0.95,
            "reinvestment_rate": 1484.02,
            "research_to_sale_ratio": null,
            "price_fair": 34.34,
            "eps_avg_yearly": 1.36,
            "eps_latest_yearly": 0.12,
            "eps_growth_yearly": 15.25
        },
        "20094": {
            "year_quarter": 20094,
            "year": 2009,
            "quarter": 4,
            "eps": 0.48,
            "eps_growth_year": null,
            "eps_4q": 0.36,
            "eps_4q_growth_year": null,
            "roe": 3.35,
            "roe_4q": 1.6400000000000001,
            "gross_profit": 79606,
            "gross_margin": 27.21,
            "gross_margin_4q_avg": 15.21,
            "net_income": 36563,
            "net_income_4q": null,
            "revenue": 292555,
            "revenue_4q": null,
            "common_shares": 865874,
            "book_valuer_per_share": 12.21,
            "book_valuer_per_share_4q_avg": 11.76,
            "equity": 1129823,
            "current_ratio": 97.25,
            "debt_ratio": 48.77,
            "inventory_turnover_ratio": 0.66,
            "account_receivable_turnover_ratio": 1.86,
            "reinvestment_rate": 1382.44,
            "research_to_sale_ratio": null,
            "price_fair": 41.84,
            "eps_avg_yearly": 1.2,
            "eps_latest_yearly": 0.12,
            "eps_growth_yearly": 27.09
        },
        "20101": {
            "year_quarter": 20101,
            "year": 2010,
            "quarter": 1,
            "eps": 0.15,
            "eps_growth_year": null,
            "eps_4q": 0.56,
            "eps_4q_growth_year": null,
            "roe": 0.95,
            "roe_4q": 5.109999999999999,
            "gross_profit": 84076,
            "gross_margin": 29.13,
            "gross_margin_4q_avg": 21.42,
            "net_income": 13339,
            "net_income_4q": null,
            "revenue": 288645,
            "revenue_4q": null,
            "common_shares": 1181265,
            "book_valuer_per_share": 13.55,
            "book_valuer_per_share_4q_avg": 12.25,
            "equity": 1672794,
            "current_ratio": 152.41,
            "debt_ratio": 39.51,
            "inventory_turnover_ratio": 0.65,
            "account_receivable_turnover_ratio": 0.86,
            "reinvestment_rate": 2396.16,
            "research_to_sale_ratio": 3.05,
            "price_fair": 33,
            "eps_avg_yearly": 1.11,
            "eps_latest_yearly": 0.6,
            "eps_growth_yearly": 19.7
        },
        "20102": {
            "year_quarter": 20102,
            "year": 2010,
            "quarter": 2,
            "eps": 0.2,
            "eps_growth_year": 44.66,
            "eps_4q": 0.66,
            "eps_4q_growth_year": null,
            "roe": 1.33,
            "roe_4q": 5.3500000000000005,
            "gross_profit": 88175,
            "gross_margin": 23.86,
            "gross_margin_4q_avg": 23.64,
            "net_income": 22547,
            "net_income_4q": null,
            "revenue": 369487,
            "revenue_4q": null,
            "common_shares": 1181454,
            "book_valuer_per_share": 13.84,
            "book_valuer_per_share_4q_avg": 12.8,
            "equity": 1705755,
            "current_ratio": 136.24,
            "debt_ratio": 39.46,
            "inventory_turnover_ratio": 0.92,
            "account_receivable_turnover_ratio": 0.94,
            "reinvestment_rate": 3994.07,
            "research_to_sale_ratio": 3.37,
            "price_fair": 9.33,
            "eps_avg_yearly": 0.93,
            "eps_latest_yearly": 0.8,
            "eps_growth_yearly": 0.53
        },
        "20103": {
            "year_quarter": 20103,
            "year": 2010,
            "quarter": 3,
            "eps": 0.12,
            "eps_growth_year": null,
            "eps_4q": 0.75,
            "eps_4q_growth_year": null,
            "roe": 0.88,
            "roe_4q": 6.51,
            "gross_profit": 96968,
            "gross_margin": 22.38,
            "gross_margin_4q_avg": 25.65,
            "net_income": 15266,
            "net_income_4q": null,
            "revenue": 433269,
            "revenue_4q": null,
            "common_shares": 1228922,
            "book_valuer_per_share": 13.69,
            "book_valuer_per_share_4q_avg": 13.32,
            "equity": 1750783,
            "current_ratio": 179.35,
            "debt_ratio": 40.51,
            "inventory_turnover_ratio": 1.07,
            "account_receivable_turnover_ratio": 0.98,
            "reinvestment_rate": null,
            "research_to_sale_ratio": 2.85,
            "price_fair": 1.96,
            "eps_avg_yearly": 0.65,
            "eps_latest_yearly": 0.48,
            "eps_growth_yearly": -28.36
        },
        "20104": {
            "year_quarter": 20104,
            "year": 2010,
            "quarter": 4,
            "eps": -0.09,
            "eps_growth_year": -119,
            "eps_4q": 0.34,
            "eps_4q_growth_year": -6.21,
            "roe": -0.77,
            "roe_4q": 2.3899999999999997,
            "gross_profit": 60301,
            "gross_margin": 14.56,
            "gross_margin_4q_avg": 22.48,
            "net_income": -13356,
            "net_income_4q": null,
            "revenue": 414150,
            "revenue_4q": null,
            "common_shares": 1228922,
            "book_valuer_per_share": 13.46,
            "book_valuer_per_share_4q_avg": 13.64,
            "equity": 1704071,
            "current_ratio": 169.36,
            "debt_ratio": 40.82,
            "inventory_turnover_ratio": 1.04,
            "account_receivable_turnover_ratio": 0.97,
            "reinvestment_rate": null,
            "research_to_sale_ratio": 3.65,
            "price_fair": 13.56,
            "eps_avg_yearly": 0.68,
            "eps_latest_yearly": 0.48,
            "eps_growth_yearly": 10.09
        },
        "20111": {
            "year_quarter": 20111,
            "year": 2011,
            "quarter": 1,
            "eps": -0.42,
            "eps_growth_year": -380,
            "eps_4q": -0.18,
            "eps_4q_growth_year": -133.06,
            "roe": -2.9,
            "roe_4q": -1.46,
            "gross_profit": 34714,
            "gross_margin": 7.69,
            "gross_margin_4q_avg": 17.12,
            "net_income": -54683,
            "net_income_4q": null,
            "revenue": 451557,
            "revenue_4q": null,
            "common_shares": 1428922,
            "book_valuer_per_share": 14.15,
            "book_valuer_per_share_4q_avg": 13.79,
            "equity": 2069759,
            "current_ratio": 302.47,
            "debt_ratio": 27.89,
            "inventory_turnover_ratio": 1.2,
            "account_receivable_turnover_ratio": 1.12,
            "reinvestment_rate": null,
            "research_to_sale_ratio": 3.59,
            "price_fair": 25.4,
            "eps_avg_yearly": 0.73,
            "eps_latest_yearly": 0.48,
            "eps_growth_yearly": 30.58
        },
        "20112": {
            "year_quarter": 20112,
            "year": 2011,
            "quarter": 2,
            "eps": -0.37,
            "eps_growth_year": -284.58,
            "eps_4q": -0.71,
            "eps_4q_growth_year": -208.26,
            "roe": -2.78,
            "roe_4q": -5.569999999999999,
            "gross_profit": 31839,
            "gross_margin": 6.13,
            "gross_margin_4q_avg": 12.69,
            "net_income": -56110,
            "net_income_4q": null,
            "revenue": 519636,
            "revenue_4q": null,
            "common_shares": 1428922,
            "book_valuer_per_share": 13.53,
            "book_valuer_per_share_4q_avg": 13.71,
            "equity": 1970824,
            "current_ratio": 219.21,
            "debt_ratio": 32.89,
            "inventory_turnover_ratio": 1.4,
            "account_receivable_turnover_ratio": 1.36,
            "reinvestment_rate": null,
            "research_to_sale_ratio": 3.37,
            "price_fair": 2,
            "eps_avg_yearly": 0.67,
            "eps_latest_yearly": 0.48,
            "eps_growth_yearly": -122.65
        },
        "20113": {
            "year_quarter": 20113,
            "year": 2011,
            "quarter": 3,
            "eps": 0.2,
            "eps_growth_year": 65.16,
            "eps_4q": -0.62,
            "eps_4q_growth_year": -182.66,
            "roe": 1.62,
            "roe_4q": -4.83,
            "gross_profit": 62425,
            "gross_margin": 15.97,
            "gross_margin_4q_avg": 11.09,
            "net_income": 32388,
            "net_income_4q": null,
            "revenue": 390984,
            "revenue_4q": null,
            "common_shares": 1499253,
            "book_valuer_per_share": 13.28,
            "book_valuer_per_share_4q_avg": 13.61,
            "equity": 2016031,
            "current_ratio": 141.11,
            "debt_ratio": 35.38,
            "inventory_turnover_ratio": 0.83,
            "account_receivable_turnover_ratio": 0.95,
            "reinvestment_rate": null,
            "research_to_sale_ratio": 5.11,
            "price_fair": 1.63,
            "eps_avg_yearly": 0.54,
            "eps_latest_yearly": 0.48,
            "eps_growth_yearly": -162
        },
        "20114": {
            "year_quarter": 20114,
            "year": 2011,
            "quarter": 4,
            "eps": -1.62,
            "eps_growth_year": null,
            "eps_4q": -2.17,
            "eps_4q_growth_year": -742.47,
            "roe": -13.44,
            "roe_4q": -17.5,
            "gross_profit": -117250,
            "gross_margin": -44.17,
            "gross_margin_4q_avg": -3.6,
            "net_income": -253554,
            "net_income_4q": null,
            "revenue": 265470,
            "revenue_4q": null,
            "common_shares": 1485922,
            "book_valuer_per_share": 11.69,
            "book_valuer_per_share_4q_avg": 13.16,
            "equity": 1757576,
            "current_ratio": 145.11,
            "debt_ratio": 41.94,
            "inventory_turnover_ratio": 1.07,
            "account_receivable_turnover_ratio": 0.69,
            "reinvestment_rate": null,
            "research_to_sale_ratio": 7.59,
            "price_fair": 1.5,
            "eps_avg_yearly": 0.5,
            "eps_latest_yearly": 0.48,
            "eps_growth_yearly": -158.75
        },
        "20121": {
            "year_quarter": 20121,
            "year": 2012,
            "quarter": 1,
            "eps": -0.64,
            "eps_growth_year": null,
            "eps_4q": -2.42,
            "eps_4q_growth_year": null,
            "roe": -5.47,
            "roe_4q": -20.07,
            "gross_profit": 18253,
            "gross_margin": 7.57,
            "gross_margin_4q_avg": -3.63,
            "net_income": -93184,
            "net_income_4q": null,
            "revenue": 241107,
            "revenue_4q": null,
            "common_shares": 1468792,
            "book_valuer_per_share": 11,
            "book_valuer_per_share_4q_avg": 12.38,
            "equity": 1649732,
            "current_ratio": 135.34,
            "debt_ratio": 43.74,
            "inventory_turnover_ratio": 0.82,
            "account_receivable_turnover_ratio": 0.82,
            "reinvestment_rate": null,
            "research_to_sale_ratio": 8.58,
            "price_fair": 1.88,
            "eps_avg_yearly": 0.63,
            "eps_latest_yearly": 0.48,
            "eps_growth_yearly": -100.56
        },
        "20122": {
            "year_quarter": 20122,
            "year": 2012,
            "quarter": 2,
            "eps": -0.47,
            "eps_growth_year": null,
            "eps_4q": -2.51,
            "eps_4q_growth_year": null,
            "roe": -4.48,
            "roe_4q": -21.77,
            "gross_profit": 33994,
            "gross_margin": 12.17,
            "gross_margin_4q_avg": -2.12,
            "net_income": -72185,
            "net_income_4q": null,
            "revenue": 279411,
            "revenue_4q": null,
            "common_shares": 1463362,
            "book_valuer_per_share": 10.5,
            "book_valuer_per_share_4q_avg": 11.62,
            "equity": 1573588,
            "current_ratio": 129.38,
            "debt_ratio": 44.77,
            "inventory_turnover_ratio": 0.97,
            "account_receivable_turnover_ratio": 0.95,
            "reinvestment_rate": null,
            "research_to_sale_ratio": 8.13,
            "price_fair": 1.88,
            "eps_avg_yearly": 0.63,
            "eps_latest_yearly": 0.48,
            "eps_growth_yearly": -100.56
        },
        "20123": {
            "year_quarter": 20123,
            "year": 2012,
            "quarter": 3,
            "eps": -0.29,
            "eps_growth_year": -245.85,
            "eps_4q": -3,
            "eps_4q_growth_year": null,
            "roe": -2.9,
            "roe_4q": -26.29,
            "gross_profit": 38851,
            "gross_margin": 14.58,
            "gross_margin_4q_avg": -2.46,
            "net_income": -44926,
            "net_income_4q": null,
            "revenue": 266394,
            "revenue_4q": null,
            "common_shares": 1463362,
            "book_valuer_per_share": 10.22,
            "book_valuer_per_share_4q_avg": 10.85,
            "equity": 1530054,
            "current_ratio": 143.25,
            "debt_ratio": 36.39,
            "inventory_turnover_ratio": 0.95,
            "account_receivable_turnover_ratio": 0.87,
            "reinvestment_rate": null,
            "research_to_sale_ratio": 9.57,
            "price_fair": 1.88,
            "eps_avg_yearly": 0.63,
            "eps_latest_yearly": 0.48,
            "eps_growth_yearly": -100.56
        },
        "20124": {
            "year_quarter": 20124,
            "year": 2012,
            "quarter": 4,
            "eps": -0.56,
            "eps_growth_year": null,
            "eps_4q": -1.93,
            "eps_4q_growth_year": null,
            "roe": -5.71,
            "roe_4q": -18.56,
            "gross_profit": 10958,
            "gross_margin": 4.24,
            "gross_margin_4q_avg": 9.64,
            "net_income": -84889,
            "net_income_4q": null,
            "revenue": 258697,
            "revenue_4q": null,
            "common_shares": 1463362,
            "book_valuer_per_share": 9.68,
            "book_valuer_per_share_4q_avg": 10.35,
            "equity": 1444204,
            "current_ratio": 139.43,
            "debt_ratio": 36.09,
            "inventory_turnover_ratio": 1.12,
            "account_receivable_turnover_ratio": 0.84,
            "reinvestment_rate": null,
            "research_to_sale_ratio": 9.34,
            "price_fair": 1.88,
            "eps_avg_yearly": 0.63,
            "eps_latest_yearly": 0.48,
            "eps_growth_yearly": -100.56
        },
        "20131": {
            "year_quarter": 20131,
            "year": 2013,
            "quarter": 1,
            "eps": -0.24,
            "eps_growth_year": null,
            "eps_4q": -1.56,
            "eps_4q_growth_year": null,
            "roe": -2.56,
            "roe_4q": -15.65,
            "gross_profit": 30298,
            "gross_margin": 12.46,
            "gross_margin_4q_avg": 10.86,
            "net_income": -36472,
            "net_income_4q": null,
            "revenue": 243170,
            "revenue_4q": null,
            "common_shares": 1463362,
            "book_valuer_per_share": 9.4,
            "book_valuer_per_share_4q_avg": 9.95,
            "equity": 1400597,
            "current_ratio": 130.19,
            "debt_ratio": 37.86,
            "inventory_turnover_ratio": 1.04,
            "account_receivable_turnover_ratio": 0.75,
            "reinvestment_rate": null,
            "research_to_sale_ratio": 7.35,
            "price_fair": 1.88,
            "eps_avg_yearly": 0.63,
            "eps_latest_yearly": 0.48,
            "eps_growth_yearly": -100.56
        },
        "20132": {
            "year_quarter": 20132,
            "year": 2013,
            "quarter": 2,
            "eps": -0.1,
            "eps_growth_year": null,
            "eps_4q": -1.19,
            "eps_4q_growth_year": null,
            "roe": -1.09,
            "roe_4q": -12.26,
            "gross_profit": 49143,
            "gross_margin": 17.91,
            "gross_margin_4q_avg": 12.3,
            "net_income": -15259,
            "net_income_4q": null,
            "revenue": 274451,
            "revenue_4q": null,
            "common_shares": 1463362,
            "book_valuer_per_share": 9.35,
            "book_valuer_per_share_4q_avg": 9.66,
            "equity": 1393042,
            "current_ratio": 128.52,
            "debt_ratio": 40.38,
            "inventory_turnover_ratio": 1.09,
            "account_receivable_turnover_ratio": 0.81,
            "reinvestment_rate": null,
            "research_to_sale_ratio": 6.11,
            "price_fair": 1.88,
            "eps_avg_yearly": 0.63,
            "eps_latest_yearly": 0.48,
            "eps_growth_yearly": -100.56
        },
        "20133": {
            "year_quarter": 20133,
            "year": 2013,
            "quarter": 3,
            "eps": -0.1,
            "eps_growth_year": null,
            "eps_4q": -1,
            "eps_4q_growth_year": null,
            "roe": -1.16,
            "roe_4q": -10.52,
            "gross_profit": 41325,
            "gross_margin": 15,
            "gross_margin_4q_avg": 12.4,
            "net_income": -16075,
            "net_income_4q": null,
            "revenue": 275468,
            "revenue_4q": null,
            "common_shares": 1463362,
            "book_valuer_per_share": 9.23,
            "book_valuer_per_share_4q_avg": 9.42,
            "equity": 1371744,
            "current_ratio": 130.93,
            "debt_ratio": 38.3,
            "inventory_turnover_ratio": 1.13,
            "account_receivable_turnover_ratio": 0.83,
            "reinvestment_rate": null,
            "research_to_sale_ratio": 4.38,
            "price_fair": 1.88,
            "eps_avg_yearly": 0.63,
            "eps_latest_yearly": 0.48,
            "eps_growth_yearly": -100.56
        },
        "20134": {
            "year_quarter": 20134,
            "year": 2013,
            "quarter": 4,
            "eps": -0.33,
            "eps_growth_year": null,
            "eps_4q": -0.77,
            "eps_4q_growth_year": null,
            "roe": -3.7,
            "roe_4q": -8.51,
            "gross_profit": 32842,
            "gross_margin": 12.53,
            "gross_margin_4q_avg": 14.48,
            "net_income": -49800,
            "net_income_4q": null,
            "revenue": 262165,
            "revenue_4q": null,
            "common_shares": 1446272,
            "book_valuer_per_share": 8.96,
            "book_valuer_per_share_4q_avg": 9.24,
            "equity": 1321729,
            "current_ratio": 128.03,
            "debt_ratio": 37.98,
            "inventory_turnover_ratio": 1.26,
            "account_receivable_turnover_ratio": 0.86,
            "reinvestment_rate": null,
            "research_to_sale_ratio": 4.48,
            "price_fair": 1.88,
            "eps_avg_yearly": 0.63,
            "eps_latest_yearly": 0.48,
            "eps_growth_yearly": -100.56
        },
        "20141": {
            "year_quarter": 20141,
            "year": 2014,
            "quarter": 1,
            "eps": -0.19,
            "eps_growth_year": null,
            "eps_4q": -0.73,
            "eps_4q_growth_year": null,
            "roe": -2.11,
            "roe_4q": -8.06,
            "gross_profit": 33927,
            "gross_margin": 14.33,
            "gross_margin_4q_avg": 14.94,
            "net_income": -27276,
            "net_income_4q": null,
            "revenue": 236787,
            "revenue_4q": null,
            "common_shares": 1446272,
            "book_valuer_per_share": 8.74,
            "book_valuer_per_share_4q_avg": 9.07,
            "equity": 1267173,
            "current_ratio": 123.49,
            "debt_ratio": 38.42,
            "inventory_turnover_ratio": 1.32,
            "account_receivable_turnover_ratio": 0.85,
            "reinvestment_rate": null,
            "research_to_sale_ratio": 4.07,
            "price_fair": 1.92,
            "eps_avg_yearly": 0.64,
            "eps_latest_yearly": 0.48,
            "eps_growth_yearly": -13.33
        },
        "20142": {
            "year_quarter": 20142,
            "year": 2014,
            "quarter": 2,
            "eps": -0.39,
            "eps_growth_year": null,
            "eps_4q": -1.01,
            "eps_4q_growth_year": null,
            "roe": -4.54,
            "roe_4q": -11.510000000000002,
            "gross_profit": 38530,
            "gross_margin": 17.42,
            "gross_margin_4q_avg": 14.82,
            "net_income": -56223,
            "net_income_4q": null,
            "revenue": 221161,
            "revenue_4q": null,
            "common_shares": 1446272,
            "book_valuer_per_share": 8.34,
            "book_valuer_per_share_4q_avg": 8.82,
            "equity": 1208469,
            "current_ratio": 118.01,
            "debt_ratio": 39.3,
            "inventory_turnover_ratio": 1.3,
            "account_receivable_turnover_ratio": 0.87,
            "reinvestment_rate": null,
            "research_to_sale_ratio": 4.5,
            "price_fair": 1.44,
            "eps_avg_yearly": 0.48,
            "eps_latest_yearly": 0.48,
            "eps_growth_yearly": -160
        },
        "20143": {
            "year_quarter": 20143,
            "year": 2014,
            "quarter": 3,
            "eps": -0.07,
            "eps_growth_year": null,
            "eps_4q": -0.98,
            "eps_4q_growth_year": null,
            "roe": -0.88,
            "roe_4q": -11.23,
            "gross_profit": 45670,
            "gross_margin": 17.64,
            "gross_margin_4q_avg": 15.48,
            "net_income": -10645,
            "net_income_4q": null,
            "revenue": 258833,
            "revenue_4q": null,
            "common_shares": 1446272,
            "book_valuer_per_share": 8.36,
            "book_valuer_per_share_4q_avg": 8.6,
            "equity": 1210723,
            "current_ratio": 122.51,
            "debt_ratio": 39.59,
            "inventory_turnover_ratio": 1.5,
            "account_receivable_turnover_ratio": 0.97,
            "reinvestment_rate": null,
            "research_to_sale_ratio": 3.84,
            "price_fair": 0,
            "eps_avg_yearly": 0,
            "eps_latest_yearly": 0,
            "eps_growth_yearly": 0
        },
        "20144": {
            "year_quarter": 20144,
            "year": 2014,
            "quarter": 4,
            "eps": -0.17,
            "eps_growth_year": null,
            "eps_4q": -0.97,
            "eps_4q_growth_year": null,
            "roe": -1.68,
            "roe_4q": -9.209999999999999,
            "gross_profit": 25683,
            "gross_margin": 11.09,
            "gross_margin_4q_avg": 15.12,
            "net_income": -20490,
            "net_income_4q": null,
            "revenue": 231690,
            "revenue_4q": null,
            "common_shares": 1171022,
            "book_valuer_per_share": 10.4,
            "book_valuer_per_share_4q_avg": 8.96,
            "equity": 1222277,
            "current_ratio": 128.97,
            "debt_ratio": 36.8,
            "inventory_turnover_ratio": 1.53,
            "account_receivable_turnover_ratio": 0.89,
            "reinvestment_rate": null,
            "research_to_sale_ratio": 4.04,
            "price_fair": 0,
            "eps_avg_yearly": 0,
            "eps_latest_yearly": 0,
            "eps_growth_yearly": 0
        },
        "20151": {
            "year_quarter": 20151,
            "year": 2015,
            "quarter": 1,
            "eps": -0.28,
            "eps_growth_year": null,
            "eps_4q": -1.02,
            "eps_4q_growth_year": null,
            "roe": -2.76,
            "roe_4q": -9.86,
            "gross_profit": 33372,
            "gross_margin": 15.83,
            "gross_margin_4q_avg": 15.5,
            "net_income": -33182,
            "net_income_4q": null,
            "revenue": 210822,
            "revenue_4q": null,
            "common_shares": 1171022,
            "book_valuer_per_share": 10.08,
            "book_valuer_per_share_4q_avg": 9.3,
            "equity": 1185034,
            "current_ratio": 126.72,
            "debt_ratio": 37.16,
            "inventory_turnover_ratio": 1.44,
            "account_receivable_turnover_ratio": 0.87,
            "reinvestment_rate": null,
            "research_to_sale_ratio": 4.65,
            "price_fair": 0,
            "eps_avg_yearly": 0,
            "eps_latest_yearly": 0,
            "eps_growth_yearly": 0
        },
        "20152": {
            "year_quarter": 20152,
            "year": 2015,
            "quarter": 2,
            "eps": -0.16,
            "eps_growth_year": null,
            "eps_4q": -0.7,
            "eps_4q_growth_year": null,
            "roe": -1.6,
            "roe_4q": -6.919999999999999,
            "gross_profit": 44509,
            "gross_margin": 21.2,
            "gross_margin_4q_avg": 16.44,
            "net_income": -18766,
            "net_income_4q": null,
            "revenue": 209912,
            "revenue_4q": null,
            "common_shares": 1171022,
            "book_valuer_per_share": 9.88,
            "book_valuer_per_share_4q_avg": 9.68,
            "equity": 1161288,
            "current_ratio": 126.48,
            "debt_ratio": 36.94,
            "inventory_turnover_ratio": 1.33,
            "account_receivable_turnover_ratio": 0.87,
            "reinvestment_rate": null,
            "research_to_sale_ratio": 4.29,
            "price_fair": 0,
            "eps_avg_yearly": 0,
            "eps_latest_yearly": 0,
            "eps_growth_yearly": 0
        },
        "20153": {
            "year_quarter": 20153,
            "year": 2015,
            "quarter": 3,
            "eps": -0.11,
            "eps_growth_year": null,
            "eps_4q": -0.72,
            "eps_4q_growth_year": null,
            "roe": -1.07,
            "roe_4q": -7.109999999999999,
            "gross_profit": 33539,
            "gross_margin": 17.9,
            "gross_margin_4q_avg": 16.51,
            "net_income": -12477,
            "net_income_4q": null,
            "revenue": 187363,
            "revenue_4q": null,
            "common_shares": 1171022,
            "book_valuer_per_share": 9.93,
            "book_valuer_per_share_4q_avg": 10.07,
            "equity": 1167616,
            "current_ratio": 133.53,
            "debt_ratio": 36.48,
            "inventory_turnover_ratio": 1.23,
            "account_receivable_turnover_ratio": 0.82,
            "reinvestment_rate": null,
            "research_to_sale_ratio": 4.86,
            "price_fair": 0,
            "eps_avg_yearly": 0,
            "eps_latest_yearly": 0,
            "eps_growth_yearly": 0
        },
        "20154": {
            "year_quarter": 20154,
            "year": 2015,
            "quarter": 4,
            "eps": -0.23,
            "eps_growth_year": null,
            "eps_4q": -0.78,
            "eps_4q_growth_year": null,
            "roe": -2.4,
            "roe_4q": -7.83,
            "gross_profit": 30190,
            "gross_margin": 17.18,
            "gross_margin_4q_avg": 18.03,
            "net_income": -27332,
            "net_income_4q": null,
            "revenue": 175757,
            "revenue_4q": null,
            "common_shares": 1171022,
            "book_valuer_per_share": 9.43,
            "book_valuer_per_share_4q_avg": 9.83,
            "equity": 1109075,
            "current_ratio": 129.22,
            "debt_ratio": 36.48,
            "inventory_turnover_ratio": 1.19,
            "account_receivable_turnover_ratio": 0.84,
            "reinvestment_rate": null,
            "research_to_sale_ratio": 5.41,
            "price_fair": 0,
            "eps_avg_yearly": 0,
            "eps_latest_yearly": 0,
            "eps_growth_yearly": 0
        },
        "20161": {
            "year_quarter": 20161,
            "year": 2016,
            "quarter": 1,
            "eps": -0.18,
            "eps_growth_year": null,
            "eps_4q": -0.68,
            "eps_4q_growth_year": null,
            "roe": -1.95,
            "roe_4q": -7.02,
            "gross_profit": 33802,
            "gross_margin": 19.15,
            "gross_margin_4q_avg": 18.86,
            "net_income": -21427,
            "net_income_4q": null,
            "revenue": 176499,
            "revenue_4q": null,
            "common_shares": 1171022,
            "book_valuer_per_share": 9.21,
            "book_valuer_per_share_4q_avg": 9.61,
            "equity": 1083306,
            "current_ratio": 126.68,
            "debt_ratio": 36.86,
            "inventory_turnover_ratio": 1.19,
            "account_receivable_turnover_ratio": 0.93,
            "reinvestment_rate": null,
            "research_to_sale_ratio": 4.8,
            "price_fair": 0,
            "eps_avg_yearly": 0,
            "eps_latest_yearly": 0,
            "eps_growth_yearly": 0
        },
        "20162": {
            "year_quarter": 20162,
            "year": 2016,
            "quarter": 2,
            "eps": -0.09,
            "eps_growth_year": null,
            "eps_4q": -0.62,
            "eps_4q_growth_year": null,
            "roe": -1.03,
            "roe_4q": -6.45,
            "gross_profit": 40374,
            "gross_margin": 22,
            "gross_margin_4q_avg": 19.06,
            "net_income": -11069,
            "net_income_4q": null,
            "revenue": 183477,
            "revenue_4q": null,
            "common_shares": 1171022,
            "book_valuer_per_share": 9.04,
            "book_valuer_per_share_4q_avg": 9.4,
            "equity": 1063117,
            "current_ratio": 128.09,
            "debt_ratio": 37.21,
            "inventory_turnover_ratio": 1.14,
            "account_receivable_turnover_ratio": 0.97,
            "reinvestment_rate": null,
            "research_to_sale_ratio": 4.44,
            "price_fair": 0,
            "eps_avg_yearly": 0,
            "eps_latest_yearly": 0,
            "eps_growth_yearly": 0
        },
        "20163": {
            "year_quarter": 20163,
            "year": 2016,
            "quarter": 3,
            "eps": -0.14,
            "eps_growth_year": null,
            "eps_4q": -0.65,
            "eps_4q_growth_year": null,
            "roe": -1.53,
            "roe_4q": -6.91,
            "gross_profit": 42013,
            "gross_margin": 22.37,
            "gross_margin_4q_avg": 20.18,
            "net_income": -16022,
            "net_income_4q": null,
            "revenue": 187814,
            "revenue_4q": null,
            "common_shares": 1171022,
            "book_valuer_per_share": 8.81,
            "book_valuer_per_share_4q_avg": 9.12,
            "equity": 1036055,
            "current_ratio": 124.64,
            "debt_ratio": 38.29,
            "inventory_turnover_ratio": 1,
            "account_receivable_turnover_ratio": 0.99,
            "reinvestment_rate": null,
            "research_to_sale_ratio": 4.8,
            "price_fair": 0,
            "eps_avg_yearly": 0,
            "eps_latest_yearly": 0,
            "eps_growth_yearly": 0
        },
        "20164": {
            "year_quarter": 20164,
            "year": 2016,
            "quarter": 4,
            "eps": 0,
            "eps_growth_year": null,
            "eps_4q": -0.41,
            "eps_4q_growth_year": null,
            "roe": 0.01,
            "roe_4q": -4.5,
            "gross_profit": 68860,
            "gross_margin": 25.67,
            "gross_margin_4q_avg": 22.3,
            "net_income": 88,
            "net_income_4q": null,
            "revenue": 268288,
            "revenue_4q": null,
            "common_shares": 1171022,
            "book_valuer_per_share": 8.77,
            "book_valuer_per_share_4q_avg": 8.96,
            "equity": 1031215,
            "current_ratio": 125.57,
            "debt_ratio": 39.84,
            "inventory_turnover_ratio": 1.3,
            "account_receivable_turnover_ratio": 1.15,
            "reinvestment_rate": null,
            "research_to_sale_ratio": 3.53,
            "price_fair": 0,
            "eps_avg_yearly": 0,
            "eps_latest_yearly": 0,
            "eps_growth_yearly": 0
        },
        "20171": {
            "year_quarter": 20171,
            "year": 2017,
            "quarter": 1,
            "eps": 0.01,
            "eps_growth_year": null,
            "eps_4q": -0.22,
            "eps_4q_growth_year": null,
            "roe": 0.08,
            "roe_4q": -2.4699999999999998,
            "gross_profit": 60078,
            "gross_margin": 28.66,
            "gross_margin_4q_avg": 24.68,
            "net_income": 782,
            "net_income_4q": null,
            "revenue": 209649,
            "revenue_4q": null,
            "common_shares": 1171022,
            "book_valuer_per_share": 8.65,
            "book_valuer_per_share_4q_avg": 8.82,
            "equity": 1016337,
            "current_ratio": 129.24,
            "debt_ratio": 38.84,
            "inventory_turnover_ratio": 1.01,
            "account_receivable_turnover_ratio": 0.74,
            "reinvestment_rate": null,
            "research_to_sale_ratio": 4.22,
            "price_fair": 0,
            "eps_avg_yearly": 0,
            "eps_latest_yearly": 0,
            "eps_growth_yearly": 0
        },
        "20172": {
            "year_quarter": 20172,
            "year": 2017,
            "quarter": 2,
            "eps": 0.04,
            "eps_growth_year": null,
            "eps_4q": -0.09,
            "eps_4q_growth_year": null,
            "roe": 0.44,
            "roe_4q": -1,
            "gross_profit": 70019,
            "gross_margin": 30.63,
            "gross_margin_4q_avg": 26.83,
            "net_income": 4442,
            "net_income_4q": null,
            "revenue": 228622,
            "revenue_4q": null,
            "common_shares": 1171022,
            "book_valuer_per_share": 8.72,
            "book_valuer_per_share_4q_avg": 8.74,
            "equity": 1024805,
            "current_ratio": 134.92,
            "debt_ratio": 38.35,
            "inventory_turnover_ratio": 1.04,
            "account_receivable_turnover_ratio": 0.8,
            "reinvestment_rate": null,
            "research_to_sale_ratio": 3.69,
            "price_fair": 5.6,
            "eps_avg_yearly": 0.16,
            "eps_latest_yearly": 0.16,
            "eps_growth_yearly": 1200
        },
        "20173": {
            "year_quarter": 20173,
            "year": 2017,
            "quarter": 3,
            "eps": 0.12,
            "eps_growth_year": null,
            "eps_4q": 0.17,
            "eps_4q_growth_year": null,
            "roe": 1.36,
            "roe_4q": 1.8900000000000001,
            "gross_profit": 70797,
            "gross_margin": 30.82,
            "gross_margin_4q_avg": 28.95,
            "net_income": 14104,
            "net_income_4q": null,
            "revenue": 229687,
            "revenue_4q": null,
            "common_shares": 1171022,
            "book_valuer_per_share": 8.86,
            "book_valuer_per_share_4q_avg": 8.75,
            "equity": 1041836,
            "current_ratio": 143.57,
            "debt_ratio": 39.47,
            "inventory_turnover_ratio": 1.01,
            "account_receivable_turnover_ratio": 0.81,
            "reinvestment_rate": null,
            "research_to_sale_ratio": 3.97,
            "price_fair": 11.2,
            "eps_avg_yearly": 0.32,
            "eps_latest_yearly": 0.48,
            "eps_growth_yearly": 1000
        },
        "20174": {
            "year_quarter": 20174,
            "year": 2017,
            "quarter": 4,
            "eps": -0.07,
            "eps_growth_year": -4224.55,
            "eps_4q": 0.1,
            "eps_4q_growth_year": null,
            "roe": -0.75,
            "roe_4q": 1.1300000000000001,
            "gross_profit": 56421,
            "gross_margin": 23.55,
            "gross_margin_4q_avg": 28.42,
            "net_income": -7832,
            "net_income_4q": null,
            "revenue": 239545,
            "revenue_4q": null,
            "common_shares": 1171022,
            "book_valuer_per_share": 8.79,
            "book_valuer_per_share_4q_avg": 8.76,
            "equity": 1033195,
            "current_ratio": 132.48,
            "debt_ratio": 49.59,
            "inventory_turnover_ratio": 1.03,
            "account_receivable_turnover_ratio": 0.82,
            "reinvestment_rate": null,
            "research_to_sale_ratio": 3.99,
            "price_fair": 11.2,
            "eps_avg_yearly": 0.32,
            "eps_latest_yearly": 0.48,
            "eps_growth_yearly": 1000
        },
        "20181": {
            "year_quarter": 20181,
            "year": 2018,
            "quarter": 1,
            "eps": 1.83,
            "eps_growth_year": 18200,
            "eps_4q": 1.93,
            "eps_4q_growth_year": null,
            "roe": 18.78,
            "roe_4q": 19.830000000000002,
            "gross_profit": 50465,
            "gross_margin": 18.79,
            "gross_margin_4q_avg": 25.95,
            "net_income": 214855,
            "net_income_4q": null,
            "revenue": 268602,
            "revenue_4q": null,
            "common_shares": 1171022,
            "book_valuer_per_share": 10.69,
            "book_valuer_per_share_4q_avg": 9.27,
            "equity": 1255438,
            "current_ratio": 183.09,
            "debt_ratio": 36.39,
            "inventory_turnover_ratio": 1.23,
            "account_receivable_turnover_ratio": 0.94,
            "reinvestment_rate": null,
            "research_to_sale_ratio": 3.08,
            "price_fair": 11.2,
            "eps_avg_yearly": 0.32,
            "eps_latest_yearly": 0.48,
            "eps_growth_yearly": 1000
        },
        "20182": {
            "year_quarter": 20182,
            "year": 2018,
            "quarter": 2,
            "eps": 0.04,
            "eps_growth_year": 0,
            "eps_4q": 1.93,
            "eps_4q_growth_year": null,
            "roe": 0.37,
            "roe_4q": 19.76,
            "gross_profit": 52223,
            "gross_margin": 24.13,
            "gross_margin_4q_avg": 24.32,
            "net_income": 4639,
            "net_income_4q": null,
            "revenue": 216424,
            "revenue_4q": null,
            "common_shares": 1171022,
            "book_valuer_per_share": 10.72,
            "book_valuer_per_share_4q_avg": 9.77,
            "equity": 1259367,
            "current_ratio": 199.38,
            "debt_ratio": 33.3,
            "inventory_turnover_ratio": 1.06,
            "account_receivable_turnover_ratio": 0.77,
            "reinvestment_rate": -714.33,
            "research_to_sale_ratio": 3.89,
            "price_fair": 9.33,
            "eps_avg_yearly": 0.27,
            "eps_latest_yearly": 0.16,
            "eps_growth_yearly": 536.25
        },
        "20183": {
            "year_quarter": 20183,
            "year": 2018,
            "quarter": 3,
            "eps": 0.02,
            "eps_growth_year": -83.33,
            "eps_4q": 1.83,
            "eps_4q_growth_year": 1007.38,
            "roe": 0.2,
            "roe_4q": 18.6,
            "gross_profit": 61591,
            "gross_margin": 29.17,
            "gross_margin_4q_avg": 23.91,
            "net_income": 2554,
            "net_income_4q": null,
            "revenue": 211171,
            "revenue_4q": null,
            "common_shares": 1171022,
            "book_valuer_per_share": 10.65,
            "book_valuer_per_share_4q_avg": 10.21,
            "equity": 1251440,
            "current_ratio": 201.99,
            "debt_ratio": 33.03,
            "inventory_turnover_ratio": 0.98,
            "account_receivable_turnover_ratio": 0.77,
            "reinvestment_rate": -573.33,
            "research_to_sale_ratio": 4.07,
            "price_fair": 7.7,
            "eps_avg_yearly": 0.22,
            "eps_latest_yearly": 0.08,
            "eps_growth_yearly": 352.19
        },
        "20184": {
            "year_quarter": 20184,
            "year": 2018,
            "quarter": 4,
            "eps": -0,
            "eps_growth_year": null,
            "eps_4q": 1.94,
            "eps_4q_growth_year": 1896.18,
            "roe": -0.02,
            "roe_4q": 19.330000000000002,
            "gross_profit": 65117,
            "gross_margin": 29.87,
            "gross_margin_4q_avg": 25.49,
            "net_income": -247,
            "net_income_4q": null,
            "revenue": 218027,
            "revenue_4q": null,
            "common_shares": 1141022,
            "book_valuer_per_share": 10.6,
            "book_valuer_per_share_4q_avg": 10.67,
            "equity": 1211823,
            "current_ratio": 196.06,
            "debt_ratio": 33.92,
            "inventory_turnover_ratio": 1,
            "account_receivable_turnover_ratio": 0.85,
            "reinvestment_rate": -446.24,
            "research_to_sale_ratio": 4.27,
            "price_fair": 7.7,
            "eps_avg_yearly": 0.22,
            "eps_latest_yearly": 0.08,
            "eps_growth_yearly": 352.19
        },
        "20191": {
            "year_quarter": 20191,
            "year": 2019,
            "quarter": 1,
            "eps": 0.56,
            "eps_growth_year": -69.4,
            "eps_4q": 0.62,
            "eps_4q_growth_year": -67.66,
            "roe": 5.11,
            "roe_4q": 5.660000000000001,
            "gross_profit": 55872,
            "gross_margin": 29.15,
            "gross_margin_4q_avg": 28.08,
            "net_income": 64291,
            "net_income_4q": null,
            "revenue": 191676,
            "revenue_4q": null,
            "common_shares": 1141022,
            "book_valuer_per_share": 11.4,
            "book_valuer_per_share_4q_avg": 10.84,
            "equity": 1302947,
            "current_ratio": 210.64,
            "debt_ratio": 32.74,
            "inventory_turnover_ratio": 0.96,
            "account_receivable_turnover_ratio": 0.78,
            "reinvestment_rate": -206.97,
            "research_to_sale_ratio": 4.75,
            "price_fair": 7.7,
            "eps_avg_yearly": 0.22,
            "eps_latest_yearly": 0.08,
            "eps_growth_yearly": 352.19
        },
        "20192": {
            "year_quarter": 20192,
            "year": 2019,
            "quarter": 2,
            "eps": 0.04,
            "eps_growth_year": 0,
            "eps_4q": 0.62,
            "eps_4q_growth_year": -67.96,
            "roe": 0.32,
            "roe_4q": 5.610000000000001,
            "gross_profit": 55206,
            "gross_margin": 28.63,
            "gross_margin_4q_avg": 29.21,
            "net_income": 4019,
            "net_income_4q": null,
            "revenue": 192815,
            "revenue_4q": null,
            "common_shares": 1141022,
            "book_valuer_per_share": 10.91,
            "book_valuer_per_share_4q_avg": 10.89,
            "equity": 1247557,
            "current_ratio": 194.75,
            "debt_ratio": 34.77,
            "inventory_turnover_ratio": 1.07,
            "account_receivable_turnover_ratio": 0.8,
            "reinvestment_rate": -178.44,
            "research_to_sale_ratio": 4.78,
            "price_fair": 7.28,
            "eps_avg_yearly": 0.21,
            "eps_latest_yearly": 0.16,
            "eps_growth_yearly": 207.46
        },
        "20193": {
            "year_quarter": 20193,
            "year": 2019,
            "quarter": 3,
            "eps": 0.08,
            "eps_growth_year": 300,
            "eps_4q": 0.68,
            "eps_4q_growth_year": -63.06,
            "roe": 0.74,
            "roe_4q": 6.15,
            "gross_profit": 59164,
            "gross_margin": 30.97,
            "gross_margin_4q_avg": 29.66,
            "net_income": 9141,
            "net_income_4q": null,
            "revenue": 191012,
            "revenue_4q": null,
            "common_shares": 1141022,
            "book_valuer_per_share": 10.84,
            "book_valuer_per_share_4q_avg": 10.94,
            "equity": 1238919,
            "current_ratio": 207.19,
            "debt_ratio": 32.8,
            "inventory_turnover_ratio": 1.11,
            "account_receivable_turnover_ratio": 0.74,
            "reinvestment_rate": -159.16,
            "research_to_sale_ratio": 5.19,
            "price_fair": 7.93,
            "eps_avg_yearly": 0.23,
            "eps_latest_yearly": 0.32,
            "eps_growth_yearly": 239.55
        },
        "20194": {
            "year_quarter": 20194,
            "year": 2019,
            "quarter": 4,
            "eps": -0.06,
            "eps_growth_year": null,
            "eps_4q": 0.64,
            "eps_4q_growth_year": -67.17,
            "roe": -0.53,
            "roe_4q": 5.640000000000001,
            "gross_profit": 62292,
            "gross_margin": 30.24,
            "gross_margin_4q_avg": 29.75,
            "net_income": -6467,
            "net_income_4q": null,
            "revenue": 205982,
            "revenue_4q": null,
            "common_shares": 1111022,
            "book_valuer_per_share": 10.67,
            "book_valuer_per_share_4q_avg": 10.96,
            "equity": 1187162,
            "current_ratio": 189.13,
            "debt_ratio": 34.16,
            "inventory_turnover_ratio": 1.2,
            "account_receivable_turnover_ratio": 0.85,
            "reinvestment_rate": -138.78,
            "research_to_sale_ratio": 4.56,
            "price_fair": 7.93,
            "eps_avg_yearly": 0.23,
            "eps_latest_yearly": 0.32,
            "eps_growth_yearly": 239.55
        },
        "20201": {
            "year_quarter": 20201,
            "year": 2020,
            "quarter": 1,
            "eps": 0.11,
            "eps_growth_year": -80.36,
            "eps_4q": 0.18,
            "eps_4q_growth_year": -71.81,
            "roe": 1.07,
            "roe_4q": 1.6,
            "gross_profit": 60182,
            "gross_margin": 32.03,
            "gross_margin_4q_avg": 30.47,
            "net_income": 12656,
            "net_income_4q": null,
            "revenue": 187908,
            "revenue_4q": null,
            "common_shares": 1111022,
            "book_valuer_per_share": 10.56,
            "book_valuer_per_share_4q_avg": 10.75,
            "equity": 1167939,
            "current_ratio": 188.03,
            "debt_ratio": 34.72,
            "inventory_turnover_ratio": 0.99,
            "account_receivable_turnover_ratio": 0.83,
            "reinvestment_rate": -116.57,
            "research_to_sale_ratio": 5.1,
            "price_fair": 7.93,
            "eps_avg_yearly": 0.23,
            "eps_latest_yearly": 0.32,
            "eps_growth_yearly": 239.55
        },
        "20202": {
            "year_quarter": 20202,
            "year": 2020,
            "quarter": 2,
            "eps": 0.36,
            "eps_growth_year": 800,
            "eps_4q": 0.51,
            "eps_4q_growth_year": -17.73,
            "roe": 3.46,
            "roe_4q": 4.74,
            "gross_profit": 85537,
            "gross_margin": 37.19,
            "gross_margin_4q_avg": 32.61,
            "net_income": 40179,
            "net_income_4q": null,
            "revenue": 230008,
            "revenue_4q": null,
            "common_shares": 1091022,
            "book_valuer_per_share": 10.54,
            "book_valuer_per_share_4q_avg": 10.65,
            "equity": 1152136,
            "current_ratio": 171.15,
            "debt_ratio": 38.55,
            "inventory_turnover_ratio": 1.12,
            "account_receivable_turnover_ratio": 0.91,
            "reinvestment_rate": -92.96,
            "research_to_sale_ratio": 4.05,
            "price_fair": 14,
            "eps_avg_yearly": 0.4,
            "eps_latest_yearly": 1.44,
            "eps_growth_yearly": 335.2
        },
        "20203": {
            "year_quarter": 20203,
            "year": 2020,
            "quarter": 3,
            "eps": 0.51,
            "eps_growth_year": 537.5,
            "eps_4q": 0.93,
            "eps_4q_growth_year": 38.39,
            "roe": 4.69,
            "roe_4q": 8.690000000000001,
            "gross_profit": 103968,
            "gross_margin": 38.46,
            "gross_margin_4q_avg": 34.48,
            "net_income": 55687,
            "net_income_4q": null,
            "revenue": 270344,
            "revenue_4q": null,
            "common_shares": 1091022,
            "book_valuer_per_share": 11.18,
            "book_valuer_per_share_4q_avg": 10.74,
            "equity": 1222334,
            "current_ratio": 175.32,
            "debt_ratio": 37.74,
            "inventory_turnover_ratio": 1.34,
            "account_receivable_turnover_ratio": 0.94,
            "reinvestment_rate": -70,
            "research_to_sale_ratio": 3.64,
            "price_fair": 21.18,
            "eps_avg_yearly": 0.61,
            "eps_latest_yearly": 2.04,
            "eps_growth_yearly": 314.13
        },
        "20204": {
            "year_quarter": 20204,
            "year": 2020,
            "quarter": 4,
            "eps": 0.24,
            "eps_growth_year": null,
            "eps_4q": 1.24,
            "eps_4q_growth_year": 93.83,
            "roe": 2.15,
            "roe_4q": 11.370000000000001,
            "gross_profit": 90814,
            "gross_margin": 35.16,
            "gross_margin_4q_avg": 35.71,
            "net_income": 26568,
            "net_income_4q": null,
            "revenue": 258301,
            "revenue_4q": null,
            "common_shares": 1091022,
            "book_valuer_per_share": 11.48,
            "book_valuer_per_share_4q_avg": 10.94,
            "equity": 1254452,
            "current_ratio": 168.54,
            "debt_ratio": 38.42,
            "inventory_turnover_ratio": 1.15,
            "account_receivable_turnover_ratio": 0.87,
            "reinvestment_rate": -56.95,
            "research_to_sale_ratio": 3.69,
            "price_fair": 22.56,
            "eps_avg_yearly": 0.64,
            "eps_latest_yearly": 0.96,
            "eps_growth_yearly": 255.7
        },
        "20211": {
            "year_quarter": 20211,
            "year": 2021,
            "quarter": 1,
            "eps": 0.47,
            "eps_growth_year": 327.27,
            "eps_4q": 1.59,
            "eps_4q_growth_year": 804.83,
            "roe": 4,
            "roe_4q": 14.3,
            "gross_profit": 98186,
            "gross_margin": 35.52,
            "gross_margin_4q_avg": 36.58,
            "net_income": 51299,
            "net_income_4q": null,
            "revenue": 276393,
            "revenue_4q": null,
            "common_shares": 1091022,
            "book_valuer_per_share": 12.02,
            "book_valuer_per_share_4q_avg": 11.31,
            "equity": 1313595,
            "current_ratio": 165.6,
            "debt_ratio": 39.13,
            "inventory_turnover_ratio": 0.97,
            "account_receivable_turnover_ratio": 0.91,
            "reinvestment_rate": -44.6,
            "research_to_sale_ratio": 3.91,
            "price_fair": 26.88,
            "eps_avg_yearly": 0.77,
            "eps_latest_yearly": 1.88,
            "eps_growth_yearly": 268.46
        },
        "20212": {
            "year_quarter": 20212,
            "year": 2021,
            "quarter": 2,
            "eps": 0.34,
            "eps_growth_year": -5.56,
            "eps_4q": 1.57,
            "eps_4q_growth_year": 208.39,
            "roe": 2.83,
            "roe_4q": 13.670000000000002,
            "gross_profit": 115755,
            "gross_margin": 38.83,
            "gross_margin_4q_avg": 36.99,
            "net_income": 37677,
            "net_income_4q": null,
            "revenue": 298103,
            "revenue_4q": null,
            "common_shares": 1091022,
            "book_valuer_per_share": 12.3,
            "book_valuer_per_share_4q_avg": 11.75,
            "equity": 1344519,
            "current_ratio": 166.36,
            "debt_ratio": 39.62,
            "inventory_turnover_ratio": 0.81,
            "account_receivable_turnover_ratio": 0.91,
            "reinvestment_rate": -30.84,
            "research_to_sale_ratio": 3.85,
            "price_fair": 31.08,
            "eps_avg_yearly": 0.89,
            "eps_latest_yearly": 1.36,
            "eps_growth_yearly": 137.4
        },
        "20213": {
            "year_quarter": 20213,
            "year": 2021,
            "quarter": 3,
            "eps": 0.5,
            "eps_growth_year": -1.96,
            "eps_4q": 1.55,
            "eps_4q_growth_year": 66.16,
            "roe": 4.05,
            "roe_4q": 13.03,
            "gross_profit": 102177,
            "gross_margin": 37.57,
            "gross_margin_4q_avg": 36.77,
            "net_income": 53629,
            "net_income_4q": null,
            "revenue": 271940,
            "revenue_4q": null,
            "common_shares": 1091022,
            "book_valuer_per_share": 11.88,
            "book_valuer_per_share_4q_avg": 11.92,
            "equity": 1302081,
            "current_ratio": 163.89,
            "debt_ratio": 39.16,
            "inventory_turnover_ratio": 0.69,
            "account_receivable_turnover_ratio": 0.81,
            "reinvestment_rate": -27.61,
            "research_to_sale_ratio": 3.83,
            "price_fair": 36.4,
            "eps_avg_yearly": 1.04,
            "eps_latest_yearly": 2,
            "eps_growth_yearly": 76.22
        },
        "20214": {
            "year_quarter": 20214,
            "year": 2021,
            "quarter": 4,
            "eps": 2.3,
            "eps_growth_year": 847.44,
            "eps_4q": 3.61,
            "eps_4q_growth_year": 192.19,
            "roe": 17.58,
            "roe_4q": 28.46,
            "gross_profit": 84697,
            "gross_margin": 31.11,
            "gross_margin_4q_avg": 35.76,
            "net_income": 250574,
            "net_income_4q": null,
            "revenue": 272217,
            "revenue_4q": null,
            "common_shares": 1091022,
            "book_valuer_per_share": 14.14,
            "book_valuer_per_share_4q_avg": 12.59,
            "equity": 1548232,
            "current_ratio": 208.91,
            "debt_ratio": 35.44,
            "inventory_turnover_ratio": 0.82,
            "account_receivable_turnover_ratio": 0.84,
            "reinvestment_rate": -26.77,
            "research_to_sale_ratio": 3.84,
            "price_fair": 62.36,
            "eps_avg_yearly": 1.78,
            "eps_latest_yearly": 9.2,
            "eps_growth_yearly": 200.2
        },
        "20221": {
            "year_quarter": 20221,
            "year": 2022,
            "quarter": 1,
            "eps": 0.29,
            "eps_growth_year": -38.3,
            "eps_4q": 3.44,
            "eps_4q_growth_year": 116.48,
            "roe": 1.97,
            "roe_4q": 26.43,
            "gross_profit": 69242,
            "gross_margin": 30.87,
            "gross_margin_4q_avg": 34.6,
            "net_income": 31021,
            "net_income_4q": null,
            "revenue": 224306,
            "revenue_4q": null,
            "common_shares": 1091022,
            "book_valuer_per_share": 14.64,
            "book_valuer_per_share_4q_avg": 13.24,
            "equity": 1601406,
            "current_ratio": 224.76,
            "debt_ratio": 33.12,
            "inventory_turnover_ratio": 0.75,
            "account_receivable_turnover_ratio": 0.76,
            "reinvestment_rate": -27.25,
            "research_to_sale_ratio": 4.53,
            "price_fair": 60.55,
            "eps_avg_yearly": 1.73,
            "eps_latest_yearly": 1.16,
            "eps_growth_yearly": 154.39
        },
        "20222": {
            "year_quarter": 20222,
            "year": 2022,
            "quarter": 2,
            "eps": 0.27,
            "eps_growth_year": -20.59,
            "eps_4q": 3.36,
            "eps_4q_growth_year": 114.16,
            "roe": 1.85,
            "roe_4q": 25.45,
            "gross_profit": 68989,
            "gross_margin": 33.28,
            "gross_margin_4q_avg": 33.21,
            "net_income": 27803,
            "net_income_4q": null,
            "revenue": 207288,
            "revenue_4q": null,
            "common_shares": 1091022,
            "book_valuer_per_share": 12.82,
            "book_valuer_per_share_4q_avg": 13.37,
            "equity": 1402381,
            "current_ratio": 172.23,
            "debt_ratio": 42.46,
            "inventory_turnover_ratio": 0.69,
            "account_receivable_turnover_ratio": 0.73,
            "reinvestment_rate": -25.01,
            "research_to_sale_ratio": 4.85,
            "price_fair": 63.23,
            "eps_avg_yearly": 1.81,
            "eps_latest_yearly": 1.08,
            "eps_growth_yearly": 184.7
        },
        "20223": {
            "year_quarter": 20223,
            "year": 2022,
            "quarter": 3,
            "eps": 0.51,
            "eps_growth_year": 2,
            "eps_4q": 3.38,
            "eps_4q_growth_year": 117.41,
            "roe": 3.9,
            "roe_4q": 25.299999999999997,
            "gross_profit": 56412,
            "gross_margin": 28.1,
            "gross_margin_4q_avg": 30.84,
            "net_income": 55754,
            "net_income_4q": null,
            "revenue": 200769,
            "revenue_4q": null,
            "common_shares": 1091022,
            "book_valuer_per_share": 13.32,
            "book_valuer_per_share_4q_avg": 13.73,
            "equity": 1457941,
            "current_ratio": 211.38,
            "debt_ratio": 34.76,
            "inventory_turnover_ratio": 0.73,
            "account_receivable_turnover_ratio": 0.68,
            "reinvestment_rate": -21.09,
            "research_to_sale_ratio": 4.96,
            "price_fair": 68.95,
            "eps_avg_yearly": 1.97,
            "eps_latest_yearly": 2.04,
            "eps_growth_yearly": 230.99
        },
        "20224": {
            "year_quarter": 20224,
            "year": 2022,
            "quarter": 4,
            "eps": -0.02,
            "eps_growth_year": -101.06,
            "eps_4q": 1.05,
            "eps_4q_growth_year": -70.93,
            "roe": -0.22,
            "roe_4q": 7.499999999999999,
            "gross_profit": 66814,
            "gross_margin": 31.82,
            "gross_margin_4q_avg": 31.02,
            "net_income": -3153,
            "net_income_4q": null,
            "revenue": 210002,
            "revenue_4q": null,
            "common_shares": 1091022,
            "book_valuer_per_share": 13.25,
            "book_valuer_per_share_4q_avg": 13.51,
            "equity": 1449870,
            "current_ratio": 215.89,
            "debt_ratio": 33.72,
            "inventory_turnover_ratio": 0.78,
            "account_receivable_turnover_ratio": 0.71,
            "reinvestment_rate": -19.79,
            "research_to_sale_ratio": 4.15,
            "price_fair": 68.95,
            "eps_avg_yearly": 1.97,
            "eps_latest_yearly": 2.04,
            "eps_growth_yearly": 230.99
        },
        "20231": {
            "year_quarter": 20231,
            "year": 2023,
            "quarter": 1,
            "eps": 0.01,
            "eps_growth_year": -96.55,
            "eps_4q": 0.77,
            "eps_4q_growth_year": -77.64,
            "roe": 0.06,
            "roe_4q": 5.59,
            "gross_profit": 50753,
            "gross_margin": 25.47,
            "gross_margin_4q_avg": 29.67,
            "net_income": 811,
            "net_income_4q": null,
            "revenue": 199260,
            "revenue_4q": null,
            "common_shares": 1091022,
            "book_valuer_per_share": 13.36,
            "book_valuer_per_share_4q_avg": 13.19,
            "equity": 1460998,
            "current_ratio": 222.41,
            "debt_ratio": 32.42,
            "inventory_turnover_ratio": 0.9,
            "account_receivable_turnover_ratio": 0.74,
            "reinvestment_rate": -21.94,
            "research_to_sale_ratio": 4.69,
            "price_fair": 68.95,
            "eps_avg_yearly": 1.97,
            "eps_latest_yearly": 2.04,
            "eps_growth_yearly": 230.99
        },
        "20232": {
            "year_quarter": 20232,
            "year": 2023,
            "quarter": 2,
            "eps": 0.41,
            "eps_growth_year": 51.85,
            "eps_4q": 0.91,
            "eps_4q_growth_year": -72.85,
            "roe": 3.12,
            "roe_4q": 6.859999999999999,
            "gross_profit": 46453,
            "gross_margin": 23.49,
            "gross_margin_4q_avg": 27.22,
            "net_income": 44219,
            "net_income_4q": null,
            "revenue": 197754,
            "revenue_4q": null,
            "common_shares": 1091022,
            "book_valuer_per_share": 12.53,
            "book_valuer_per_share_4q_avg": 13.12,
            "equity": 1370758,
            "current_ratio": 190.59,
            "debt_ratio": 38.19,
            "inventory_turnover_ratio": 1.02,
            "account_receivable_turnover_ratio": 0.82,
            "reinvestment_rate": -20.6,
            "research_to_sale_ratio": 4.88,
            "price_fair": 73.27,
            "eps_avg_yearly": 2.09,
            "eps_latest_yearly": 1.64,
            "eps_growth_yearly": 1595.28
        },
        "20233": {
            "year_quarter": 20233,
            "year": 2023,
            "quarter": 3,
            "eps": 0.19,
            "eps_growth_year": -62.75,
            "eps_4q": 0.58,
            "eps_4q_growth_year": -82.72,
            "roe": 1.46,
            "roe_4q": 4.42,
            "gross_profit": 43410,
            "gross_margin": 24.32,
            "gross_margin_4q_avg": 26.28,
            "net_income": 20169,
            "net_income_4q": null,
            "revenue": 178517,
            "revenue_4q": null,
            "common_shares": 1091022,
            "book_valuer_per_share": 12.72,
            "book_valuer_per_share_4q_avg": 12.97,
            "equity": 1390577,
            "current_ratio": 211.2,
            "debt_ratio": 34.58,
            "inventory_turnover_ratio": 0.98,
            "account_receivable_turnover_ratio": 0.71,
            "reinvestment_rate": -19.17,
            "research_to_sale_ratio": 5.37,
            "price_fair": 74.55,
            "eps_avg_yearly": 2.13,
            "eps_latest_yearly": 0.76,
            "eps_growth_yearly": 1544.06
        },
        "20234": {
            "year_quarter": 20234,
            "year": 2023,
            "quarter": 4,
            "eps": -0.03,
            "eps_growth_year": null,
            "eps_4q": 0.58,
            "eps_4q_growth_year": -45.11,
            "roe": -0.26,
            "roe_4q": 4.38,
            "gross_profit": 65984,
            "gross_margin": 31.8,
            "gross_margin_4q_avg": 26.27,
            "net_income": -3613,
            "net_income_4q": null,
            "revenue": 207526,
            "revenue_4q": null,
            "common_shares": 1091022,
            "book_valuer_per_share": 12.59,
            "book_valuer_per_share_4q_avg": 12.8,
            "equity": 1376146,
            "current_ratio": 215.04,
            "debt_ratio": 34.1,
            "inventory_turnover_ratio": 1.12,
            "account_receivable_turnover_ratio": 0.75,
            "reinvestment_rate": -18.71,
            "research_to_sale_ratio": 4.76,
            "price_fair": 74.55,
            "eps_avg_yearly": 2.13,
            "eps_latest_yearly": 0.76,
            "eps_growth_yearly": 1544.06
        }
    },
    "months": {
        "2003-10": {
            "month": "2003-10",
            "price": "33.60",
            "revenue": 63511
        },
        "2003-11": {
            "month": "2003-11",
            "price": "43.06",
            "revenue": 64296
        },
        "2003-12": {
            "month": "2003-12",
            "price": "40.67",
            "revenue": 70867
        },
        "2004-01": {
            "month": "2004-01",
            "price": "44.40",
            "revenue": 61190
        },
        "2004-02": {
            "month": "2004-02",
            "price": "39.73",
            "revenue": 71510
        },
        "2004-03": {
            "month": "2004-03",
            "price": "35.78",
            "revenue": 73554
        },
        "2004-04": {
            "month": "2004-04",
            "price": "36.74",
            "revenue": 75190
        },
        "2004-05": {
            "month": "2004-05",
            "price": "33.75",
            "revenue": 72222
        },
        "2004-06": {
            "month": "2004-06",
            "price": "31.07",
            "revenue": 79579
        },
        "2004-07": {
            "month": "2004-07",
            "price": "30.90",
            "revenue": 77503
        },
        "2004-08": {
            "month": "2004-08",
            "price": "29.02",
            "revenue": 81779
        },
        "2004-09": {
            "month": "2004-09",
            "price": "25.33",
            "revenue": 80624
        },
        "2004-10": {
            "month": "2004-10",
            "price": "23.52",
            "revenue": 86447
        },
        "2004-11": {
            "month": "2004-11",
            "price": "23.28",
            "revenue": 72665
        },
        "2004-12": {
            "month": "2004-12",
            "price": "20.26",
            "revenue": 71980
        },
        "2005-01": {
            "month": "2005-01",
            "price": "17.64",
            "revenue": 62328
        },
        "2005-02": {
            "month": "2005-02",
            "price": "18.76",
            "revenue": 51275
        },
        "2005-03": {
            "month": "2005-03",
            "price": "21.03",
            "revenue": 74755
        },
        "2005-04": {
            "month": "2005-04",
            "price": "20.87",
            "revenue": 77374
        },
        "2005-05": {
            "month": "2005-05",
            "price": "20.80",
            "revenue": 74033
        },
        "2005-06": {
            "month": "2005-06",
            "price": "22.36",
            "revenue": 91657
        },
        "2005-07": {
            "month": "2005-07",
            "price": "31.06",
            "revenue": 99280
        },
        "2005-08": {
            "month": "2005-08",
            "price": "33.00",
            "revenue": 93219
        },
        "2005-09": {
            "month": "2005-09",
            "price": "32.03",
            "revenue": 81869
        },
        "2005-10": {
            "month": "2005-10",
            "price": "30.26",
            "revenue": 100670
        },
        "2005-11": {
            "month": "2005-11",
            "price": "31.54",
            "revenue": 80279
        },
        "2005-12": {
            "month": "2005-12",
            "price": "38.58",
            "revenue": 72005
        },
        "2006-01": {
            "month": "2006-01",
            "price": "37.24",
            "revenue": 53219
        },
        "2006-02": {
            "month": "2006-02",
            "price": "32.58",
            "revenue": 58494
        },
        "2006-03": {
            "month": "2006-03",
            "price": "37.09",
            "revenue": 70755
        },
        "2006-04": {
            "month": "2006-04",
            "price": "40.57",
            "revenue": 100820
        },
        "2006-05": {
            "month": "2006-05",
            "price": "48.23",
            "revenue": 111442
        },
        "2006-06": {
            "month": "2006-06",
            "price": "43.40",
            "revenue": 100397
        },
        "2006-07": {
            "month": "2006-07",
            "price": "40.00",
            "revenue": 91339
        },
        "2006-08": {
            "month": "2006-08",
            "price": "43.23",
            "revenue": 107391
        },
        "2006-09": {
            "month": "2006-09",
            "price": "39.51",
            "revenue": 121331
        },
        "2006-10": {
            "month": "2006-10",
            "price": "37.56",
            "revenue": 95786
        },
        "2006-11": {
            "month": "2006-11",
            "price": "33.78",
            "revenue": 95050
        },
        "2006-12": {
            "month": "2006-12",
            "price": "34.68",
            "revenue": 105019
        },
        "2007-01": {
            "month": "2007-01",
            "price": "38.39",
            "revenue": 91993
        },
        "2007-02": {
            "month": "2007-02",
            "price": "40.17",
            "revenue": 73273
        },
        "2007-03": {
            "month": "2007-03",
            "price": "50.04",
            "revenue": 95792
        },
        "2007-04": {
            "month": "2007-04",
            "price": "49.98",
            "revenue": 94357
        },
        "2007-05": {
            "month": "2007-05",
            "price": "43.20",
            "revenue": 90577
        },
        "2007-06": {
            "month": "2007-06",
            "price": "44.06",
            "revenue": 96905
        },
        "2007-07": {
            "month": "2007-07",
            "price": "49.86",
            "revenue": 85142
        },
        "2007-08": {
            "month": "2007-08",
            "price": "49.53",
            "revenue": 105092
        },
        "2007-09": {
            "month": "2007-09",
            "price": "52.86",
            "revenue": 163548
        },
        "2007-10": {
            "month": "2007-10",
            "price": "51.07",
            "revenue": 144605
        },
        "2007-11": {
            "month": "2007-11",
            "price": "37.72",
            "revenue": 119723
        },
        "2007-12": {
            "month": "2007-12",
            "price": "29.11",
            "revenue": 119013
        },
        "2008-01": {
            "month": "2008-01",
            "price": "22.84",
            "revenue": 131627
        },
        "2008-02": {
            "month": "2008-02",
            "price": "22.49",
            "revenue": 186199
        },
        "2008-03": {
            "month": "2008-03",
            "price": "29.08",
            "revenue": 140920
        },
        "2008-04": {
            "month": "2008-04",
            "price": "30.98",
            "revenue": 145912
        },
        "2008-05": {
            "month": "2008-05",
            "price": "33.02",
            "revenue": 165083
        },
        "2008-06": {
            "month": "2008-06",
            "price": "27.63",
            "revenue": 109972
        },
        "2008-07": {
            "month": "2008-07",
            "price": "21.45",
            "revenue": 158501
        },
        "2008-08": {
            "month": "2008-08",
            "price": "20.56",
            "revenue": 272947
        },
        "2008-09": {
            "month": "2008-09",
            "price": "13.56",
            "revenue": 248045
        },
        "2008-10": {
            "month": "2008-10",
            "price": "10.48",
            "revenue": 82793
        },
        "2008-11": {
            "month": "2008-11",
            "price": "7.94",
            "revenue": 55431
        },
        "2008-12": {
            "month": "2008-12",
            "price": "6.84",
            "revenue": 48597
        },
        "2009-01": {
            "month": "2009-01",
            "price": "7.57",
            "revenue": 52241
        },
        "2009-02": {
            "month": "2009-02",
            "price": "8.80",
            "revenue": 52841
        },
        "2009-03": {
            "month": "2009-03",
            "price": "12.28",
            "revenue": 62891
        },
        "2009-04": {
            "month": "2009-04",
            "price": "13.37",
            "revenue": 68624
        },
        "2009-05": {
            "month": "2009-05",
            "price": "14.24",
            "revenue": 61935
        },
        "2009-06": {
            "month": "2009-06",
            "price": "14.69",
            "revenue": 69017
        },
        "2009-07": {
            "month": "2009-07",
            "price": "15.73",
            "revenue": 71025
        },
        "2009-08": {
            "month": "2009-08",
            "price": "16.18",
            "revenue": 71186
        },
        "2009-09": {
            "month": "2009-09",
            "price": "16.82",
            "revenue": 68084
        },
        "2009-10": {
            "month": "2009-10",
            "price": "17.48",
            "revenue": 72765
        },
        "2009-11": {
            "month": "2009-11",
            "price": "16.68",
            "revenue": 77136
        },
        "2009-12": {
            "month": "2009-12",
            "price": "20.00",
            "revenue": 74704
        },
        "2010-01": {
            "month": "2010-01",
            "price": "20.74",
            "revenue": 72924
        },
        "2010-02": {
            "month": "2010-02",
            "price": "18.95",
            "revenue": 65014
        },
        "2010-03": {
            "month": "2010-03",
            "price": "23.00",
            "revenue": 80190
        },
        "2010-04": {
            "month": "2010-04",
            "price": "29.34",
            "revenue": 100129
        },
        "2010-05": {
            "month": "2010-05",
            "price": "26.06",
            "revenue": 97100
        },
        "2010-06": {
            "month": "2010-06",
            "price": "27.00",
            "revenue": 60474
        },
        "2010-07": {
            "month": "2010-07",
            "price": "24.16",
            "revenue": 75328
        },
        "2010-08": {
            "month": "2010-08",
            "price": "22.12",
            "revenue": 75057
        },
        "2010-09": {
            "month": "2010-09",
            "price": "21.15",
            "revenue": 90152
        },
        "2010-10": {
            "month": "2010-10",
            "price": "24.23",
            "revenue": 82147
        },
        "2010-11": {
            "month": "2010-11",
            "price": "23.46",
            "revenue": 90276
        },
        "2010-12": {
            "month": "2010-12",
            "price": "26.36",
            "revenue": 60867
        },
        "2011-01": {
            "month": "2011-01",
            "price": "25.65",
            "revenue": 199287
        },
        "2011-02": {
            "month": "2011-02",
            "price": "25.45",
            "revenue": 119499
        },
        "2011-03": {
            "month": "2011-03",
            "price": "24.66",
            "revenue": 133461
        },
        "2011-04": {
            "month": "2011-04",
            "price": "21.58",
            "revenue": 87985
        },
        "2011-05": {
            "month": "2011-05",
            "price": "17.95",
            "revenue": 234465
        },
        "2011-06": {
            "month": "2011-06",
            "price": "18.77",
            "revenue": 192089
        },
        "2011-07": {
            "month": "2011-07",
            "price": "16.21",
            "revenue": 98033
        },
        "2011-08": {
            "month": "2011-08",
            "price": "12.47",
            "revenue": 149663
        },
        "2011-09": {
            "month": "2011-09",
            "price": "12.14",
            "revenue": 130505
        },
        "2011-10": {
            "month": "2011-10",
            "price": "12.16",
            "revenue": 74599
        },
        "2011-11": {
            "month": "2011-11",
            "price": "11.03",
            "revenue": 148615
        },
        "2011-12": {
            "month": "2011-12",
            "price": "9.13",
            "revenue": 41652
        },
        "2012-01": {
            "month": "2012-01",
            "price": "9.47",
            "revenue": 71900
        },
        "2012-02": {
            "month": "2012-02",
            "price": "11.84",
            "revenue": 83773
        },
        "2012-03": {
            "month": "2012-03",
            "price": "11.38",
            "revenue": 82810
        },
        "2012-04": {
            "month": "2012-04",
            "price": "9.58",
            "revenue": 83354
        },
        "2012-05": {
            "month": "2012-05",
            "price": "8.74",
            "revenue": 100744
        },
        "2012-06": {
            "month": "2012-06",
            "price": "7.79",
            "revenue": 96567
        },
        "2012-07": {
            "month": "2012-07",
            "price": "7.29",
            "revenue": 94693
        },
        "2012-08": {
            "month": "2012-08",
            "price": "6.76",
            "revenue": 89023
        },
        "2012-09": {
            "month": "2012-09",
            "price": "6.95",
            "revenue": 82243
        },
        "2012-10": {
            "month": "2012-10",
            "price": "5.94",
            "revenue": 89597
        },
        "2012-11": {
            "month": "2012-11",
            "price": "5.05",
            "revenue": 89129
        },
        "2012-12": {
            "month": "2012-12",
            "price": "5.52",
            "revenue": 78704
        },
        "2013-01": {
            "month": "2013-01",
            "price": "6.19",
            "revenue": 89570
        },
        "2013-02": {
            "month": "2013-02",
            "price": "6.18",
            "revenue": 69106
        },
        "2013-03": {
            "month": "2013-03",
            "price": "6.59",
            "revenue": 84433
        },
        "2013-04": {
            "month": "2013-04",
            "price": "5.96",
            "revenue": 83694
        },
        "2013-05": {
            "month": "2013-05",
            "price": "6.19",
            "revenue": 100321
        },
        "2013-06": {
            "month": "2013-06",
            "price": "5.95",
            "revenue": 90273
        },
        "2013-07": {
            "month": "2013-07",
            "price": "5.73",
            "revenue": 93955
        },
        "2013-08": {
            "month": "2013-08",
            "price": "5.29",
            "revenue": 96073
        },
        "2013-09": {
            "month": "2013-09",
            "price": "5.65",
            "revenue": 85496
        },
        "2013-10": {
            "month": "2013-10",
            "price": "6.65",
            "revenue": 80352
        },
        "2013-11": {
            "month": "2013-11",
            "price": "6.02",
            "revenue": 90170
        },
        "2013-12": {
            "month": "2013-12",
            "price": "6.48",
            "revenue": 90920
        },
        "2014-01": {
            "month": "2014-01",
            "price": "7.84",
            "revenue": 80750
        },
        "2014-02": {
            "month": "2014-02",
            "price": "7.44",
            "revenue": 69103
        },
        "2014-03": {
            "month": "2014-03",
            "price": "9.47",
            "revenue": 87062
        },
        "2014-04": {
            "month": "2014-04",
            "price": "8.77",
            "revenue": 73281
        },
        "2014-05": {
            "month": "2014-05",
            "price": "7.67",
            "revenue": 70402
        },
        "2014-06": {
            "month": "2014-06",
            "price": "7.64",
            "revenue": 77642
        },
        "2014-07": {
            "month": "2014-07",
            "price": "7.10",
            "revenue": 87228
        },
        "2014-08": {
            "month": "2014-08",
            "price": "6.04",
            "revenue": 77097
        },
        "2014-09": {
            "month": "2014-09",
            "price": "5.78",
            "revenue": 93729
        },
        "2014-10": {
            "month": "2014-10",
            "price": "5.20",
            "revenue": 79824
        },
        "2014-11": {
            "month": "2014-11",
            "price": "5.13",
            "revenue": 70885
        },
        "2014-12": {
            "month": "2014-12",
            "price": "5.47",
            "revenue": 79648
        },
        "2015-01": {
            "month": "2015-01",
            "price": "5.61",
            "revenue": 83190
        },
        "2015-02": {
            "month": "2015-02",
            "price": "7.15",
            "revenue": 53435
        },
        "2015-03": {
            "month": "2015-03",
            "price": "6.94",
            "revenue": 74155
        },
        "2015-04": {
            "month": "2015-04",
            "price": "7.13",
            "revenue": 83617
        },
        "2015-05": {
            "month": "2015-05",
            "price": "6.45",
            "revenue": 66780
        },
        "2015-06": {
            "month": "2015-06",
            "price": "5.93",
            "revenue": 59550
        },
        "2015-07": {
            "month": "2015-07",
            "price": "4.98",
            "revenue": 66980
        },
        "2015-08": {
            "month": "2015-08",
            "price": "4.01",
            "revenue": 58090
        },
        "2015-09": {
            "month": "2015-09",
            "price": "4.32",
            "revenue": 60872
        },
        "2015-10": {
            "month": "2015-10",
            "price": "4.69",
            "revenue": 53476
        },
        "2015-11": {
            "month": "2015-11",
            "price": "4.47",
            "revenue": 63849
        },
        "2015-12": {
            "month": "2015-12",
            "price": "4.08",
            "revenue": 60171
        },
        "2016-01": {
            "month": "2016-01",
            "price": "3.92",
            "revenue": 63466
        },
        "2016-02": {
            "month": "2016-02",
            "price": "4.03",
            "revenue": 50773
        },
        "2016-03": {
            "month": "2016-03",
            "price": "4.35",
            "revenue": 62470
        },
        "2016-04": {
            "month": "2016-04",
            "price": "4.07",
            "revenue": 63315
        },
        "2016-05": {
            "month": "2016-05",
            "price": "3.89",
            "revenue": 60252
        },
        "2016-06": {
            "month": "2016-06",
            "price": "4.33",
            "revenue": 60503
        },
        "2016-07": {
            "month": "2016-07",
            "price": "4.59",
            "revenue": 69985
        },
        "2016-08": {
            "month": "2016-08",
            "price": "4.59",
            "revenue": 56128
        },
        "2016-09": {
            "month": "2016-09",
            "price": "4.70",
            "revenue": 62589
        },
        "2016-10": {
            "month": "2016-10",
            "price": "4.91",
            "revenue": 57234
        },
        "2016-11": {
            "month": "2016-11",
            "price": "4.61",
            "revenue": 72144
        },
        "2016-12": {
            "month": "2016-12",
            "price": "4.25",
            "revenue": 139590
        },
        "2017-01": {
            "month": "2017-01",
            "price": "5.40",
            "revenue": 65438
        },
        "2017-02": {
            "month": "2017-02",
            "price": "5.88",
            "revenue": 58037
        },
        "2017-03": {
            "month": "2017-03",
            "price": "5.97",
            "revenue": 86396
        },
        "2017-04": {
            "month": "2017-04",
            "price": "7.46",
            "revenue": 73619
        },
        "2017-05": {
            "month": "2017-05",
            "price": "11.55",
            "revenue": 72415
        },
        "2017-06": {
            "month": "2017-06",
            "price": "9.92",
            "revenue": 82206
        },
        "2017-07": {
            "month": "2017-07",
            "price": "9.62",
            "revenue": 81019
        },
        "2017-08": {
            "month": "2017-08",
            "price": "9.52",
            "revenue": 75399
        },
        "2017-09": {
            "month": "2017-09",
            "price": "9.11",
            "revenue": 72855
        },
        "2017-10": {
            "month": "2017-10",
            "price": "9.04",
            "revenue": 66433
        },
        "2017-11": {
            "month": "2017-11",
            "price": "9.26",
            "revenue": 66723
        },
        "2017-12": {
            "month": "2017-12",
            "price": "9.62",
            "revenue": 106178
        },
        "2018-01": {
            "month": "2018-01",
            "price": "9.71",
            "revenue": 80671
        },
        "2018-02": {
            "month": "2018-02",
            "price": "8.75",
            "revenue": 109970
        },
        "2018-03": {
            "month": "2018-03",
            "price": "10.52",
            "revenue": 77929
        },
        "2018-04": {
            "month": "2018-04",
            "price": "10.04",
            "revenue": 74269
        },
        "2018-05": {
            "month": "2018-05",
            "price": "11.52",
            "revenue": 80709
        },
        "2018-06": {
            "month": "2018-06",
            "price": "14.11",
            "revenue": 61722
        },
        "2018-07": {
            "month": "2018-07",
            "price": "13.44",
            "revenue": 74696
        },
        "2018-08": {
            "month": "2018-08",
            "price": "12.84",
            "revenue": 70973
        },
        "2018-09": {
            "month": "2018-09",
            "price": "11.23",
            "revenue": 66335
        },
        "2018-10": {
            "month": "2018-10",
            "price": "9.19",
            "revenue": 76560
        },
        "2018-11": {
            "month": "2018-11",
            "price": "10.15",
            "revenue": 68527
        },
        "2018-12": {
            "month": "2018-12",
            "price": "10.18",
            "revenue": 72789
        },
        "2019-01": {
            "month": "2019-01",
            "price": "10.08",
            "revenue": 74277
        },
        "2019-02": {
            "month": "2019-02",
            "price": "10.77",
            "revenue": 49968
        },
        "2019-03": {
            "month": "2019-03",
            "price": "10.59",
            "revenue": 67434
        },
        "2019-04": {
            "month": "2019-04",
            "price": "10.87",
            "revenue": 69595
        },
        "2019-05": {
            "month": "2019-05",
            "price": "10.36",
            "revenue": 63315
        },
        "2019-06": {
            "month": "2019-06",
            "price": "10.14",
            "revenue": 60032
        },
        "2019-07": {
            "month": "2019-07",
            "price": "9.79",
            "revenue": 60118
        },
        "2019-08": {
            "month": "2019-08",
            "price": "9.67",
            "revenue": 67027
        },
        "2019-09": {
            "month": "2019-09",
            "price": "9.48",
            "revenue": 64294
        },
        "2019-10": {
            "month": "2019-10",
            "price": "9.89",
            "revenue": 68379
        },
        "2019-11": {
            "month": "2019-11",
            "price": "9.89",
            "revenue": 67099
        },
        "2019-12": {
            "month": "2019-12",
            "price": "9.59",
            "revenue": 70676
        },
        "2020-01": {
            "month": "2020-01",
            "price": "9.18",
            "revenue": 60935
        },
        "2020-02": {
            "month": "2020-02",
            "price": "8.49",
            "revenue": 51397
        },
        "2020-03": {
            "month": "2020-03",
            "price": "7.03",
            "revenue": 75587
        },
        "2020-04": {
            "month": "2020-04",
            "price": "8.70",
            "revenue": 85702
        },
        "2020-05": {
            "month": "2020-05",
            "price": "9.44",
            "revenue": 76584
        },
        "2020-06": {
            "month": "2020-06",
            "price": "10.51",
            "revenue": 67849
        },
        "2020-07": {
            "month": "2020-07",
            "price": "12.06",
            "revenue": 78561
        },
        "2020-08": {
            "month": "2020-08",
            "price": "12.51",
            "revenue": 90211
        },
        "2020-09": {
            "month": "2020-09",
            "price": "16.16",
            "revenue": 101376
        },
        "2020-10": {
            "month": "2020-10",
            "price": "17.42",
            "revenue": 80314
        },
        "2020-11": {
            "month": "2020-11",
            "price": "17.51",
            "revenue": 86704
        },
        "2020-12": {
            "month": "2020-12",
            "price": "16.82",
            "revenue": 90899
        },
        "2021-01": {
            "month": "2021-01",
            "price": "16.27",
            "revenue": 91958
        },
        "2021-02": {
            "month": "2021-02",
            "price": "16.69",
            "revenue": 77262
        },
        "2021-03": {
            "month": "2021-03",
            "price": "17.95",
            "revenue": 107165
        },
        "2021-04": {
            "month": "2021-04",
            "price": "23.71",
            "revenue": 110674
        },
        "2021-05": {
            "month": "2021-05",
            "price": "19.87",
            "revenue": 93518
        },
        "2021-06": {
            "month": "2021-06",
            "price": "19.98",
            "revenue": 93995
        },
        "2021-07": {
            "month": "2021-07",
            "price": "21.62",
            "revenue": 93881
        },
        "2021-08": {
            "month": "2021-08",
            "price": "19.93",
            "revenue": 94630
        },
        "2021-09": {
            "month": "2021-09",
            "price": "17.84",
            "revenue": 83464
        },
        "2021-10": {
            "month": "2021-10",
            "price": "16.95",
            "revenue": 87618
        },
        "2021-11": {
            "month": "2021-11",
            "price": "20.45",
            "revenue": 90539
        },
        "2021-12": {
            "month": "2021-12",
            "price": "28.45",
            "revenue": 93906
        },
        "2022-01": {
            "month": "2022-01",
            "price": "29.41",
            "revenue": 88666
        },
        "2022-02": {
            "month": "2022-02",
            "price": "28.04",
            "revenue": 62637
        },
        "2022-03": {
            "month": "2022-03",
            "price": "25.45",
            "revenue": 72845
        },
        "2022-04": {
            "month": "2022-04",
            "price": "24.61",
            "revenue": 74175
        },
        "2022-05": {
            "month": "2022-05",
            "price": "22.15",
            "revenue": 66769
        },
        "2022-06": {
            "month": "2022-06",
            "price": "20.96",
            "revenue": 66471
        },
        "2022-07": {
            "month": "2022-07",
            "price": "16.45",
            "revenue": 67163
        },
        "2022-08": {
            "month": "2022-08",
            "price": "17.37",
            "revenue": 67728
        },
        "2022-09": {
            "month": "2022-09",
            "price": "17.25",
            "revenue": 65634
        },
        "2022-10": {
            "month": "2022-10",
            "price": "15.73",
            "revenue": 68094
        },
        "2022-11": {
            "month": "2022-11",
            "price": "16.04",
            "revenue": 69917
        },
        "2022-12": {
            "month": "2022-12",
            "price": "16.14",
            "revenue": 72296
        },
        "2023-01": {
            "month": "2023-01",
            "price": "15.59",
            "revenue": 62826
        },
        "2023-02": {
            "month": "2023-02",
            "price": "17.16",
            "revenue": 64344
        },
        "2023-03": {
            "month": "2023-03",
            "price": "22.18",
            "revenue": 72076
        },
        "2023-04": {
            "month": "2023-04",
            "price": "22.92",
            "revenue": 67826
        },
        "2023-05": {
            "month": "2023-05",
            "price": "21.34",
            "revenue": 69021
        },
        "2023-06": {
            "month": "2023-06",
            "price": "21.42",
            "revenue": 61331
        },
        "2023-07": {
            "month": "2023-07",
            "price": "18.66",
            "revenue": 56895
        },
        "2023-08": {
            "month": "2023-08",
            "price": "17.76",
            "revenue": 59737
        },
        "2023-09": {
            "month": "2023-09",
            "price": "18.10",
            "revenue": 61324
        },
        "2023-10": {
            "month": "2023-10",
            "price": "17.25",
            "revenue": 70240
        },
        "2023-11": {
            "month": "2023-11",
            "price": "18.53",
            "revenue": 66545
        },
        "2023-12": {
            "month": "2023-12",
            "price": "18.89",
            "revenue": 71472
        },
        "2024-01": {
            "month": "2024-01",
            "price": "20.32",
            "revenue": 67324
        },
        "2024-02": {
            "month": "2024-02",
            "price": "21.54",
            "revenue": 51343
        }
    }
}
