{
    "summary": {
        "stock_name": "至上",
        "stock_id": "8112",
        "category": "電子通路",
        "main_business": "電子零組件經銷業務",
        "website_url": "http://www.supreme.com.tw",
        "ceo": "葛均",
        "pe_ratio": 18,
        "report_year_from": 2001,
        "report_year_to": 2023,
        "age": 22,
        "eps_negative_percentage": 5,
        "eps_growth_avg": {
            "last_all": 9.23,
            "last_2y": 21.32,
            "last_4y": 9.98,
            "last_8y": 26.73,
            "last_12y": 13.33,
            "last_16y": 5.19,
            "last_20y": null,
            "at_2006_last_3y": 1.93,
            "at_2007_last_3y": 0.54,
            "at_2008_last_3y": -23.77,
            "at_2009_last_3y": -30.08,
            "at_2010_last_3y": 3.04,
            "at_2011_last_3y": -39.11,
            "at_2012_last_3y": -22.93,
            "at_2013_last_3y": -16.82,
            "at_2014_last_3y": 1.93,
            "at_2015_last_3y": 8.19,
            "at_2016_last_3y": 46.06,
            "at_2017_last_3y": 47.67,
            "at_2018_last_3y": 24.42,
            "at_2019_last_3y": 23.47,
            "at_2020_last_3y": 4.5,
            "at_2021_last_3y": 19.1,
            "at_2022_last_3y": 13.3,
            "at_2023_last_3y": 13.3,
            "at_2006_last_all": 1.93,
            "at_2007_last_all": 20.43,
            "at_2008_last_all": 0.36,
            "at_2009_last_all": 0.36,
            "at_2010_last_all": 2.41,
            "at_2011_last_all": -1.9,
            "at_2012_last_all": -7.4,
            "at_2013_last_all": -6.51,
            "at_2014_last_all": 2.23,
            "at_2015_last_all": 1.47,
            "at_2016_last_all": 9.05,
            "at_2017_last_all": 8.97,
            "at_2018_last_all": 8.15,
            "at_2019_last_all": 6.97,
            "at_2020_last_all": 7.98,
            "at_2021_last_all": 11.22,
            "at_2022_last_all": 9.23,
            "at_2023_last_all": 9.23
        },
        "latest_eps": 3.05,
        "latest_price": 54.3,
        "latest_roe": 9.06,
        "latest_gross_margin": 4,
        "latest_equity": 13606217,
        "latest_revenue": 37598893,
        "latest_gross_profit": 1502918,
        "latest_net_income": 522697,
        "latest_debt_ratio": 69.67,
        "latest_current_ratio": 173.12,
        "latest_account_receivable_turnover_ratio": 2.4,
        "latest_inventory_turnover_ratio": 1.76,
        "latest_reinvestment_rate": -19.24,
        "latest_research_to_sale_ratio": 0.06
    },
    "eps_dividends": {
        "2001": {
            "cash": 0,
            "stock": 0,
            "eps": 0
        },
        "2002": {
            "cash": 0,
            "stock": 1,
            "eps": 0.12
        },
        "2003": {
            "cash": 0,
            "stock": 0.5,
            "eps": 2.54
        },
        "2004": {
            "cash": 0.8,
            "stock": 1.2,
            "eps": 2.47
        },
        "2005": {
            "cash": 0.99,
            "stock": 0.41,
            "eps": 2.35
        },
        "2006": {
            "cash": 0.71,
            "stock": 0.71,
            "eps": 0.36
        },
        "2007": {
            "cash": 0.26,
            "stock": 0.6,
            "eps": 0.7
        },
        "2008": {
            "cash": 0.51,
            "stock": 0,
            "eps": -0.19
        },
        "2009": {
            "cash": 0,
            "stock": 0,
            "eps": 1.77
        },
        "2010": {
            "cash": 1.07,
            "stock": 0,
            "eps": 2.03
        },
        "2011": {
            "cash": 2.65,
            "stock": 0,
            "eps": 1.38
        },
        "2012": {
            "cash": 0,
            "stock": 0,
            "eps": 0.67
        },
        "2013": {
            "cash": 0.4,
            "stock": 0,
            "eps": 0.68
        },
        "2014": {
            "cash": 0.67,
            "stock": 0,
            "eps": 1.29
        },
        "2015": {
            "cash": 1.12,
            "stock": 0,
            "eps": 1.2
        },
        "2016": {
            "cash": 0.94,
            "stock": 0,
            "eps": 3.65
        },
        "2017": {
            "cash": 2.48,
            "stock": 0,
            "eps": 3.94
        },
        "2018": {
            "cash": 2.85,
            "stock": 0,
            "eps": 3.81
        },
        "2019": {
            "cash": 3,
            "stock": 0,
            "eps": 3.4
        },
        "2020": {
            "cash": 2.7,
            "stock": 0,
            "eps": 4.22
        },
        "2021": {
            "cash": 3,
            "stock": 0,
            "eps": 7.02
        },
        "2022": {
            "cash": 4,
            "stock": 0,
            "eps": 5.16
        },
        "2023": {
            "cash": 4.4,
            "stock": 0,
            "eps": 1.51
        }
    },
    "dividends": {
        "2002-06-03": {
            "cash": 0,
            "stock": 1
        },
        "2003-04-28": {
            "cash": 0,
            "stock": 0.5
        },
        "2004-05-11": {
            "cash": 0.8,
            "stock": 1.2
        },
        "2005-03-01": {
            "cash": 0.99,
            "stock": 0.41
        },
        "2006-03-07": {
            "cash": 0.71,
            "stock": 0.71
        },
        "2007-03-21": {
            "cash": 0.26,
            "stock": 0.6
        },
        "2008-03-18": {
            "cash": 0.51,
            "stock": 0
        },
        "2010-03-17": {
            "cash": 1.07,
            "stock": 0
        },
        "2011-01-01": {
            "cash": 1.19,
            "stock": 0
        },
        "2011-03-18": {
            "cash": 1.46,
            "stock": 0
        },
        "2013-03-15": {
            "cash": 0.4,
            "stock": 0
        },
        "2014-08-25": {
            "cash": 0.67,
            "stock": 0
        },
        "2015-08-21": {
            "cash": 1.12,
            "stock": 0
        },
        "2016-09-30": {
            "cash": 0.94,
            "stock": 0
        },
        "2017-08-18": {
            "cash": 2.48,
            "stock": 0
        },
        "2018-09-12": {
            "cash": 2.85,
            "stock": 0
        },
        "2019-08-16": {
            "cash": 3,
            "stock": 0
        },
        "2020-05-22": {
            "cash": 2.7,
            "stock": 0
        },
        "2021-07-09": {
            "cash": 3,
            "stock": 0
        },
        "2022-08-12": {
            "cash": 4,
            "stock": 0
        },
        "2023-08-04": {
            "cash": 4.4,
            "stock": 0
        }
    },
    "prices": {
        "200101": "無",
        "200102": "無",
        "200103": "無",
        "200104": "無",
        "200105": "無",
        "200106": "無",
        "200107": "無",
        "200108": "無",
        "200109": "無",
        "200110": "無",
        "200111": "無",
        "200112": "無",
        "200201": "無",
        "200202": "無",
        "200203": "無",
        "200204": "無",
        "200205": "無",
        "200206": "無",
        "200207": "無",
        "200208": "無",
        "200209": "無",
        "200210": "無",
        "200211": "無",
        "200212": "無",
        "200301": "無",
        "200302": "無",
        "200303": "無",
        "200304": "無",
        "200305": "無",
        "200306": "無",
        "200307": "無",
        "200308": "無",
        "200309": "20.10",
        "200310": "22.05",
        "200311": "23.68",
        "200312": "25.36",
        "200401": "28.76",
        "200402": "30.85",
        "200403": "32.95",
        "200404": "38.93",
        "200405": "32.28",
        "200406": "25.08",
        "200407": "19.61",
        "200408": "20.52",
        "200409": "20.72",
        "200410": "19.16",
        "200411": "16.65",
        "200412": "15.31",
        "200501": "15.19",
        "200502": "21.40",
        "200503": "27.76",
        "200504": "24.80",
        "200505": "22.24",
        "200506": "23.95",
        "200507": "23.51",
        "200508": "24.79",
        "200509": "25.81",
        "200510": "22.28",
        "200511": "19.62",
        "200512": "22.48",
        "200601": "23.80",
        "200602": "20.81",
        "200603": "19.66",
        "200604": "20.58",
        "200605": "20.37",
        "200606": "20.19",
        "200607": "19.70",
        "200608": "17.03",
        "200609": "16.40",
        "200610": "16.53",
        "200611": "16.67",
        "200612": "16.65",
        "200701": "16.29",
        "200702": "15.39",
        "200703": "16.68",
        "200704": "20.79",
        "200705": "19.36",
        "200706": "20.66",
        "200707": "23.31",
        "200708": "21.75",
        "200709": "17.58",
        "200710": "16.91",
        "200711": "13.28",
        "200712": "13.80",
        "200801": "12.10",
        "200802": "11.77",
        "200803": "11.85",
        "200804": "14.25",
        "200805": "14.16",
        "200806": "12.12",
        "200807": "9.05",
        "200808": "8.98",
        "200809": "7.57",
        "200810": "6.52",
        "200811": "4.26",
        "200812": "5.43",
        "200901": "5.58",
        "200902": "6.02",
        "200903": "6.99",
        "200904": "9.02",
        "200905": "9.78",
        "200906": "8.86",
        "200907": "11.61",
        "200908": "12.54",
        "200909": "15.67",
        "200910": "23.21",
        "200911": "24.73",
        "200912": "27.16",
        "201001": "25.80",
        "201002": "24.89",
        "201003": "27.83",
        "201004": "29.50",
        "201005": "26.21",
        "201006": "24.10",
        "201007": "24.28",
        "201008": "23.24",
        "201009": "22.18",
        "201010": "21.30",
        "201011": "19.97",
        "201012": "22.88",
        "201101": "25.31",
        "201102": "24.78",
        "201103": "26.16",
        "201104": "27.15",
        "201105": "24.28",
        "201106": "22.20",
        "201107": "20.02",
        "201108": "18.18",
        "201109": "17.47",
        "201110": "18.02",
        "201111": "16.56",
        "201112": "14.82",
        "201201": "15.73",
        "201202": "18.62",
        "201203": "20.17",
        "201204": "16.43",
        "201205": "16.10",
        "201206": "15.47",
        "201207": "14.27",
        "201208": "13.54",
        "201209": "14.45",
        "201210": "12.78",
        "201211": "10.80",
        "201212": "11.49",
        "201301": "12.84",
        "201302": "14.04",
        "201303": "13.87",
        "201304": "14.66",
        "201305": "15.38",
        "201306": "15.10",
        "201307": "14.58",
        "201308": "14.37",
        "201309": "14.61",
        "201310": "15.30",
        "201311": "13.90",
        "201312": "14.19",
        "201401": "15.25",
        "201402": "16.63",
        "201403": "18.06",
        "201404": "18.86",
        "201405": "16.40",
        "201406": "17.52",
        "201407": "18.78",
        "201408": "18.18",
        "201409": "18.24",
        "201410": "16.91",
        "201411": "16.35",
        "201412": "16.68",
        "201501": "16.49",
        "201502": "16.45",
        "201503": "17.24",
        "201504": "16.89",
        "201505": "15.90",
        "201506": "14.64",
        "201507": "14.84",
        "201508": "12.03",
        "201509": "12.72",
        "201510": "13.75",
        "201511": "13.65",
        "201512": "13.12",
        "201601": "12.86",
        "201602": "13.66",
        "201603": "15.07",
        "201604": "14.77",
        "201605": "14.18",
        "201606": "15.03",
        "201607": "16.90",
        "201608": "19.47",
        "201609": "19.46",
        "201610": "20.51",
        "201611": "23.94",
        "201612": "24.60",
        "201701": "26.19",
        "201702": "25.93",
        "201703": "26.22",
        "201704": "24.39",
        "201705": "25.46",
        "201706": "29.07",
        "201707": "30.98",
        "201708": "30.37",
        "201709": "30.76",
        "201710": "31.87",
        "201711": "31.79",
        "201712": "30.22",
        "201801": "28.89",
        "201802": "27.17",
        "201803": "30.46",
        "201804": "31.86",
        "201805": "33.10",
        "201806": "33.94",
        "201807": "34.64",
        "201808": "32.25",
        "201809": "30.01",
        "201810": "27.94",
        "201811": "28.97",
        "201812": "28.17",
        "201901": "28.39",
        "201902": "29.70",
        "201903": "30.35",
        "201904": "31.38",
        "201905": "30.48",
        "201906": "31.20",
        "201907": "30.84",
        "201908": "28.22",
        "201909": "29.01",
        "201910": "29.51",
        "201911": "29.60",
        "201912": "29.75",
        "202001": "31.53",
        "202002": "31.66",
        "202003": "30.28",
        "202004": "33.23",
        "202005": "31.10",
        "202006": "30.08",
        "202007": "30.04",
        "202008": "29.96",
        "202009": "29.57",
        "202010": "29.73",
        "202011": "30.95",
        "202012": "34.14",
        "202101": "35.23",
        "202102": "36.90",
        "202103": "41.09",
        "202104": "45.01",
        "202105": "39.46",
        "202106": "39.78",
        "202107": "44.02",
        "202108": "43.41",
        "202109": "44.54",
        "202110": "42.81",
        "202111": "44.17",
        "202112": "47.20",
        "202201": "49.61",
        "202202": "51.60",
        "202203": "52.13",
        "202204": "48.35",
        "202205": "47.23",
        "202206": "45.88",
        "202207": "37.63",
        "202208": "37.80",
        "202209": "35.80",
        "202210": "33.56",
        "202211": "36.20",
        "202212": "36.38",
        "202301": "36.85",
        "202302": "37.99",
        "202303": "42.78",
        "202304": "44.17",
        "202305": "45.15",
        "202306": "48.82",
        "202307": "47.00",
        "202308": "49.14",
        "202309": "52.87",
        "202310": "54.82"
    },
    "quarters": {
        "20011": {
            "year_quarter": 20011,
            "year": 2001,
            "quarter": 1,
            "eps": null,
            "eps_growth_year": null,
            "eps_4q": null,
            "eps_4q_growth_year": null,
            "roe": null,
            "roe_4q": 0,
            "gross_profit": null,
            "gross_margin": null,
            "gross_margin_4q_avg": 0,
            "net_income": null,
            "net_income_4q": null,
            "revenue": null,
            "revenue_4q": null,
            "common_shares": null,
            "book_valuer_per_share": null,
            "book_valuer_per_share_4q_avg": 0,
            "equity": null,
            "current_ratio": null,
            "debt_ratio": null,
            "inventory_turnover_ratio": null,
            "account_receivable_turnover_ratio": null,
            "reinvestment_rate": null,
            "research_to_sale_ratio": null,
            "price_fair": 0,
            "eps_avg_yearly": 0,
            "eps_latest_yearly": 0,
            "eps_growth_yearly": 0
        },
        "20012": {
            "year_quarter": 20012,
            "year": 2001,
            "quarter": 2,
            "eps": null,
            "eps_growth_year": null,
            "eps_4q": null,
            "eps_4q_growth_year": null,
            "roe": null,
            "roe_4q": 0,
            "gross_profit": null,
            "gross_margin": null,
            "gross_margin_4q_avg": 0,
            "net_income": null,
            "net_income_4q": null,
            "revenue": null,
            "revenue_4q": null,
            "common_shares": null,
            "book_valuer_per_share": null,
            "book_valuer_per_share_4q_avg": 0,
            "equity": null,
            "current_ratio": null,
            "debt_ratio": null,
            "inventory_turnover_ratio": null,
            "account_receivable_turnover_ratio": null,
            "reinvestment_rate": null,
            "research_to_sale_ratio": null,
            "price_fair": 0,
            "eps_avg_yearly": 0,
            "eps_latest_yearly": 0,
            "eps_growth_yearly": 0
        },
        "20013": {
            "year_quarter": 20013,
            "year": 2001,
            "quarter": 3,
            "eps": null,
            "eps_growth_year": null,
            "eps_4q": null,
            "eps_4q_growth_year": null,
            "roe": null,
            "roe_4q": 0,
            "gross_profit": null,
            "gross_margin": null,
            "gross_margin_4q_avg": 0,
            "net_income": null,
            "net_income_4q": null,
            "revenue": null,
            "revenue_4q": null,
            "common_shares": null,
            "book_valuer_per_share": null,
            "book_valuer_per_share_4q_avg": 0,
            "equity": null,
            "current_ratio": null,
            "debt_ratio": null,
            "inventory_turnover_ratio": null,
            "account_receivable_turnover_ratio": null,
            "reinvestment_rate": null,
            "research_to_sale_ratio": null,
            "price_fair": 0,
            "eps_avg_yearly": 0,
            "eps_latest_yearly": 0,
            "eps_growth_yearly": 0
        },
        "20014": {
            "year_quarter": 20014,
            "year": 2001,
            "quarter": 4,
            "eps": null,
            "eps_growth_year": null,
            "eps_4q": null,
            "eps_4q_growth_year": null,
            "roe": null,
            "roe_4q": 0,
            "gross_profit": null,
            "gross_margin": null,
            "gross_margin_4q_avg": 0,
            "net_income": null,
            "net_income_4q": null,
            "revenue": null,
            "revenue_4q": null,
            "common_shares": 441000,
            "book_valuer_per_share": 15.94,
            "book_valuer_per_share_4q_avg": 3.99,
            "equity": 702863,
            "current_ratio": 118.86,
            "debt_ratio": 75.53,
            "inventory_turnover_ratio": null,
            "account_receivable_turnover_ratio": null,
            "reinvestment_rate": null,
            "research_to_sale_ratio": null,
            "price_fair": 0,
            "eps_avg_yearly": 0,
            "eps_latest_yearly": 0,
            "eps_growth_yearly": 0
        },
        "20021": {
            "year_quarter": 20021,
            "year": 2002,
            "quarter": 1,
            "eps": null,
            "eps_growth_year": null,
            "eps_4q": null,
            "eps_4q_growth_year": null,
            "roe": null,
            "roe_4q": 0,
            "gross_profit": null,
            "gross_margin": null,
            "gross_margin_4q_avg": 0,
            "net_income": null,
            "net_income_4q": null,
            "revenue": null,
            "revenue_4q": null,
            "common_shares": null,
            "book_valuer_per_share": null,
            "book_valuer_per_share_4q_avg": 3.99,
            "equity": null,
            "current_ratio": null,
            "debt_ratio": null,
            "inventory_turnover_ratio": null,
            "account_receivable_turnover_ratio": null,
            "reinvestment_rate": null,
            "research_to_sale_ratio": null,
            "price_fair": 0,
            "eps_avg_yearly": 0,
            "eps_latest_yearly": 0,
            "eps_growth_yearly": 0
        },
        "20022": {
            "year_quarter": 20022,
            "year": 2002,
            "quarter": 2,
            "eps": null,
            "eps_growth_year": null,
            "eps_4q": null,
            "eps_4q_growth_year": null,
            "roe": null,
            "roe_4q": 0,
            "gross_profit": null,
            "gross_margin": null,
            "gross_margin_4q_avg": 0,
            "net_income": null,
            "net_income_4q": null,
            "revenue": null,
            "revenue_4q": null,
            "common_shares": null,
            "book_valuer_per_share": null,
            "book_valuer_per_share_4q_avg": 3.99,
            "equity": null,
            "current_ratio": null,
            "debt_ratio": null,
            "inventory_turnover_ratio": null,
            "account_receivable_turnover_ratio": null,
            "reinvestment_rate": null,
            "research_to_sale_ratio": null,
            "price_fair": 0,
            "eps_avg_yearly": 0,
            "eps_latest_yearly": 0,
            "eps_growth_yearly": 0
        },
        "20023": {
            "year_quarter": 20023,
            "year": 2002,
            "quarter": 3,
            "eps": 0.17,
            "eps_growth_year": null,
            "eps_4q": null,
            "eps_4q_growth_year": null,
            "roe": 0.69,
            "roe_4q": 0.69,
            "gross_profit": 114665,
            "gross_margin": 4.32,
            "gross_margin_4q_avg": 1.08,
            "net_income": 9408,
            "net_income_4q": null,
            "revenue": 2656435,
            "revenue_4q": null,
            "common_shares": 660000,
            "book_valuer_per_share": 20.7,
            "book_valuer_per_share_4q_avg": 9.16,
            "equity": 1366436,
            "current_ratio": 153.19,
            "debt_ratio": 59.2,
            "inventory_turnover_ratio": 3.99,
            "account_receivable_turnover_ratio": null,
            "reinvestment_rate": null,
            "research_to_sale_ratio": null,
            "price_fair": 0,
            "eps_avg_yearly": 0,
            "eps_latest_yearly": 0,
            "eps_growth_yearly": 0
        },
        "20024": {
            "year_quarter": 20024,
            "year": 2002,
            "quarter": 4,
            "eps": -0.05,
            "eps_growth_year": null,
            "eps_4q": null,
            "eps_4q_growth_year": null,
            "roe": -0.22,
            "roe_4q": 0.47,
            "gross_profit": 110008,
            "gross_margin": 3.97,
            "gross_margin_4q_avg": 2.07,
            "net_income": -3058,
            "net_income_4q": null,
            "revenue": 2770656,
            "revenue_4q": null,
            "common_shares": 660000,
            "book_valuer_per_share": 20.76,
            "book_valuer_per_share_4q_avg": 10.37,
            "equity": 1370433,
            "current_ratio": 158.77,
            "debt_ratio": 61.75,
            "inventory_turnover_ratio": 3.48,
            "account_receivable_turnover_ratio": null,
            "reinvestment_rate": null,
            "research_to_sale_ratio": null,
            "price_fair": 0,
            "eps_avg_yearly": 0,
            "eps_latest_yearly": 0,
            "eps_growth_yearly": 0
        },
        "20031": {
            "year_quarter": 20031,
            "year": 2003,
            "quarter": 1,
            "eps": 0.68,
            "eps_growth_year": null,
            "eps_4q": null,
            "eps_4q_growth_year": null,
            "roe": 3.21,
            "roe_4q": 3.6799999999999997,
            "gross_profit": 134283,
            "gross_margin": 4.92,
            "gross_margin_4q_avg": 3.3,
            "net_income": 44754,
            "net_income_4q": null,
            "revenue": 2730360,
            "revenue_4q": null,
            "common_shares": 660000,
            "book_valuer_per_share": 21.44,
            "book_valuer_per_share_4q_avg": 15.73,
            "equity": 1415187,
            "current_ratio": 151.27,
            "debt_ratio": 60.02,
            "inventory_turnover_ratio": 3.57,
            "account_receivable_turnover_ratio": null,
            "reinvestment_rate": null,
            "research_to_sale_ratio": null,
            "price_fair": 0,
            "eps_avg_yearly": 0,
            "eps_latest_yearly": 0,
            "eps_growth_yearly": 0
        },
        "20032": {
            "year_quarter": 20032,
            "year": 2003,
            "quarter": 2,
            "eps": 0.21,
            "eps_growth_year": null,
            "eps_4q": 0.97,
            "eps_4q_growth_year": null,
            "roe": 0.99,
            "roe_4q": 4.67,
            "gross_profit": 102825,
            "gross_margin": 3.62,
            "gross_margin_4q_avg": 4.21,
            "net_income": 14107,
            "net_income_4q": null,
            "revenue": 2839478,
            "revenue_4q": null,
            "common_shares": 660000,
            "book_valuer_per_share": 21.63,
            "book_valuer_per_share_4q_avg": 21.13,
            "equity": 1427326,
            "current_ratio": 154.85,
            "debt_ratio": 58.24,
            "inventory_turnover_ratio": 4.04,
            "account_receivable_turnover_ratio": null,
            "reinvestment_rate": null,
            "research_to_sale_ratio": null,
            "price_fair": 2.52,
            "eps_avg_yearly": 0.84,
            "eps_latest_yearly": 0.84,
            "eps_growth_yearly": -276.47
        },
        "20033": {
            "year_quarter": 20033,
            "year": 2003,
            "quarter": 3,
            "eps": 0.82,
            "eps_growth_year": 382.35,
            "eps_4q": 1.62,
            "eps_4q_growth_year": null,
            "roe": 3.94,
            "roe_4q": 7.920000000000001,
            "gross_profit": 157218,
            "gross_margin": 3.79,
            "gross_margin_4q_avg": 4.08,
            "net_income": 57199,
            "net_income_4q": null,
            "revenue": 4146684,
            "revenue_4q": null,
            "common_shares": 696000,
            "book_valuer_per_share": 21.26,
            "book_valuer_per_share_4q_avg": 21.27,
            "equity": 1479606,
            "current_ratio": 151.21,
            "debt_ratio": 60.03,
            "inventory_turnover_ratio": 5.47,
            "account_receivable_turnover_ratio": null,
            "reinvestment_rate": null,
            "research_to_sale_ratio": null,
            "price_fair": 72.1,
            "eps_avg_yearly": 2.06,
            "eps_latest_yearly": 3.28,
            "eps_growth_yearly": 442.72
        },
        "20034": {
            "year_quarter": 20034,
            "year": 2003,
            "quarter": 4,
            "eps": 0.83,
            "eps_growth_year": null,
            "eps_4q": 2.51,
            "eps_4q_growth_year": null,
            "roe": 3.81,
            "roe_4q": 11.95,
            "gross_profit": 180756,
            "gross_margin": 4.39,
            "gross_margin_4q_avg": 4.18,
            "net_income": 57469,
            "net_income_4q": null,
            "revenue": 4117865,
            "revenue_4q": null,
            "common_shares": 696000,
            "book_valuer_per_share": 22.11,
            "book_valuer_per_share_4q_avg": 21.61,
            "equity": 1538646,
            "current_ratio": 147.52,
            "debt_ratio": 65.94,
            "inventory_turnover_ratio": 4.29,
            "account_receivable_turnover_ratio": null,
            "reinvestment_rate": null,
            "research_to_sale_ratio": null,
            "price_fair": 86.8,
            "eps_avg_yearly": 2.48,
            "eps_latest_yearly": 3.32,
            "eps_growth_yearly": 296.77
        },
        "20041": {
            "year_quarter": 20041,
            "year": 2004,
            "quarter": 1,
            "eps": 1.15,
            "eps_growth_year": 69.12,
            "eps_4q": 3,
            "eps_4q_growth_year": null,
            "roe": 5.07,
            "roe_4q": 13.81,
            "gross_profit": 175284,
            "gross_margin": 4.18,
            "gross_margin_4q_avg": 4,
            "net_income": 79898,
            "net_income_4q": null,
            "revenue": 4198106,
            "revenue_4q": null,
            "common_shares": 696000,
            "book_valuer_per_share": 23.18,
            "book_valuer_per_share_4q_avg": 22.05,
            "equity": 1613457,
            "current_ratio": 195.28,
            "debt_ratio": 65.33,
            "inventory_turnover_ratio": 3.42,
            "account_receivable_turnover_ratio": null,
            "reinvestment_rate": null,
            "research_to_sale_ratio": null,
            "price_fair": 105.35,
            "eps_avg_yearly": 3.01,
            "eps_latest_yearly": 4.6,
            "eps_growth_yearly": 261.13
        },
        "20042": {
            "year_quarter": 20042,
            "year": 2004,
            "quarter": 2,
            "eps": 0.17,
            "eps_growth_year": -19.05,
            "eps_4q": 2.62,
            "eps_4q_growth_year": 169.9,
            "roe": 0.85,
            "roe_4q": 13.67,
            "gross_profit": 120394,
            "gross_margin": 2.93,
            "gross_margin_4q_avg": 3.82,
            "net_income": 13500,
            "net_income_4q": null,
            "revenue": 4114402,
            "revenue_4q": null,
            "common_shares": 696000,
            "book_valuer_per_share": 22.59,
            "book_valuer_per_share_4q_avg": 22.29,
            "equity": 1572447,
            "current_ratio": 166.89,
            "debt_ratio": 69.23,
            "inventory_turnover_ratio": 3.33,
            "account_receivable_turnover_ratio": null,
            "reinvestment_rate": null,
            "research_to_sale_ratio": null,
            "price_fair": 89.04,
            "eps_avg_yearly": 2.54,
            "eps_latest_yearly": 0.68,
            "eps_growth_yearly": 140.73
        },
        "20043": {
            "year_quarter": 20043,
            "year": 2004,
            "quarter": 3,
            "eps": 0.65,
            "eps_growth_year": -20.73,
            "eps_4q": 2.55,
            "eps_4q_growth_year": 57.58,
            "roe": 3.25,
            "roe_4q": 12.98,
            "gross_profit": 169224,
            "gross_margin": 3.48,
            "gross_margin_4q_avg": 3.75,
            "net_income": 51537,
            "net_income_4q": null,
            "revenue": 4864227,
            "revenue_4q": null,
            "common_shares": 806946,
            "book_valuer_per_share": 19.78,
            "book_valuer_per_share_4q_avg": 21.92,
            "equity": 1596052,
            "current_ratio": 158.83,
            "debt_ratio": 70.63,
            "inventory_turnover_ratio": 3.48,
            "account_receivable_turnover_ratio": null,
            "reinvestment_rate": null,
            "research_to_sale_ratio": null,
            "price_fair": 89.37,
            "eps_avg_yearly": 2.55,
            "eps_latest_yearly": 2.6,
            "eps_growth_yearly": 305.51
        },
        "20044": {
            "year_quarter": 20044,
            "year": 2004,
            "quarter": 4,
            "eps": 0.5,
            "eps_growth_year": -39.76,
            "eps_4q": 2.34,
            "eps_4q_growth_year": -6.7,
            "roe": 2.45,
            "roe_4q": 11.620000000000001,
            "gross_profit": 153582,
            "gross_margin": 2.33,
            "gross_margin_4q_avg": 3.23,
            "net_income": 39420,
            "net_income_4q": null,
            "revenue": 6586337,
            "revenue_4q": null,
            "common_shares": 807694,
            "book_valuer_per_share": 20.04,
            "book_valuer_per_share_4q_avg": 21.4,
            "equity": 1618418,
            "current_ratio": 211.77,
            "debt_ratio": 61.16,
            "inventory_turnover_ratio": 4.79,
            "account_receivable_turnover_ratio": null,
            "reinvestment_rate": null,
            "research_to_sale_ratio": null,
            "price_fair": 86.6,
            "eps_avg_yearly": 2.47,
            "eps_latest_yearly": 2,
            "eps_growth_yearly": 248.68
        },
        "20051": {
            "year_quarter": 20051,
            "year": 2005,
            "quarter": 1,
            "eps": 0.7,
            "eps_growth_year": -39.13,
            "eps_4q": 1.98,
            "eps_4q_growth_year": -34.24,
            "roe": 3.18,
            "roe_4q": 9.73,
            "gross_profit": 177617,
            "gross_margin": 2.56,
            "gross_margin_4q_avg": 2.83,
            "net_income": 57345,
            "net_income_4q": null,
            "revenue": 6949475,
            "revenue_4q": null,
            "common_shares": 945380,
            "book_valuer_per_share": 21.02,
            "book_valuer_per_share_4q_avg": 20.86,
            "equity": 1987618,
            "current_ratio": 179.98,
            "debt_ratio": 60.61,
            "inventory_turnover_ratio": 6.37,
            "account_receivable_turnover_ratio": null,
            "reinvestment_rate": null,
            "research_to_sale_ratio": null,
            "price_fair": 88.03,
            "eps_avg_yearly": 2.52,
            "eps_latest_yearly": 2.8,
            "eps_growth_yearly": 237.6
        },
        "20052": {
            "year_quarter": 20052,
            "year": 2005,
            "quarter": 2,
            "eps": 0.27,
            "eps_growth_year": 58.82,
            "eps_4q": 1.9,
            "eps_4q_growth_year": -27.55,
            "roe": 1.25,
            "roe_4q": 10.129999999999999,
            "gross_profit": 133931,
            "gross_margin": 2.31,
            "gross_margin_4q_avg": 2.67,
            "net_income": 24591,
            "net_income_4q": null,
            "revenue": 5801568,
            "revenue_4q": null,
            "common_shares": 945908,
            "book_valuer_per_share": 20.6,
            "book_valuer_per_share_4q_avg": 20.36,
            "equity": 1948729,
            "current_ratio": 299.54,
            "debt_ratio": 57.88,
            "inventory_turnover_ratio": 6.27,
            "account_receivable_turnover_ratio": null,
            "reinvestment_rate": null,
            "research_to_sale_ratio": null,
            "price_fair": 82.44,
            "eps_avg_yearly": 2.36,
            "eps_latest_yearly": 1.08,
            "eps_growth_yearly": 183.89
        },
        "20053": {
            "year_quarter": 20053,
            "year": 2005,
            "quarter": 3,
            "eps": 0.67,
            "eps_growth_year": 3.08,
            "eps_4q": 1.95,
            "eps_4q_growth_year": -23.74,
            "roe": 3.18,
            "roe_4q": 10.059999999999999,
            "gross_profit": 223969,
            "gross_margin": 2.7,
            "gross_margin_4q_avg": 2.48,
            "net_income": 63688,
            "net_income_4q": null,
            "revenue": 8284543,
            "revenue_4q": null,
            "common_shares": 1024223,
            "book_valuer_per_share": 20.1,
            "book_valuer_per_share_4q_avg": 20.44,
            "equity": 2058747,
            "current_ratio": 259.17,
            "debt_ratio": 65.28,
            "inventory_turnover_ratio": 8.01,
            "account_receivable_turnover_ratio": null,
            "reinvestment_rate": null,
            "research_to_sale_ratio": null,
            "price_fair": 83.58,
            "eps_avg_yearly": 2.39,
            "eps_latest_yearly": 2.68,
            "eps_growth_yearly": 224.76
        },
        "20054": {
            "year_quarter": 20054,
            "year": 2005,
            "quarter": 4,
            "eps": 0.71,
            "eps_growth_year": 42,
            "eps_4q": 2.23,
            "eps_4q_growth_year": -4.79,
            "roe": 3.27,
            "roe_4q": 10.88,
            "gross_profit": 209470,
            "gross_margin": 2.61,
            "gross_margin_4q_avg": 2.55,
            "net_income": 68190,
            "net_income_4q": null,
            "revenue": 8033336,
            "revenue_4q": null,
            "common_shares": 1026761,
            "book_valuer_per_share": 20.54,
            "book_valuer_per_share_4q_avg": 20.57,
            "equity": 2109392,
            "current_ratio": 288.06,
            "debt_ratio": 63.74,
            "inventory_turnover_ratio": 6.16,
            "account_receivable_turnover_ratio": null,
            "reinvestment_rate": null,
            "research_to_sale_ratio": null,
            "price_fair": 85.02,
            "eps_avg_yearly": 2.43,
            "eps_latest_yearly": 2.84,
            "eps_growth_yearly": 206.5
        },
        "20061": {
            "year_quarter": 20061,
            "year": 2006,
            "quarter": 1,
            "eps": -0.33,
            "eps_growth_year": -147.14,
            "eps_4q": 1.24,
            "eps_4q_growth_year": -37.17,
            "roe": -1.56,
            "roe_4q": 6.140000000000001,
            "gross_profit": 137498,
            "gross_margin": 2.04,
            "gross_margin_4q_avg": 2.42,
            "net_income": -32870,
            "net_income_4q": null,
            "revenue": 6749898,
            "revenue_4q": null,
            "common_shares": 1037805,
            "book_valuer_per_share": 20.41,
            "book_valuer_per_share_4q_avg": 20.41,
            "equity": 2117841,
            "current_ratio": 294.43,
            "debt_ratio": 62.18,
            "inventory_turnover_ratio": 5.28,
            "account_receivable_turnover_ratio": null,
            "reinvestment_rate": null,
            "research_to_sale_ratio": null,
            "price_fair": 85.02,
            "eps_avg_yearly": 2.43,
            "eps_latest_yearly": 2.84,
            "eps_growth_yearly": 206.5
        },
        "20062": {
            "year_quarter": 20062,
            "year": 2006,
            "quarter": 2,
            "eps": -0.31,
            "eps_growth_year": -214.81,
            "eps_4q": 0.63,
            "eps_4q_growth_year": -66.85,
            "roe": -1.64,
            "roe_4q": 3.25,
            "gross_profit": 152936,
            "gross_margin": 1.8,
            "gross_margin_4q_avg": 2.29,
            "net_income": -33653,
            "net_income_4q": null,
            "revenue": 8480299,
            "revenue_4q": null,
            "common_shares": 1038615,
            "book_valuer_per_share": 19.24,
            "book_valuer_per_share_4q_avg": 20.07,
            "equity": 1998071,
            "current_ratio": 137.24,
            "debt_ratio": 71.26,
            "inventory_turnover_ratio": 5.33,
            "account_receivable_turnover_ratio": null,
            "reinvestment_rate": 57.72,
            "research_to_sale_ratio": null,
            "price_fair": 85.02,
            "eps_avg_yearly": 2.43,
            "eps_latest_yearly": 2.84,
            "eps_growth_yearly": 206.5
        },
        "20063": {
            "year_quarter": 20063,
            "year": 2006,
            "quarter": 3,
            "eps": 0.63,
            "eps_growth_year": -5.97,
            "eps_4q": 0.64,
            "eps_4q_growth_year": -66.87,
            "roe": 3.4,
            "roe_4q": 3.4699999999999998,
            "gross_profit": 250034,
            "gross_margin": 2.43,
            "gross_margin_4q_avg": 2.22,
            "net_income": 70046,
            "net_income_4q": null,
            "revenue": 10301667,
            "revenue_4q": null,
            "common_shares": 1182144,
            "book_valuer_per_share": 18,
            "book_valuer_per_share_4q_avg": 19.55,
            "equity": 2127967,
            "current_ratio": 151.93,
            "debt_ratio": 66.88,
            "inventory_turnover_ratio": 7.07,
            "account_receivable_turnover_ratio": null,
            "reinvestment_rate": -2.94,
            "research_to_sale_ratio": null,
            "price_fair": 85.02,
            "eps_avg_yearly": 2.43,
            "eps_latest_yearly": 2.84,
            "eps_growth_yearly": 206.5
        },
        "20064": {
            "year_quarter": 20064,
            "year": 2006,
            "quarter": 4,
            "eps": 0.37,
            "eps_growth_year": -47.89,
            "eps_4q": 0.4,
            "eps_4q_growth_year": -82.01,
            "roe": 1.86,
            "roe_4q": 2.06,
            "gross_profit": 200114,
            "gross_margin": 2.32,
            "gross_margin_4q_avg": 2.15,
            "net_income": 42723,
            "net_income_4q": null,
            "revenue": 8613552,
            "revenue_4q": null,
            "common_shares": 1383367,
            "book_valuer_per_share": 17.84,
            "book_valuer_per_share_4q_avg": 18.87,
            "equity": 2467236,
            "current_ratio": 147.07,
            "debt_ratio": 64.73,
            "inventory_turnover_ratio": 5.6,
            "account_receivable_turnover_ratio": null,
            "reinvestment_rate": -1.74,
            "research_to_sale_ratio": null,
            "price_fair": 82.25,
            "eps_avg_yearly": 2.35,
            "eps_latest_yearly": 1.48,
            "eps_growth_yearly": 175.54
        },
        "20071": {
            "year_quarter": 20071,
            "year": 2007,
            "quarter": 1,
            "eps": 0.11,
            "eps_growth_year": null,
            "eps_4q": 0.69,
            "eps_4q_growth_year": -44.16,
            "roe": 0.6,
            "roe_4q": 4.22,
            "gross_profit": 194073,
            "gross_margin": 1.94,
            "gross_margin_4q_avg": 2.12,
            "net_income": 14931,
            "net_income_4q": null,
            "revenue": 9996193,
            "revenue_4q": null,
            "common_shares": 1383717,
            "book_valuer_per_share": 17.97,
            "book_valuer_per_share_4q_avg": 18.26,
            "equity": 2487099,
            "current_ratio": 158.59,
            "debt_ratio": 59.79,
            "inventory_turnover_ratio": 5.99,
            "account_receivable_turnover_ratio": null,
            "reinvestment_rate": -1.84,
            "research_to_sale_ratio": null,
            "price_fair": 77.11,
            "eps_avg_yearly": 2.2,
            "eps_latest_yearly": 0.44,
            "eps_growth_yearly": 140.41
        },
        "20072": {
            "year_quarter": 20072,
            "year": 2007,
            "quarter": 2,
            "eps": 0.28,
            "eps_growth_year": null,
            "eps_4q": 1.18,
            "eps_4q_growth_year": 86.9,
            "roe": 1.57,
            "roe_4q": 7.43,
            "gross_profit": 261660,
            "gross_margin": 2.96,
            "gross_margin_4q_avg": 2.41,
            "net_income": 39904,
            "net_income_4q": null,
            "revenue": 8836450,
            "revenue_4q": null,
            "common_shares": 1426129,
            "book_valuer_per_share": 18.27,
            "book_valuer_per_share_4q_avg": 18.02,
            "equity": 2605983,
            "current_ratio": 226.72,
            "debt_ratio": 62.59,
            "inventory_turnover_ratio": 5.79,
            "account_receivable_turnover_ratio": null,
            "reinvestment_rate": -2.01,
            "research_to_sale_ratio": null,
            "price_fair": 77.86,
            "eps_avg_yearly": 2.22,
            "eps_latest_yearly": 1.12,
            "eps_growth_yearly": 209.23
        },
        "20073": {
            "year_quarter": 20073,
            "year": 2007,
            "quarter": 3,
            "eps": 0.01,
            "eps_growth_year": -98.41,
            "eps_4q": 0.58,
            "eps_4q_growth_year": -9.86,
            "roe": 0.07,
            "roe_4q": 4.1000000000000005,
            "gross_profit": 266943,
            "gross_margin": 2.27,
            "gross_margin_4q_avg": 2.37,
            "net_income": 2046,
            "net_income_4q": null,
            "revenue": 11756753,
            "revenue_4q": null,
            "common_shares": 1713209,
            "book_valuer_per_share": 17.73,
            "book_valuer_per_share_4q_avg": 17.95,
            "equity": 3038236,
            "current_ratio": 279.96,
            "debt_ratio": 59.03,
            "inventory_turnover_ratio": 6.88,
            "account_receivable_turnover_ratio": null,
            "reinvestment_rate": -1.94,
            "research_to_sale_ratio": null,
            "price_fair": 69.14,
            "eps_avg_yearly": 1.98,
            "eps_latest_yearly": 0.04,
            "eps_growth_yearly": 90.18
        },
        "20074": {
            "year_quarter": 20074,
            "year": 2007,
            "quarter": 4,
            "eps": 0.3,
            "eps_growth_year": -18.92,
            "eps_4q": 0.68,
            "eps_4q_growth_year": 69.39,
            "roe": 1.5,
            "roe_4q": 3.74,
            "gross_profit": 254560,
            "gross_margin": 3.02,
            "gross_margin_4q_avg": 2.55,
            "net_income": 45091,
            "net_income_4q": null,
            "revenue": 8428192,
            "revenue_4q": null,
            "common_shares": 1715725,
            "book_valuer_per_share": 17.37,
            "book_valuer_per_share_4q_avg": 17.84,
            "equity": 2980312,
            "current_ratio": 280.36,
            "debt_ratio": 53.16,
            "inventory_turnover_ratio": 6.04,
            "account_receivable_turnover_ratio": null,
            "reinvestment_rate": -2.16,
            "research_to_sale_ratio": null,
            "price_fair": 63.43,
            "eps_avg_yearly": 1.81,
            "eps_latest_yearly": 1.2,
            "eps_growth_yearly": 982.12
        },
        "20081": {
            "year_quarter": 20081,
            "year": 2008,
            "quarter": 1,
            "eps": 0.06,
            "eps_growth_year": -45.45,
            "eps_4q": 0.62,
            "eps_4q_growth_year": -10.98,
            "roe": 0.32,
            "roe_4q": 3.46,
            "gross_profit": 214197,
            "gross_margin": 2,
            "gross_margin_4q_avg": 2.56,
            "net_income": 9380,
            "net_income_4q": null,
            "revenue": 10704939,
            "revenue_4q": null,
            "common_shares": 1635725,
            "book_valuer_per_share": 17.97,
            "book_valuer_per_share_4q_avg": 17.84,
            "equity": 2939929,
            "current_ratio": 215.84,
            "debt_ratio": 58.56,
            "inventory_turnover_ratio": 6.59,
            "account_receivable_turnover_ratio": null,
            "reinvestment_rate": -2.18,
            "research_to_sale_ratio": null,
            "price_fair": 51.69,
            "eps_avg_yearly": 1.48,
            "eps_latest_yearly": 0.24,
            "eps_growth_yearly": 945.64
        },
        "20082": {
            "year_quarter": 20082,
            "year": 2008,
            "quarter": 2,
            "eps": -0.6,
            "eps_growth_year": -314.29,
            "eps_4q": -0.22,
            "eps_4q_growth_year": -118.28,
            "roe": -3.22,
            "roe_4q": -1.3300000000000003,
            "gross_profit": 73,
            "gross_margin": 0,
            "gross_margin_4q_avg": 1.82,
            "net_income": -91703,
            "net_income_4q": null,
            "revenue": 9959156,
            "revenue_4q": null,
            "common_shares": 1636292,
            "book_valuer_per_share": 16.85,
            "book_valuer_per_share_4q_avg": 17.48,
            "equity": 2757468,
            "current_ratio": 161.54,
            "debt_ratio": 59.23,
            "inventory_turnover_ratio": 5.61,
            "account_receivable_turnover_ratio": null,
            "reinvestment_rate": -2.6,
            "research_to_sale_ratio": null,
            "price_fair": 54.02,
            "eps_avg_yearly": 1.54,
            "eps_latest_yearly": 0.24,
            "eps_growth_yearly": 1052.85
        },
        "20083": {
            "year_quarter": 20083,
            "year": 2008,
            "quarter": 3,
            "eps": 0.56,
            "eps_growth_year": 5500,
            "eps_4q": 0.31,
            "eps_4q_growth_year": -46.16,
            "roe": 3.03,
            "roe_4q": 1.6299999999999997,
            "gross_profit": 293113,
            "gross_margin": 2.77,
            "gross_margin_4q_avg": 1.95,
            "net_income": 84428,
            "net_income_4q": null,
            "revenue": 10567887,
            "revenue_4q": null,
            "common_shares": 1636292,
            "book_valuer_per_share": 17.24,
            "book_valuer_per_share_4q_avg": 17.36,
            "equity": 2821582,
            "current_ratio": 169.38,
            "debt_ratio": 56.66,
            "inventory_turnover_ratio": 7.07,
            "account_receivable_turnover_ratio": null,
            "reinvestment_rate": -2.07,
            "research_to_sale_ratio": null,
            "price_fair": 50.65,
            "eps_avg_yearly": 1.45,
            "eps_latest_yearly": 0.24,
            "eps_growth_yearly": 1045.89
        },
        "20084": {
            "year_quarter": 20084,
            "year": 2008,
            "quarter": 4,
            "eps": -0.21,
            "eps_growth_year": -170,
            "eps_4q": -0.2,
            "eps_4q_growth_year": -129.48,
            "roe": -1.19,
            "roe_4q": -1.0600000000000003,
            "gross_profit": 46788,
            "gross_margin": 0.65,
            "gross_margin_4q_avg": 1.36,
            "net_income": -33082,
            "net_income_4q": null,
            "revenue": 7172982,
            "revenue_4q": null,
            "common_shares": 1576292,
            "book_valuer_per_share": 17.48,
            "book_valuer_per_share_4q_avg": 17.39,
            "equity": 2754891,
            "current_ratio": 268.56,
            "debt_ratio": 35.59,
            "inventory_turnover_ratio": 6.63,
            "account_receivable_turnover_ratio": 7.64,
            "reinvestment_rate": -3.47,
            "research_to_sale_ratio": null,
            "price_fair": 48.72,
            "eps_avg_yearly": 1.39,
            "eps_latest_yearly": 0.24,
            "eps_growth_yearly": 1159.71
        },
        "20091": {
            "year_quarter": 20091,
            "year": 2009,
            "quarter": 1,
            "eps": 0.22,
            "eps_growth_year": 266.67,
            "eps_4q": -0.07,
            "eps_4q_growth_year": -110.85,
            "roe": 1.12,
            "roe_4q": -0.26000000000000023,
            "gross_profit": 182653,
            "gross_margin": 2.5,
            "gross_margin_4q_avg": 1.48,
            "net_income": 30944,
            "net_income_4q": null,
            "revenue": 7310627,
            "revenue_4q": null,
            "common_shares": 1500392,
            "book_valuer_per_share": 18.61,
            "book_valuer_per_share_4q_avg": 17.55,
            "equity": 2792081,
            "current_ratio": 233.55,
            "debt_ratio": 41.07,
            "inventory_turnover_ratio": 10.9,
            "account_receivable_turnover_ratio": 3.26,
            "reinvestment_rate": -3.88,
            "research_to_sale_ratio": null,
            "price_fair": 43.24,
            "eps_avg_yearly": 1.24,
            "eps_latest_yearly": 0.24,
            "eps_growth_yearly": 1270.79
        },
        "20092": {
            "year_quarter": 20092,
            "year": 2009,
            "quarter": 2,
            "eps": 0.29,
            "eps_growth_year": null,
            "eps_4q": 0.87,
            "eps_4q_growth_year": null,
            "roe": 1.47,
            "roe_4q": 4.43,
            "gross_profit": 191612,
            "gross_margin": 2.65,
            "gross_margin_4q_avg": 2.14,
            "net_income": 41036,
            "net_income_4q": null,
            "revenue": 7241652,
            "revenue_4q": null,
            "common_shares": 1500460,
            "book_valuer_per_share": 18.68,
            "book_valuer_per_share_4q_avg": 18,
            "equity": 2802379,
            "current_ratio": 247.6,
            "debt_ratio": 38.85,
            "inventory_turnover_ratio": 9.88,
            "account_receivable_turnover_ratio": 3.21,
            "reinvestment_rate": -4.95,
            "research_to_sale_ratio": null,
            "price_fair": 43.56,
            "eps_avg_yearly": 1.24,
            "eps_latest_yearly": 1.16,
            "eps_growth_yearly": 1312.23
        },
        "20093": {
            "year_quarter": 20093,
            "year": 2009,
            "quarter": 3,
            "eps": 0.62,
            "eps_growth_year": 10.71,
            "eps_4q": 0.89,
            "eps_4q_growth_year": 184.29,
            "roe": 3.01,
            "roe_4q": 4.41,
            "gross_profit": 255806,
            "gross_margin": 3.12,
            "gross_margin_4q_avg": 2.23,
            "net_income": 89335,
            "net_income_4q": null,
            "revenue": 8203826,
            "revenue_4q": null,
            "common_shares": 1729460,
            "book_valuer_per_share": 18.14,
            "book_valuer_per_share_4q_avg": 18.23,
            "equity": 3137069,
            "current_ratio": 233.9,
            "debt_ratio": 46,
            "inventory_turnover_ratio": 9.25,
            "account_receivable_turnover_ratio": 3.37,
            "reinvestment_rate": -6.39,
            "research_to_sale_ratio": null,
            "price_fair": 42.78,
            "eps_avg_yearly": 1.22,
            "eps_latest_yearly": 2.48,
            "eps_growth_yearly": 1296.96
        },
        "20094": {
            "year_quarter": 20094,
            "year": 2009,
            "quarter": 4,
            "eps": 0.64,
            "eps_growth_year": null,
            "eps_4q": 1.41,
            "eps_4q_growth_year": null,
            "roe": 2.95,
            "roe_4q": 8.55,
            "gross_profit": 249260,
            "gross_margin": 2.63,
            "gross_margin_4q_avg": 2.73,
            "net_income": 96194,
            "net_income_4q": null,
            "revenue": 9473322,
            "revenue_4q": null,
            "common_shares": 1899960,
            "book_valuer_per_share": 18.5,
            "book_valuer_per_share_4q_avg": 18.48,
            "equity": 3380854,
            "current_ratio": 229.66,
            "debt_ratio": 43.77,
            "inventory_turnover_ratio": 6.78,
            "account_receivable_turnover_ratio": 7.87,
            "reinvestment_rate": -0.41,
            "research_to_sale_ratio": null,
            "price_fair": 41.69,
            "eps_avg_yearly": 1.19,
            "eps_latest_yearly": 2.56,
            "eps_growth_yearly": 1295.74
        },
        "20101": {
            "year_quarter": 20101,
            "year": 2010,
            "quarter": 1,
            "eps": 0.78,
            "eps_growth_year": 254.55,
            "eps_4q": 1.94,
            "eps_4q_growth_year": null,
            "roe": 4.11,
            "roe_4q": 11.540000000000001,
            "gross_profit": 331992,
            "gross_margin": 2.57,
            "gross_margin_4q_avg": 2.74,
            "net_income": 143968,
            "net_income_4q": null,
            "revenue": 12928112,
            "revenue_4q": null,
            "common_shares": 1965660,
            "book_valuer_per_share": 18.98,
            "book_valuer_per_share_4q_avg": 18.58,
            "equity": 3621951,
            "current_ratio": 181.27,
            "debt_ratio": 53.66,
            "inventory_turnover_ratio": 5.81,
            "account_receivable_turnover_ratio": 4.85,
            "reinvestment_rate": 23.02,
            "research_to_sale_ratio": 0.01,
            "price_fair": 48.44,
            "eps_avg_yearly": 1.38,
            "eps_latest_yearly": 3.12,
            "eps_growth_yearly": 1174.92
        },
        "20102": {
            "year_quarter": 20102,
            "year": 2010,
            "quarter": 2,
            "eps": 0.65,
            "eps_growth_year": 123.92,
            "eps_4q": 2.37,
            "eps_4q_growth_year": 171.62,
            "roe": 3.43,
            "roe_4q": 13.500000000000002,
            "gross_profit": 315389,
            "gross_margin": 2.74,
            "gross_margin_4q_avg": 2.77,
            "net_income": 124554,
            "net_income_4q": null,
            "revenue": 11530933,
            "revenue_4q": null,
            "common_shares": 1975060,
            "book_valuer_per_share": 18.92,
            "book_valuer_per_share_4q_avg": 18.64,
            "equity": 3632077,
            "current_ratio": 200.31,
            "debt_ratio": 57.21,
            "inventory_turnover_ratio": 4.33,
            "account_receivable_turnover_ratio": 3.6,
            "reinvestment_rate": 17.82,
            "research_to_sale_ratio": 0.02,
            "price_fair": 52.31,
            "eps_avg_yearly": 1.49,
            "eps_latest_yearly": 2.6,
            "eps_growth_yearly": 1062.04
        },
        "20103": {
            "year_quarter": 20103,
            "year": 2010,
            "quarter": 3,
            "eps": 0.3,
            "eps_growth_year": -51.49,
            "eps_4q": 2.19,
            "eps_4q_growth_year": 146.16,
            "roe": 1.55,
            "roe_4q": 12.04,
            "gross_profit": 247196,
            "gross_margin": 2.25,
            "gross_margin_4q_avg": 2.55,
            "net_income": 56654,
            "net_income_4q": null,
            "revenue": 10999183,
            "revenue_4q": null,
            "common_shares": 1986788,
            "book_valuer_per_share": 19.02,
            "book_valuer_per_share_4q_avg": 18.86,
            "equity": 3677517,
            "current_ratio": 305.68,
            "debt_ratio": 54.37,
            "inventory_turnover_ratio": 4.23,
            "account_receivable_turnover_ratio": 3.32,
            "reinvestment_rate": 17.73,
            "research_to_sale_ratio": 0.02,
            "price_fair": 51.45,
            "eps_avg_yearly": 1.47,
            "eps_latest_yearly": 1.2,
            "eps_growth_yearly": 955.59
        },
        "20104": {
            "year_quarter": 20104,
            "year": 2010,
            "quarter": 4,
            "eps": 0.3,
            "eps_growth_year": -53.59,
            "eps_4q": 2.07,
            "eps_4q_growth_year": 46.88,
            "roe": 1.47,
            "roe_4q": 10.56,
            "gross_profit": 243777,
            "gross_margin": 1.97,
            "gross_margin_4q_avg": 2.38,
            "net_income": 52528,
            "net_income_4q": null,
            "revenue": 12349754,
            "revenue_4q": null,
            "common_shares": 1957232,
            "book_valuer_per_share": 18.8,
            "book_valuer_per_share_4q_avg": 18.93,
            "equity": 3469900,
            "current_ratio": 251.49,
            "debt_ratio": 58.89,
            "inventory_turnover_ratio": 5.38,
            "account_receivable_turnover_ratio": 3.5,
            "reinvestment_rate": 23.5,
            "research_to_sale_ratio": 0.01,
            "price_fair": 50.63,
            "eps_avg_yearly": 1.45,
            "eps_latest_yearly": 1.2,
            "eps_growth_yearly": 969.35
        },
        "20111": {
            "year_quarter": 20111,
            "year": 2011,
            "quarter": 1,
            "eps": 0.74,
            "eps_growth_year": -5.13,
            "eps_4q": 2.03,
            "eps_4q_growth_year": 4.48,
            "roe": 3.83,
            "roe_4q": 10.28,
            "gross_profit": 336988,
            "gross_margin": 2.83,
            "gross_margin_4q_avg": 2.45,
            "net_income": 135558,
            "net_income_4q": null,
            "revenue": 11893846,
            "revenue_4q": null,
            "common_shares": 1866656,
            "book_valuer_per_share": 19.52,
            "book_valuer_per_share_4q_avg": 19.07,
            "equity": 3605696,
            "current_ratio": 246.9,
            "debt_ratio": 64.68,
            "inventory_turnover_ratio": 4.97,
            "account_receivable_turnover_ratio": 2.74,
            "reinvestment_rate": 32.77,
            "research_to_sale_ratio": 0.01,
            "price_fair": 57.98,
            "eps_avg_yearly": 1.66,
            "eps_latest_yearly": 2.96,
            "eps_growth_yearly": 1041.66
        },
        "20112": {
            "year_quarter": 20112,
            "year": 2011,
            "quarter": 2,
            "eps": 0.27,
            "eps_growth_year": -58.39,
            "eps_4q": 1.62,
            "eps_4q_growth_year": -31.43,
            "roe": 1.4,
            "roe_4q": 8.25,
            "gross_profit": 234555,
            "gross_margin": 2.25,
            "gross_margin_4q_avg": 2.33,
            "net_income": 48702,
            "net_income_4q": null,
            "revenue": 10405904,
            "revenue_4q": null,
            "common_shares": 1866656,
            "book_valuer_per_share": 18.22,
            "book_valuer_per_share_4q_avg": 18.89,
            "equity": 3363484,
            "current_ratio": 199.13,
            "debt_ratio": 66.44,
            "inventory_turnover_ratio": 3.55,
            "account_receivable_turnover_ratio": 2.42,
            "reinvestment_rate": 32.83,
            "research_to_sale_ratio": 0.12,
            "price_fair": 57.87,
            "eps_avg_yearly": 1.65,
            "eps_latest_yearly": 1.08,
            "eps_growth_yearly": 968.97
        },
        "20113": {
            "year_quarter": 20113,
            "year": 2011,
            "quarter": 3,
            "eps": 0.27,
            "eps_growth_year": -11.77,
            "eps_4q": 1.61,
            "eps_4q_growth_year": -26.57,
            "roe": 1.36,
            "roe_4q": 8.06,
            "gross_profit": 255318,
            "gross_margin": 2.28,
            "gross_margin_4q_avg": 2.33,
            "net_income": 46188,
            "net_income_4q": null,
            "revenue": 11191161,
            "revenue_4q": null,
            "common_shares": 1866656,
            "book_valuer_per_share": 19.08,
            "book_valuer_per_share_4q_avg": 18.91,
            "equity": 3429828,
            "current_ratio": 224.09,
            "debt_ratio": 69.2,
            "inventory_turnover_ratio": 3.31,
            "account_receivable_turnover_ratio": 2.57,
            "reinvestment_rate": 32.45,
            "research_to_sale_ratio": 0.03,
            "price_fair": 60.9,
            "eps_avg_yearly": 1.74,
            "eps_latest_yearly": 1.08,
            "eps_growth_yearly": 1001.12
        },
        "20114": {
            "year_quarter": 20114,
            "year": 2011,
            "quarter": 4,
            "eps": 0.1,
            "eps_growth_year": -65.45,
            "eps_4q": 1.49,
            "eps_4q_growth_year": -27.82,
            "roe": 0.45,
            "roe_4q": 7.04,
            "gross_profit": 231888,
            "gross_margin": 2.1,
            "gross_margin_4q_avg": 2.37,
            "net_income": 14839,
            "net_income_4q": null,
            "revenue": 11023002,
            "revenue_4q": null,
            "common_shares": 1684646,
            "book_valuer_per_share": 19.08,
            "book_valuer_per_share_4q_avg": 18.98,
            "equity": 3219889,
            "current_ratio": 242.19,
            "debt_ratio": 66.66,
            "inventory_turnover_ratio": 3.2,
            "account_receivable_turnover_ratio": 2.5,
            "reinvestment_rate": 29.9,
            "research_to_sale_ratio": 0.05,
            "price_fair": 39.26,
            "eps_avg_yearly": 1.67,
            "eps_latest_yearly": 0.4,
            "eps_growth_yearly": 13.46
        },
        "20121": {
            "year_quarter": 20121,
            "year": 2012,
            "quarter": 1,
            "eps": 0.04,
            "eps_growth_year": -94.59,
            "eps_4q": 0.63,
            "eps_4q_growth_year": -68.99,
            "roe": 0.14,
            "roe_4q": 3.35,
            "gross_profit": 194437,
            "gross_margin": 2.19,
            "gross_margin_4q_avg": 2.21,
            "net_income": 4687,
            "net_income_4q": null,
            "revenue": 8877839,
            "revenue_4q": null,
            "common_shares": 1926560,
            "book_valuer_per_share": 18.59,
            "book_valuer_per_share_4q_avg": 18.74,
            "equity": 3585746,
            "current_ratio": 257.38,
            "debt_ratio": 60.83,
            "inventory_turnover_ratio": 2.85,
            "account_receivable_turnover_ratio": 2.33,
            "reinvestment_rate": 32.28,
            "research_to_sale_ratio": 0.03,
            "price_fair": 50.22,
            "eps_avg_yearly": 1.67,
            "eps_latest_yearly": 0.16,
            "eps_growth_yearly": 20.13
        },
        "20122": {
            "year_quarter": 20122,
            "year": 2012,
            "quarter": 2,
            "eps": 0.08,
            "eps_growth_year": -71.98,
            "eps_4q": 0.47,
            "eps_4q_growth_year": -71.01,
            "roe": 0.36,
            "roe_4q": 2.31,
            "gross_profit": 203957,
            "gross_margin": 2.6,
            "gross_margin_4q_avg": 2.29,
            "net_income": 12115,
            "net_income_4q": null,
            "revenue": 7847443,
            "revenue_4q": null,
            "common_shares": 1926618,
            "book_valuer_per_share": 17.73,
            "book_valuer_per_share_4q_avg": 18.62,
            "equity": 3205925,
            "current_ratio": 232.35,
            "debt_ratio": 64.84,
            "inventory_turnover_ratio": 2.88,
            "account_receivable_turnover_ratio": 2.05,
            "reinvestment_rate": 28.13,
            "research_to_sale_ratio": 0.03,
            "price_fair": 54.71,
            "eps_avg_yearly": 1.56,
            "eps_latest_yearly": 0.32,
            "eps_growth_yearly": 49.35
        },
        "20123": {
            "year_quarter": 20123,
            "year": 2012,
            "quarter": 3,
            "eps": 0.36,
            "eps_growth_year": 34.42,
            "eps_4q": 0.57,
            "eps_4q_growth_year": -64.47,
            "roe": 1.89,
            "roe_4q": 2.8400000000000003,
            "gross_profit": 281188,
            "gross_margin": 3.06,
            "gross_margin_4q_avg": 2.49,
            "net_income": 59846,
            "net_income_4q": null,
            "revenue": 9190400,
            "revenue_4q": null,
            "common_shares": 1806618,
            "book_valuer_per_share": 18.06,
            "book_valuer_per_share_4q_avg": 18.37,
            "equity": 3142318,
            "current_ratio": 173.6,
            "debt_ratio": 66.5,
            "inventory_turnover_ratio": 3.46,
            "account_receivable_turnover_ratio": 2.21,
            "reinvestment_rate": 34.84,
            "research_to_sale_ratio": 0.03,
            "price_fair": 54.4,
            "eps_avg_yearly": 1.55,
            "eps_latest_yearly": 1.44,
            "eps_growth_yearly": 145.83
        },
        "20124": {
            "year_quarter": 20124,
            "year": 2012,
            "quarter": 4,
            "eps": 0.19,
            "eps_growth_year": 82.84,
            "eps_4q": 0.66,
            "eps_4q_growth_year": -55.83,
            "roe": 0.93,
            "roe_4q": 3.32,
            "gross_profit": 249896,
            "gross_margin": 3.05,
            "gross_margin_4q_avg": 2.73,
            "net_income": 29435,
            "net_income_4q": null,
            "revenue": 8182169,
            "revenue_4q": null,
            "common_shares": 1736618,
            "book_valuer_per_share": 18.2,
            "book_valuer_per_share_4q_avg": 18.15,
            "equity": 3164527,
            "current_ratio": 188.66,
            "debt_ratio": 63.12,
            "inventory_turnover_ratio": 3.11,
            "account_receivable_turnover_ratio": 2.06,
            "reinvestment_rate": 30.67,
            "research_to_sale_ratio": 0.05,
            "price_fair": 52.55,
            "eps_avg_yearly": 1.5,
            "eps_latest_yearly": 0.76,
            "eps_growth_yearly": 123.51
        },
        "20131": {
            "year_quarter": 20131,
            "year": 2013,
            "quarter": 1,
            "eps": 0.27,
            "eps_growth_year": 575,
            "eps_4q": 0.94,
            "eps_4q_growth_year": 49.87,
            "roe": 1.43,
            "roe_4q": 4.61,
            "gross_profit": 168376,
            "gross_margin": 3.17,
            "gross_margin_4q_avg": 2.97,
            "net_income": 44958,
            "net_income_4q": null,
            "revenue": 5310947,
            "revenue_4q": null,
            "common_shares": 1638688,
            "book_valuer_per_share": 18.94,
            "book_valuer_per_share_4q_avg": 18.23,
            "equity": 3105200,
            "current_ratio": 176.66,
            "debt_ratio": 64.93,
            "inventory_turnover_ratio": 2.26,
            "account_receivable_turnover_ratio": 1.54,
            "reinvestment_rate": 84.82,
            "research_to_sale_ratio": 0.04,
            "price_fair": 51.63,
            "eps_avg_yearly": 1.48,
            "eps_latest_yearly": 1.08,
            "eps_growth_yearly": 126.32
        },
        "20132": {
            "year_quarter": 20132,
            "year": 2013,
            "quarter": 2,
            "eps": 0.34,
            "eps_growth_year": 349.05,
            "eps_4q": 1.2,
            "eps_4q_growth_year": 154.51,
            "roe": 1.79,
            "roe_4q": 6.039999999999999,
            "gross_profit": 240506,
            "gross_margin": 3.56,
            "gross_margin_4q_avg": 3.21,
            "net_income": 55803,
            "net_income_4q": null,
            "revenue": 6759450,
            "revenue_4q": null,
            "common_shares": 1638688,
            "book_valuer_per_share": 19.16,
            "book_valuer_per_share_4q_avg": 18.59,
            "equity": 3141530,
            "current_ratio": 161.46,
            "debt_ratio": 68.25,
            "inventory_turnover_ratio": 2.76,
            "account_receivable_turnover_ratio": 1.84,
            "reinvestment_rate": 86.98,
            "research_to_sale_ratio": 0.11,
            "price_fair": 52.06,
            "eps_avg_yearly": 1.49,
            "eps_latest_yearly": 1.36,
            "eps_growth_yearly": 124.85
        },
        "20133": {
            "year_quarter": 20133,
            "year": 2013,
            "quarter": 3,
            "eps": 0.06,
            "eps_growth_year": -83.18,
            "eps_4q": 0.88,
            "eps_4q_growth_year": 53.39,
            "roe": 0.29,
            "roe_4q": 4.4399999999999995,
            "gross_profit": 201811,
            "gross_margin": 3.03,
            "gross_margin_4q_avg": 3.2,
            "net_income": 8989,
            "net_income_4q": null,
            "revenue": 6667676,
            "revenue_4q": null,
            "common_shares": 1638688,
            "book_valuer_per_share": 19.04,
            "book_valuer_per_share_4q_avg": 18.84,
            "equity": 3125461,
            "current_ratio": 152.39,
            "debt_ratio": 69.87,
            "inventory_turnover_ratio": 2.09,
            "account_receivable_turnover_ratio": 1.67,
            "reinvestment_rate": 91.37,
            "research_to_sale_ratio": 0.03,
            "price_fair": 47.16,
            "eps_avg_yearly": 1.35,
            "eps_latest_yearly": 0.24,
            "eps_growth_yearly": 75.81
        },
        "20134": {
            "year_quarter": 20134,
            "year": 2013,
            "quarter": 4,
            "eps": 0.01,
            "eps_growth_year": -96.43,
            "eps_4q": 0.61,
            "eps_4q_growth_year": -7.39,
            "roe": -0.02,
            "roe_4q": 3.49,
            "gross_profit": 172084,
            "gross_margin": 2.15,
            "gross_margin_4q_avg": 2.98,
            "net_income": -803,
            "net_income_4q": null,
            "revenue": 8004636,
            "revenue_4q": null,
            "common_shares": 1838688,
            "book_valuer_per_share": 18.36,
            "book_valuer_per_share_4q_avg": 18.88,
            "equity": 3378875,
            "current_ratio": 183.85,
            "debt_ratio": 63.46,
            "inventory_turnover_ratio": 2.47,
            "account_receivable_turnover_ratio": 2.3,
            "reinvestment_rate": 97.22,
            "research_to_sale_ratio": 0.03,
            "price_fair": 41.65,
            "eps_avg_yearly": 1.19,
            "eps_latest_yearly": 0.04,
            "eps_growth_yearly": 54.17
        },
        "20141": {
            "year_quarter": 20141,
            "year": 2014,
            "quarter": 1,
            "eps": 0.29,
            "eps_growth_year": 7.41,
            "eps_4q": 0.52,
            "eps_4q_growth_year": -45.17,
            "roe": 1.43,
            "roe_4q": 3.49,
            "gross_profit": 241100,
            "gross_margin": 2.63,
            "gross_margin_4q_avg": 2.84,
            "net_income": 53748,
            "net_income_4q": null,
            "revenue": 9184230,
            "revenue_4q": null,
            "common_shares": 2321898,
            "book_valuer_per_share": 17.75,
            "book_valuer_per_share_4q_avg": 18.58,
            "equity": 4133781,
            "current_ratio": 171.75,
            "debt_ratio": 60.04,
            "inventory_turnover_ratio": 3.27,
            "account_receivable_turnover_ratio": 2.49,
            "reinvestment_rate": 96.67,
            "research_to_sale_ratio": 0.02,
            "price_fair": 37.36,
            "eps_avg_yearly": 1.07,
            "eps_latest_yearly": 1.16,
            "eps_growth_yearly": 748.7
        },
        "20142": {
            "year_quarter": 20142,
            "year": 2014,
            "quarter": 2,
            "eps": 0.29,
            "eps_growth_year": -14.71,
            "eps_4q": 0.54,
            "eps_4q_growth_year": -54.59,
            "roe": 2.14,
            "roe_4q": 3.8400000000000003,
            "gross_profit": 333712,
            "gross_margin": 2.67,
            "gross_margin_4q_avg": 2.62,
            "net_income": 91600,
            "net_income_4q": null,
            "revenue": 12483621,
            "revenue_4q": null,
            "common_shares": 2462661,
            "book_valuer_per_share": 17.02,
            "book_valuer_per_share_4q_avg": 18.04,
            "equity": 4416322,
            "current_ratio": 176.22,
            "debt_ratio": 67.09,
            "inventory_turnover_ratio": 4.09,
            "account_receivable_turnover_ratio": 2.39,
            "reinvestment_rate": 102.66,
            "research_to_sale_ratio": 0.04,
            "price_fair": 34.21,
            "eps_avg_yearly": 0.98,
            "eps_latest_yearly": 1.16,
            "eps_growth_yearly": 752.87
        },
        "20143": {
            "year_quarter": 20143,
            "year": 2014,
            "quarter": 3,
            "eps": 0.51,
            "eps_growth_year": 750,
            "eps_4q": 1,
            "eps_4q_growth_year": 13.69,
            "roe": 3.2,
            "roe_4q": 6.75,
            "gross_profit": 443355,
            "gross_margin": 2.86,
            "gross_margin_4q_avg": 2.58,
            "net_income": 145797,
            "net_income_4q": null,
            "revenue": 15518764,
            "revenue_4q": null,
            "common_shares": 2534735,
            "book_valuer_per_share": 17.53,
            "book_valuer_per_share_4q_avg": 17.67,
            "equity": 4688287,
            "current_ratio": 193.05,
            "debt_ratio": 68.34,
            "inventory_turnover_ratio": 4.18,
            "account_receivable_turnover_ratio": 2.45,
            "reinvestment_rate": 92.23,
            "research_to_sale_ratio": 0.02,
            "price_fair": 36.05,
            "eps_avg_yearly": 1.03,
            "eps_latest_yearly": 2.04,
            "eps_growth_yearly": 785.29
        },
        "20144": {
            "year_quarter": 20144,
            "year": 2014,
            "quarter": 4,
            "eps": 0.2,
            "eps_growth_year": 2840.52,
            "eps_4q": 1.18,
            "eps_4q_growth_year": 93.01,
            "roe": 1.18,
            "roe_4q": 7.949999999999999,
            "gross_profit": 340589,
            "gross_margin": 2.42,
            "gross_margin_4q_avg": 2.65,
            "net_income": 56207,
            "net_income_4q": null,
            "revenue": 14070800,
            "revenue_4q": null,
            "common_shares": 2560719,
            "book_valuer_per_share": 18.01,
            "book_valuer_per_share_4q_avg": 17.58,
            "equity": 4873626,
            "current_ratio": 201.47,
            "debt_ratio": 66.01,
            "inventory_turnover_ratio": 3.46,
            "account_receivable_turnover_ratio": 2.3,
            "reinvestment_rate": 108.71,
            "research_to_sale_ratio": 0.04,
            "price_fair": 35.18,
            "eps_avg_yearly": 1.01,
            "eps_latest_yearly": 0.8,
            "eps_growth_yearly": 770.1
        },
        "20151": {
            "year_quarter": 20151,
            "year": 2015,
            "quarter": 1,
            "eps": 0.18,
            "eps_growth_year": -37.93,
            "eps_4q": 1.04,
            "eps_4q_growth_year": 101.92,
            "roe": 0.56,
            "roe_4q": 7.08,
            "gross_profit": 235675,
            "gross_margin": 1.69,
            "gross_margin_4q_avg": 2.41,
            "net_income": 28425,
            "net_income_4q": null,
            "revenue": 13984962,
            "revenue_4q": null,
            "common_shares": 2870797,
            "book_valuer_per_share": 17.67,
            "book_valuer_per_share_4q_avg": 17.56,
            "equity": 5309979,
            "current_ratio": 187,
            "debt_ratio": 66.97,
            "inventory_turnover_ratio": 2.86,
            "account_receivable_turnover_ratio": 2.51,
            "reinvestment_rate": 118.99,
            "research_to_sale_ratio": 0.01,
            "price_fair": 30.28,
            "eps_avg_yearly": 0.87,
            "eps_latest_yearly": 0.72,
            "eps_growth_yearly": 730.93
        },
        "20152": {
            "year_quarter": 20152,
            "year": 2015,
            "quarter": 2,
            "eps": 0.29,
            "eps_growth_year": 0,
            "eps_4q": 1.08,
            "eps_4q_growth_year": 98.83,
            "roe": 2.61,
            "roe_4q": 7.55,
            "gross_profit": 410244,
            "gross_margin": 2.14,
            "gross_margin_4q_avg": 2.28,
            "net_income": 136693,
            "net_income_4q": null,
            "revenue": 19145738,
            "revenue_4q": null,
            "common_shares": 2911997,
            "book_valuer_per_share": 16.75,
            "book_valuer_per_share_4q_avg": 17.49,
            "equity": 5164864,
            "current_ratio": 160.16,
            "debt_ratio": 73.92,
            "inventory_turnover_ratio": 3.62,
            "account_receivable_turnover_ratio": 2.51,
            "reinvestment_rate": 124.56,
            "research_to_sale_ratio": 0.01,
            "price_fair": 30.45,
            "eps_avg_yearly": 0.87,
            "eps_latest_yearly": 1.16,
            "eps_growth_yearly": 762.09
        },
        "20153": {
            "year_quarter": 20153,
            "year": 2015,
            "quarter": 3,
            "eps": 0.35,
            "eps_growth_year": -31.37,
            "eps_4q": 1.04,
            "eps_4q_growth_year": 3.87,
            "roe": 2.21,
            "roe_4q": 6.5600000000000005,
            "gross_profit": 431355,
            "gross_margin": 2.02,
            "gross_margin_4q_avg": 2.07,
            "net_income": 115549,
            "net_income_4q": null,
            "revenue": 21375310,
            "revenue_4q": null,
            "common_shares": 2915359,
            "book_valuer_per_share": 17.99,
            "book_valuer_per_share_4q_avg": 17.61,
            "equity": 5303587,
            "current_ratio": 179.46,
            "debt_ratio": 70.05,
            "inventory_turnover_ratio": 4.63,
            "account_receivable_turnover_ratio": 2.53,
            "reinvestment_rate": 126.44,
            "research_to_sale_ratio": 0.01,
            "price_fair": 31.15,
            "eps_avg_yearly": 0.89,
            "eps_latest_yearly": 1.4,
            "eps_growth_yearly": 767.26
        },
        "20154": {
            "year_quarter": 20154,
            "year": 2015,
            "quarter": 4,
            "eps": 0.38,
            "eps_growth_year": 92.7,
            "eps_4q": 1.24,
            "eps_4q_growth_year": 5.25,
            "roe": 2.84,
            "roe_4q": 8.22,
            "gross_profit": 427434,
            "gross_margin": 1.88,
            "gross_margin_4q_avg": 1.93,
            "net_income": 152077,
            "net_income_4q": null,
            "revenue": 22719229,
            "revenue_4q": null,
            "common_shares": 2844065,
            "book_valuer_per_share": 18.29,
            "book_valuer_per_share_4q_avg": 17.68,
            "equity": 5393862,
            "current_ratio": 216.74,
            "debt_ratio": 64.32,
            "inventory_turnover_ratio": 6.17,
            "account_receivable_turnover_ratio": 3.37,
            "reinvestment_rate": 120.69,
            "research_to_sale_ratio": 0.08,
            "price_fair": 33.6,
            "eps_avg_yearly": 0.96,
            "eps_latest_yearly": 1.52,
            "eps_growth_yearly": 785.14
        },
        "20161": {
            "year_quarter": 20161,
            "year": 2016,
            "quarter": 1,
            "eps": 0.27,
            "eps_growth_year": 50,
            "eps_4q": 1.34,
            "eps_4q_growth_year": 28,
            "roe": 2.67,
            "roe_4q": 10.33,
            "gross_profit": 475999,
            "gross_margin": 2.33,
            "gross_margin_4q_avg": 2.09,
            "net_income": 144107,
            "net_income_4q": null,
            "revenue": 20433012,
            "revenue_4q": null,
            "common_shares": 2714035,
            "book_valuer_per_share": 18.35,
            "book_valuer_per_share_4q_avg": 17.85,
            "equity": 5409462,
            "current_ratio": 164.18,
            "debt_ratio": 72.98,
            "inventory_turnover_ratio": 4.81,
            "account_receivable_turnover_ratio": 2.61,
            "reinvestment_rate": 108.43,
            "research_to_sale_ratio": 0.01,
            "price_fair": 35.61,
            "eps_avg_yearly": 1.02,
            "eps_latest_yearly": 1.08,
            "eps_growth_yearly": 792.91
        },
        "20162": {
            "year_quarter": 20162,
            "year": 2016,
            "quarter": 2,
            "eps": 1.24,
            "eps_growth_year": 327.59,
            "eps_4q": 2.27,
            "eps_4q_growth_year": 109.57,
            "roe": 7.03,
            "roe_4q": 14.75,
            "gross_profit": 901505,
            "gross_margin": 3.4,
            "gross_margin_4q_avg": 2.41,
            "net_income": 383013,
            "net_income_4q": null,
            "revenue": 26549930,
            "revenue_4q": null,
            "common_shares": 2714035,
            "book_valuer_per_share": 18.56,
            "book_valuer_per_share_4q_avg": 18.3,
            "equity": 5488199,
            "current_ratio": 170.15,
            "debt_ratio": 75.01,
            "inventory_turnover_ratio": 5.4,
            "account_receivable_turnover_ratio": 2.55,
            "reinvestment_rate": 81.21,
            "research_to_sale_ratio": 0.01,
            "price_fair": 45.76,
            "eps_avg_yearly": 1.31,
            "eps_latest_yearly": 4.96,
            "eps_growth_yearly": 857.72
        },
        "20163": {
            "year_quarter": 20163,
            "year": 2016,
            "quarter": 3,
            "eps": 1.1,
            "eps_growth_year": 214.29,
            "eps_4q": 2.53,
            "eps_4q_growth_year": 144.02,
            "roe": 6.34,
            "roe_4q": 18.88,
            "gross_profit": 816376,
            "gross_margin": 2.8,
            "gross_margin_4q_avg": 2.6,
            "net_income": 381208,
            "net_income_4q": null,
            "revenue": 29146815,
            "revenue_4q": null,
            "common_shares": 3336775,
            "book_valuer_per_share": 18.14,
            "book_valuer_per_share_4q_avg": 18.34,
            "equity": 6542458,
            "current_ratio": 173.53,
            "debt_ratio": 71.22,
            "inventory_turnover_ratio": 5.92,
            "account_receivable_turnover_ratio": 2.59,
            "reinvestment_rate": 66.37,
            "research_to_sale_ratio": 0.01,
            "price_fair": 52.24,
            "eps_avg_yearly": 1.49,
            "eps_latest_yearly": 4.4,
            "eps_growth_yearly": 767.4
        },
        "20164": {
            "year_quarter": 20164,
            "year": 2016,
            "quarter": 4,
            "eps": 1.04,
            "eps_growth_year": 173.17,
            "eps_4q": 3.15,
            "eps_4q_growth_year": 153.91,
            "roe": 5.67,
            "roe_4q": 21.71,
            "gross_profit": 899338,
            "gross_margin": 2.55,
            "gross_margin_4q_avg": 2.77,
            "net_income": 392364,
            "net_income_4q": null,
            "revenue": 35224182,
            "revenue_4q": null,
            "common_shares": 3496697,
            "book_valuer_per_share": 19.31,
            "book_valuer_per_share_4q_avg": 18.59,
            "equity": 7286154,
            "current_ratio": 123.82,
            "debt_ratio": 76.55,
            "inventory_turnover_ratio": 4.87,
            "account_receivable_turnover_ratio": 2.54,
            "reinvestment_rate": 65.35,
            "research_to_sale_ratio": 0.04,
            "price_fair": 59.68,
            "eps_avg_yearly": 1.71,
            "eps_latest_yearly": 4.16,
            "eps_growth_yearly": 777.84
        },
        "20171": {
            "year_quarter": 20171,
            "year": 2017,
            "quarter": 1,
            "eps": 0.86,
            "eps_growth_year": 218.52,
            "eps_4q": 3.74,
            "eps_4q_growth_year": 180.11,
            "roe": 4.81,
            "roe_4q": 23.85,
            "gross_profit": 749371,
            "gross_margin": 2.93,
            "gross_margin_4q_avg": 2.92,
            "net_income": 351085,
            "net_income_4q": null,
            "revenue": 25585123,
            "revenue_4q": null,
            "common_shares": 3560081,
            "book_valuer_per_share": 19.17,
            "book_valuer_per_share_4q_avg": 18.8,
            "equity": 7301346,
            "current_ratio": 130.97,
            "debt_ratio": 71.7,
            "inventory_turnover_ratio": 2.6,
            "account_receivable_turnover_ratio": 1.95,
            "reinvestment_rate": 29.85,
            "research_to_sale_ratio": 0.02,
            "price_fair": 64.84,
            "eps_avg_yearly": 1.85,
            "eps_latest_yearly": 3.44,
            "eps_growth_yearly": 762.99
        },
        "20172": {
            "year_quarter": 20172,
            "year": 2017,
            "quarter": 2,
            "eps": 0.94,
            "eps_growth_year": -24.19,
            "eps_4q": 3.66,
            "eps_4q_growth_year": 61.65,
            "roe": 5.01,
            "roe_4q": 21.83,
            "gross_profit": 823345,
            "gross_margin": 2.66,
            "gross_margin_4q_avg": 2.74,
            "net_income": 354603,
            "net_income_4q": null,
            "revenue": 30961137,
            "revenue_4q": null,
            "common_shares": 3632927,
            "book_valuer_per_share": 17.53,
            "book_valuer_per_share_4q_avg": 18.54,
            "equity": 6865751,
            "current_ratio": 142.74,
            "debt_ratio": 77.45,
            "inventory_turnover_ratio": 2.98,
            "account_receivable_turnover_ratio": 2.47,
            "reinvestment_rate": 26.48,
            "research_to_sale_ratio": 0.01,
            "price_fair": 70.09,
            "eps_avg_yearly": 2,
            "eps_latest_yearly": 3.76,
            "eps_growth_yearly": 758.83
        },
        "20173": {
            "year_quarter": 20173,
            "year": 2017,
            "quarter": 3,
            "eps": 0.99,
            "eps_growth_year": -10,
            "eps_4q": 3.69,
            "eps_4q_growth_year": 46.22,
            "roe": 5.6,
            "roe_4q": 21.089999999999996,
            "gross_profit": 918217,
            "gross_margin": 2.73,
            "gross_margin_4q_avg": 2.72,
            "net_income": 396804,
            "net_income_4q": null,
            "revenue": 33641252,
            "revenue_4q": null,
            "common_shares": 3690177,
            "book_valuer_per_share": 18.38,
            "book_valuer_per_share_4q_avg": 18.6,
            "equity": 7317588,
            "current_ratio": 151.34,
            "debt_ratio": 74.29,
            "inventory_turnover_ratio": 3.66,
            "account_receivable_turnover_ratio": 2.29,
            "reinvestment_rate": 25.16,
            "research_to_sale_ratio": 0.01,
            "price_fair": 78.23,
            "eps_avg_yearly": 2.24,
            "eps_latest_yearly": 3.96,
            "eps_growth_yearly": 780.75
        },
        "20174": {
            "year_quarter": 20174,
            "year": 2017,
            "quarter": 4,
            "eps": 1.15,
            "eps_growth_year": 11.07,
            "eps_4q": 3.85,
            "eps_4q_growth_year": 22.32,
            "roe": 6.18,
            "roe_4q": 21.599999999999998,
            "gross_profit": 870460,
            "gross_margin": 2.68,
            "gross_margin_4q_avg": 2.75,
            "net_income": 464140,
            "net_income_4q": null,
            "revenue": 32513706,
            "revenue_4q": null,
            "common_shares": 3703594,
            "book_valuer_per_share": 19.28,
            "book_valuer_per_share_4q_avg": 18.59,
            "equity": 7703151,
            "current_ratio": 162.78,
            "debt_ratio": 72.23,
            "inventory_turnover_ratio": 3.56,
            "account_receivable_turnover_ratio": 2.57,
            "reinvestment_rate": 23.07,
            "research_to_sale_ratio": 0.05,
            "price_fair": 88.2,
            "eps_avg_yearly": 2.52,
            "eps_latest_yearly": 4.6,
            "eps_growth_yearly": 805.62
        },
        "20181": {
            "year_quarter": 20181,
            "year": 2018,
            "quarter": 1,
            "eps": 0.86,
            "eps_growth_year": 0,
            "eps_4q": 3.9,
            "eps_4q_growth_year": 4.16,
            "roe": 4.24,
            "roe_4q": 21.03,
            "gross_profit": 728762,
            "gross_margin": 2.78,
            "gross_margin_4q_avg": 2.71,
            "net_income": 329385,
            "net_income_4q": null,
            "revenue": 26183985,
            "revenue_4q": null,
            "common_shares": 3734760,
            "book_valuer_per_share": 19.81,
            "book_valuer_per_share_4q_avg": 18.75,
            "equity": 7837904,
            "current_ratio": 162.6,
            "debt_ratio": 71.83,
            "inventory_turnover_ratio": 2.7,
            "account_receivable_turnover_ratio": 2.21,
            "reinvestment_rate": 19.24,
            "research_to_sale_ratio": 0.03,
            "price_fair": 93.19,
            "eps_avg_yearly": 2.66,
            "eps_latest_yearly": 3.44,
            "eps_growth_yearly": 99.32
        },
        "20182": {
            "year_quarter": 20182,
            "year": 2018,
            "quarter": 2,
            "eps": 1.08,
            "eps_growth_year": 14.89,
            "eps_4q": 4.04,
            "eps_4q_growth_year": 10.27,
            "roe": 5.64,
            "roe_4q": 21.659999999999997,
            "gross_profit": 1011459,
            "gross_margin": 2.64,
            "gross_margin_4q_avg": 2.71,
            "net_income": 434568,
            "net_income_4q": null,
            "revenue": 38312427,
            "revenue_4q": null,
            "common_shares": 3781177,
            "book_valuer_per_share": 18.68,
            "book_valuer_per_share_4q_avg": 19.04,
            "equity": 7574563,
            "current_ratio": 144.17,
            "debt_ratio": 77.73,
            "inventory_turnover_ratio": 3.98,
            "account_receivable_turnover_ratio": 2.55,
            "reinvestment_rate": 21.99,
            "research_to_sale_ratio": 0.02,
            "price_fair": 100.1,
            "eps_avg_yearly": 2.86,
            "eps_latest_yearly": 4.32,
            "eps_growth_yearly": 105.71
        },
        "20183": {
            "year_quarter": 20183,
            "year": 2018,
            "quarter": 3,
            "eps": 1.07,
            "eps_growth_year": 8.08,
            "eps_4q": 4.17,
            "eps_4q_growth_year": 12.82,
            "roe": 6.02,
            "roe_4q": 22.08,
            "gross_profit": 1141101,
            "gross_margin": 2.59,
            "gross_margin_4q_avg": 2.67,
            "net_income": 470937,
            "net_income_4q": null,
            "revenue": 44051651,
            "revenue_4q": null,
            "common_shares": 3784965,
            "book_valuer_per_share": 19.82,
            "book_valuer_per_share_4q_avg": 19.4,
            "equity": 8070396,
            "current_ratio": 141.22,
            "debt_ratio": 78.33,
            "inventory_turnover_ratio": 4.58,
            "account_receivable_turnover_ratio": 2.39,
            "reinvestment_rate": 22.09,
            "research_to_sale_ratio": 0.02,
            "price_fair": 105,
            "eps_avg_yearly": 3,
            "eps_latest_yearly": 4.28,
            "eps_growth_yearly": 86.52
        },
        "20184": {
            "year_quarter": 20184,
            "year": 2018,
            "quarter": 4,
            "eps": 0.8,
            "eps_growth_year": -30.92,
            "eps_4q": 3.83,
            "eps_4q_growth_year": -0.61,
            "roe": 4.03,
            "roe_4q": 19.93,
            "gross_profit": 932809,
            "gross_margin": 2.78,
            "gross_margin_4q_avg": 2.7,
            "net_income": 332300,
            "net_income_4q": null,
            "revenue": 33603599,
            "revenue_4q": null,
            "common_shares": 3784965,
            "book_valuer_per_share": 20.62,
            "book_valuer_per_share_4q_avg": 19.73,
            "equity": 8408994,
            "current_ratio": 159.27,
            "debt_ratio": 72.64,
            "inventory_turnover_ratio": 3.72,
            "account_receivable_turnover_ratio": 1.97,
            "reinvestment_rate": 18.39,
            "research_to_sale_ratio": 0.02,
            "price_fair": 110.25,
            "eps_avg_yearly": 3.15,
            "eps_latest_yearly": 3.2,
            "eps_growth_yearly": 95.4
        },
        "20191": {
            "year_quarter": 20191,
            "year": 2019,
            "quarter": 1,
            "eps": 0.62,
            "eps_growth_year": -27.91,
            "eps_4q": 3.61,
            "eps_4q_growth_year": -7.49,
            "roe": 2.96,
            "roe_4q": 18.65,
            "gross_profit": 692257,
            "gross_margin": 3.31,
            "gross_margin_4q_avg": 2.83,
            "net_income": 251734,
            "net_income_4q": null,
            "revenue": 20904397,
            "revenue_4q": null,
            "common_shares": 3784965,
            "book_valuer_per_share": 21.34,
            "book_valuer_per_share_4q_avg": 20.12,
            "equity": 8615744,
            "current_ratio": 178.55,
            "debt_ratio": 66.75,
            "inventory_turnover_ratio": 2.4,
            "account_receivable_turnover_ratio": 1.6,
            "reinvestment_rate": 16.95,
            "research_to_sale_ratio": 0.03,
            "price_fair": 114.1,
            "eps_avg_yearly": 3.26,
            "eps_latest_yearly": 2.48,
            "eps_growth_yearly": 92.28
        },
        "20192": {
            "year_quarter": 20192,
            "year": 2019,
            "quarter": 2,
            "eps": 0.78,
            "eps_growth_year": -27.78,
            "eps_4q": 3.3,
            "eps_4q_growth_year": -18.28,
            "roe": 3.86,
            "roe_4q": 16.87,
            "gross_profit": 765740,
            "gross_margin": 3.09,
            "gross_margin_4q_avg": 2.94,
            "net_income": 317842,
            "net_income_4q": null,
            "revenue": 24811574,
            "revenue_4q": null,
            "common_shares": 3784965,
            "book_valuer_per_share": 19.2,
            "book_valuer_per_share_4q_avg": 20.25,
            "equity": 7837548,
            "current_ratio": 159.67,
            "debt_ratio": 70.47,
            "inventory_turnover_ratio": 2.86,
            "account_receivable_turnover_ratio": 2.2,
            "reinvestment_rate": 17.34,
            "research_to_sale_ratio": 0.03,
            "price_fair": 118.39,
            "eps_avg_yearly": 3.38,
            "eps_latest_yearly": 3.12,
            "eps_growth_yearly": 83.45
        },
        "20193": {
            "year_quarter": 20193,
            "year": 2019,
            "quarter": 3,
            "eps": 1.1,
            "eps_growth_year": 2.8,
            "eps_4q": 3.3,
            "eps_4q_growth_year": -20.79,
            "roe": 5.88,
            "roe_4q": 16.73,
            "gross_profit": 1019738,
            "gross_margin": 2.94,
            "gross_margin_4q_avg": 3.03,
            "net_income": 473484,
            "net_income_4q": null,
            "revenue": 34704915,
            "revenue_4q": null,
            "common_shares": 3784965,
            "book_valuer_per_share": 20.22,
            "book_valuer_per_share_4q_avg": 20.35,
            "equity": 8279192,
            "current_ratio": 153.77,
            "debt_ratio": 73.07,
            "inventory_turnover_ratio": 4.84,
            "account_receivable_turnover_ratio": 2.49,
            "reinvestment_rate": 16.45,
            "research_to_sale_ratio": 0.02,
            "price_fair": 124.95,
            "eps_avg_yearly": 3.57,
            "eps_latest_yearly": 4.4,
            "eps_growth_yearly": 88.54
        },
        "20194": {
            "year_quarter": 20194,
            "year": 2019,
            "quarter": 4,
            "eps": 0.9,
            "eps_growth_year": 13.13,
            "eps_4q": 3.41,
            "eps_4q_growth_year": -11.08,
            "roe": 4.92,
            "roe_4q": 17.62,
            "gross_profit": 895195,
            "gross_margin": 2.78,
            "gross_margin_4q_avg": 3.03,
            "net_income": 411274,
            "net_income_4q": null,
            "revenue": 32164857,
            "revenue_4q": null,
            "common_shares": 3784965,
            "book_valuer_per_share": 20.58,
            "book_valuer_per_share_4q_avg": 20.34,
            "equity": 8450123,
            "current_ratio": 153.3,
            "debt_ratio": 70.65,
            "inventory_turnover_ratio": 4.83,
            "account_receivable_turnover_ratio": 2.19,
            "reinvestment_rate": 15.92,
            "research_to_sale_ratio": 0.02,
            "price_fair": 129.5,
            "eps_avg_yearly": 3.7,
            "eps_latest_yearly": 3.6,
            "eps_growth_yearly": 81.85
        },
        "20201": {
            "year_quarter": 20201,
            "year": 2020,
            "quarter": 1,
            "eps": 0.77,
            "eps_growth_year": 24.19,
            "eps_4q": 3.55,
            "eps_4q_growth_year": -1.44,
            "roe": 3.96,
            "roe_4q": 18.619999999999997,
            "gross_profit": 750908,
            "gross_margin": 2.33,
            "gross_margin_4q_avg": 2.79,
            "net_income": 318513,
            "net_income_4q": null,
            "revenue": 32252139,
            "revenue_4q": null,
            "common_shares": 3784965,
            "book_valuer_per_share": 18.68,
            "book_valuer_per_share_4q_avg": 19.67,
            "equity": 7623283,
            "current_ratio": 138.36,
            "debt_ratio": 76.62,
            "inventory_turnover_ratio": 3.85,
            "account_receivable_turnover_ratio": 2.21,
            "reinvestment_rate": 16.59,
            "research_to_sale_ratio": 0.02,
            "price_fair": 133.88,
            "eps_avg_yearly": 3.83,
            "eps_latest_yearly": 3.08,
            "eps_growth_yearly": 85.48
        },
        "20202": {
            "year_quarter": 20202,
            "year": 2020,
            "quarter": 2,
            "eps": 0.88,
            "eps_growth_year": 12.82,
            "eps_4q": 3.64,
            "eps_4q_growth_year": 10.18,
            "roe": 5,
            "roe_4q": 19.76,
            "gross_profit": 788011,
            "gross_margin": 2.67,
            "gross_margin_4q_avg": 2.68,
            "net_income": 390365,
            "net_income_4q": null,
            "revenue": 29529886,
            "revenue_4q": null,
            "common_shares": 3784965,
            "book_valuer_per_share": 19.25,
            "book_valuer_per_share_4q_avg": 19.68,
            "equity": 7977234,
            "current_ratio": 137.34,
            "debt_ratio": 76.38,
            "inventory_turnover_ratio": 2.72,
            "account_receivable_turnover_ratio": 1.93,
            "reinvestment_rate": 17.67,
            "research_to_sale_ratio": 0.02,
            "price_fair": 11.21,
            "eps_avg_yearly": 3.74,
            "eps_latest_yearly": 3.52,
            "eps_growth_yearly": -0.77
        },
        "20203": {
            "year_quarter": 20203,
            "year": 2020,
            "quarter": 3,
            "eps": 1.2,
            "eps_growth_year": 9.09,
            "eps_4q": 3.74,
            "eps_4q_growth_year": 13.3,
            "roe": 6.35,
            "roe_4q": 20.229999999999997,
            "gross_profit": 1008481,
            "gross_margin": 2.85,
            "gross_margin_4q_avg": 2.66,
            "net_income": 519563,
            "net_income_4q": null,
            "revenue": 35365218,
            "revenue_4q": null,
            "common_shares": 3784965,
            "book_valuer_per_share": 20.17,
            "book_valuer_per_share_4q_avg": 19.67,
            "equity": 8375933,
            "current_ratio": 138.71,
            "debt_ratio": 74.27,
            "inventory_turnover_ratio": 3.31,
            "account_receivable_turnover_ratio": 2.33,
            "reinvestment_rate": 17.2,
            "research_to_sale_ratio": 0.02,
            "price_fair": 79.51,
            "eps_avg_yearly": 3.76,
            "eps_latest_yearly": 4.8,
            "eps_growth_yearly": 11.15
        },
        "20204": {
            "year_quarter": 20204,
            "year": 2020,
            "quarter": 4,
            "eps": 1.37,
            "eps_growth_year": 52.1,
            "eps_4q": 4.21,
            "eps_4q_growth_year": 23.74,
            "roe": 7.07,
            "roe_4q": 22.380000000000003,
            "gross_profit": 1078973,
            "gross_margin": 2.67,
            "gross_margin_4q_avg": 2.63,
            "net_income": 605909,
            "net_income_4q": null,
            "revenue": 40362736,
            "revenue_4q": null,
            "common_shares": 3784965,
            "book_valuer_per_share": 21.2,
            "book_valuer_per_share_4q_avg": 19.83,
            "equity": 8753211,
            "current_ratio": 158.06,
            "debt_ratio": 78.41,
            "inventory_turnover_ratio": 3.43,
            "account_receivable_turnover_ratio": 2.42,
            "reinvestment_rate": -19.41,
            "research_to_sale_ratio": 0.03,
            "price_fair": 100.1,
            "eps_avg_yearly": 3.84,
            "eps_latest_yearly": 5.48,
            "eps_growth_yearly": 16.05
        },
        "20211": {
            "year_quarter": 20211,
            "year": 2021,
            "quarter": 1,
            "eps": 1.62,
            "eps_growth_year": 110.39,
            "eps_4q": 5.07,
            "eps_4q_growth_year": 42.59,
            "roe": 8.04,
            "roe_4q": 26.46,
            "gross_profit": 1402351,
            "gross_margin": 2.78,
            "gross_margin_4q_avg": 2.74,
            "net_income": 686031,
            "net_income_4q": null,
            "revenue": 50368175,
            "revenue_4q": null,
            "common_shares": 3784965,
            "book_valuer_per_share": 19.84,
            "book_valuer_per_share_4q_avg": 20.12,
            "equity": 8310148,
            "current_ratio": 146.96,
            "debt_ratio": 81.9,
            "inventory_turnover_ratio": 3.36,
            "account_receivable_turnover_ratio": 2.56,
            "reinvestment_rate": -16.2,
            "research_to_sale_ratio": 0.02,
            "price_fair": 140.89,
            "eps_avg_yearly": 4.03,
            "eps_latest_yearly": 6.48,
            "eps_growth_yearly": 24.94
        },
        "20212": {
            "year_quarter": 20212,
            "year": 2021,
            "quarter": 2,
            "eps": 2,
            "eps_growth_year": 127.27,
            "eps_4q": 5.6,
            "eps_4q_growth_year": 53.95,
            "roe": 9.49,
            "roe_4q": 30.950000000000003,
            "gross_profit": 1917421,
            "gross_margin": 3.66,
            "gross_margin_4q_avg": 2.99,
            "net_income": 901128,
            "net_income_4q": null,
            "revenue": 52409345,
            "revenue_4q": null,
            "common_shares": 4284965,
            "book_valuer_per_share": 22.87,
            "book_valuer_per_share_4q_avg": 21.02,
            "equity": 10671466,
            "current_ratio": 150.67,
            "debt_ratio": 78.86,
            "inventory_turnover_ratio": 2.96,
            "account_receivable_turnover_ratio": 2.46,
            "reinvestment_rate": -16.14,
            "research_to_sale_ratio": 0.02,
            "price_fair": 150.41,
            "eps_avg_yearly": 4.3,
            "eps_latest_yearly": 8,
            "eps_growth_yearly": 28.48
        },
        "20213": {
            "year_quarter": 20213,
            "year": 2021,
            "quarter": 3,
            "eps": 1.8,
            "eps_growth_year": 50,
            "eps_4q": 6.34,
            "eps_4q_growth_year": 69.38,
            "roe": 7.41,
            "roe_4q": 32.01,
            "gross_profit": 1793197,
            "gross_margin": 3.33,
            "gross_margin_4q_avg": 3.11,
            "net_income": 816925,
            "net_income_4q": null,
            "revenue": 53908402,
            "revenue_4q": null,
            "common_shares": 4284965,
            "book_valuer_per_share": 24.63,
            "book_valuer_per_share_4q_avg": 22.14,
            "equity": 11388977,
            "current_ratio": 148.87,
            "debt_ratio": 78.92,
            "inventory_turnover_ratio": 2.41,
            "account_receivable_turnover_ratio": 2.77,
            "reinvestment_rate": -15.6,
            "research_to_sale_ratio": 0.02,
            "price_fair": 155.92,
            "eps_avg_yearly": 4.5,
            "eps_latest_yearly": 7.2,
            "eps_growth_yearly": 24.65
        },
        "20214": {
            "year_quarter": 20214,
            "year": 2021,
            "quarter": 4,
            "eps": 1.6,
            "eps_growth_year": 16.65,
            "eps_4q": 6.72,
            "eps_4q_growth_year": 59.54,
            "roe": 6.3,
            "roe_4q": 31.240000000000002,
            "gross_profit": 1522654,
            "gross_margin": 2.93,
            "gross_margin_4q_avg": 3.18,
            "net_income": 738845,
            "net_income_4q": null,
            "revenue": 52052912,
            "revenue_4q": null,
            "common_shares": 4284965,
            "book_valuer_per_share": 26.11,
            "book_valuer_per_share_4q_avg": 23.36,
            "equity": 12078122,
            "current_ratio": 146.26,
            "debt_ratio": 79.26,
            "inventory_turnover_ratio": 1.89,
            "account_receivable_turnover_ratio": 2.69,
            "reinvestment_rate": -15.22,
            "research_to_sale_ratio": 0.02,
            "price_fair": 128.37,
            "eps_avg_yearly": 4.61,
            "eps_latest_yearly": 6.4,
            "eps_growth_yearly": 17.83
        },
        "20221": {
            "year_quarter": 20221,
            "year": 2022,
            "quarter": 1,
            "eps": 2.09,
            "eps_growth_year": 29.01,
            "eps_4q": 7.38,
            "eps_4q_growth_year": 45.74,
            "roe": 7.37,
            "roe_4q": 30.57,
            "gross_profit": 1926098,
            "gross_margin": 3.46,
            "gross_margin_4q_avg": 3.35,
            "net_income": 923499,
            "net_income_4q": null,
            "revenue": 55699516,
            "revenue_4q": null,
            "common_shares": 4284965,
            "book_valuer_per_share": 26.27,
            "book_valuer_per_share_4q_avg": 24.97,
            "equity": 12989793,
            "current_ratio": 160.39,
            "debt_ratio": 76.62,
            "inventory_turnover_ratio": 1.99,
            "account_receivable_turnover_ratio": 2.6,
            "reinvestment_rate": -13.92,
            "research_to_sale_ratio": 0.04,
            "price_fair": 172.2,
            "eps_avg_yearly": 4.92,
            "eps_latest_yearly": 8.36,
            "eps_growth_yearly": 31.79
        },
        "20222": {
            "year_quarter": 20222,
            "year": 2022,
            "quarter": 2,
            "eps": 1.65,
            "eps_growth_year": -17.5,
            "eps_4q": 7.14,
            "eps_4q_growth_year": 27.55,
            "roe": 5.3,
            "roe_4q": 26.38,
            "gross_profit": 1716942,
            "gross_margin": 3.83,
            "gross_margin_4q_avg": 3.39,
            "net_income": 716596,
            "net_income_4q": null,
            "revenue": 44872486,
            "revenue_4q": null,
            "common_shares": 4284965,
            "book_valuer_per_share": 28.52,
            "book_valuer_per_share_4q_avg": 26.38,
            "equity": 14071124,
            "current_ratio": 161.8,
            "debt_ratio": 75.82,
            "inventory_turnover_ratio": 1.52,
            "account_receivable_turnover_ratio": 2.15,
            "reinvestment_rate": -15.31,
            "research_to_sale_ratio": 0.05,
            "price_fair": 152.54,
            "eps_avg_yearly": 5.06,
            "eps_latest_yearly": 6.6,
            "eps_growth_yearly": 20.13
        },
        "20223": {
            "year_quarter": 20223,
            "year": 2022,
            "quarter": 3,
            "eps": 1.02,
            "eps_growth_year": -43.33,
            "eps_4q": 6.4,
            "eps_4q_growth_year": 0.99,
            "roe": 3.06,
            "roe_4q": 22.03,
            "gross_profit": 1237427,
            "gross_margin": 3.28,
            "gross_margin_4q_avg": 3.38,
            "net_income": 443796,
            "net_income_4q": null,
            "revenue": 37783334,
            "revenue_4q": null,
            "common_shares": 4284965,
            "book_valuer_per_share": 30.78,
            "book_valuer_per_share_4q_avg": 27.92,
            "equity": 14968271,
            "current_ratio": 170.71,
            "debt_ratio": 73.79,
            "inventory_turnover_ratio": 1.2,
            "account_receivable_turnover_ratio": 1.9,
            "reinvestment_rate": -15.44,
            "research_to_sale_ratio": 0.06,
            "price_fair": 105.13,
            "eps_avg_yearly": 5.05,
            "eps_latest_yearly": 4.08,
            "eps_growth_yearly": 10.82
        },
        "20224": {
            "year_quarter": 20224,
            "year": 2022,
            "quarter": 4,
            "eps": 0.4,
            "eps_growth_year": -75.08,
            "eps_4q": 5.19,
            "eps_4q_growth_year": -22.86,
            "roe": 0.5,
            "roe_4q": 16.23,
            "gross_profit": 1033385,
            "gross_margin": 2.89,
            "gross_margin_4q_avg": 3.37,
            "net_income": 74518,
            "net_income_4q": null,
            "revenue": 35719185,
            "revenue_4q": null,
            "common_shares": 4284965,
            "book_valuer_per_share": 30.4,
            "book_valuer_per_share_4q_avg": 28.99,
            "equity": 14684924,
            "current_ratio": 209.65,
            "debt_ratio": 67.7,
            "inventory_turnover_ratio": 1.38,
            "account_receivable_turnover_ratio": 1.89,
            "reinvestment_rate": -16.43,
            "research_to_sale_ratio": 0.06,
            "price_fair": 59.06,
            "eps_avg_yearly": 4.95,
            "eps_latest_yearly": 1.6,
            "eps_growth_yearly": 1.93
        },
        "20231": {
            "year_quarter": 20231,
            "year": 2023,
            "quarter": 1,
            "eps": 0.35,
            "eps_growth_year": -83.25,
            "eps_4q": 3.55,
            "eps_4q_growth_year": -51.91,
            "roe": 1.55,
            "roe_4q": 10.41,
            "gross_profit": 818844,
            "gross_margin": 3.31,
            "gross_margin_4q_avg": 3.33,
            "net_income": 213346,
            "net_income_4q": null,
            "revenue": 24742087,
            "revenue_4q": null,
            "common_shares": 4284965,
            "book_valuer_per_share": 26.46,
            "book_valuer_per_share_4q_avg": 29.04,
            "equity": 12895397,
            "current_ratio": 177.07,
            "debt_ratio": 69.93,
            "inventory_turnover_ratio": 1.1,
            "account_receivable_turnover_ratio": 1.61,
            "reinvestment_rate": -17.39,
            "research_to_sale_ratio": 0.08,
            "price_fair": 70.46,
            "eps_avg_yearly": 4.88,
            "eps_latest_yearly": 1.4,
            "eps_growth_yearly": 4.43
        },
        "20232": {
            "year_quarter": 20232,
            "year": 2023,
            "quarter": 2,
            "eps": 1.16,
            "eps_growth_year": -29.7,
            "eps_4q": 3.05,
            "eps_4q_growth_year": -57.27,
            "roe": 3.94,
            "roe_4q": 9.05,
            "gross_profit": 1502918,
            "gross_margin": 4,
            "gross_margin_4q_avg": 3.37,
            "net_income": 522697,
            "net_income_4q": null,
            "revenue": 37598893,
            "revenue_4q": null,
            "common_shares": 4284965,
            "book_valuer_per_share": 27.91,
            "book_valuer_per_share_4q_avg": 28.89,
            "equity": 13606217,
            "current_ratio": 173.12,
            "debt_ratio": 69.67,
            "inventory_turnover_ratio": 1.76,
            "account_receivable_turnover_ratio": 2.4,
            "reinvestment_rate": -19.24,
            "research_to_sale_ratio": 0.06,
            "price_fair": 174.21,
            "eps_avg_yearly": 4.98,
            "eps_latest_yearly": 4.64,
            "eps_growth_yearly": 55.84
        }
    },
    "months": {
        "2003-09": {
            "month": "2003-09",
            "price": "20.10",
            "revenue": 1302273
        },
        "2003-10": {
            "month": "2003-10",
            "price": "22.05",
            "revenue": 1439954
        },
        "2003-11": {
            "month": "2003-11",
            "price": "23.68",
            "revenue": 1265370
        },
        "2003-12": {
            "month": "2003-12",
            "price": "25.36",
            "revenue": 1412540
        },
        "2004-01": {
            "month": "2004-01",
            "price": "28.76",
            "revenue": 1399025
        },
        "2004-02": {
            "month": "2004-02",
            "price": "30.85",
            "revenue": 1297564
        },
        "2004-03": {
            "month": "2004-03",
            "price": "32.95",
            "revenue": 1501516
        },
        "2004-04": {
            "month": "2004-04",
            "price": "38.93",
            "revenue": 1686911
        },
        "2004-05": {
            "month": "2004-05",
            "price": "32.28",
            "revenue": 1169392
        },
        "2004-06": {
            "month": "2004-06",
            "price": "25.08",
            "revenue": 1258099
        },
        "2004-07": {
            "month": "2004-07",
            "price": "19.61",
            "revenue": 1625651
        },
        "2004-08": {
            "month": "2004-08",
            "price": "20.52",
            "revenue": 1492937
        },
        "2004-09": {
            "month": "2004-09",
            "price": "20.72",
            "revenue": 1745640
        },
        "2004-10": {
            "month": "2004-10",
            "price": "19.16",
            "revenue": 2050070
        },
        "2004-11": {
            "month": "2004-11",
            "price": "16.65",
            "revenue": 2342832
        },
        "2004-12": {
            "month": "2004-12",
            "price": "15.31",
            "revenue": 2193436
        },
        "2005-01": {
            "month": "2005-01",
            "price": "15.19",
            "revenue": 2444519
        },
        "2005-02": {
            "month": "2005-02",
            "price": "21.40",
            "revenue": 2024607
        },
        "2005-03": {
            "month": "2005-03",
            "price": "27.76",
            "revenue": 2480348
        },
        "2005-04": {
            "month": "2005-04",
            "price": "24.80",
            "revenue": 2063554
        },
        "2005-05": {
            "month": "2005-05",
            "price": "22.24",
            "revenue": 1886307
        },
        "2005-06": {
            "month": "2005-06",
            "price": "23.95",
            "revenue": 1851489
        },
        "2005-07": {
            "month": "2005-07",
            "price": "23.51",
            "revenue": 2444377
        },
        "2005-08": {
            "month": "2005-08",
            "price": "24.79",
            "revenue": 2922410
        },
        "2005-09": {
            "month": "2005-09",
            "price": "25.81",
            "revenue": 2917973
        },
        "2005-10": {
            "month": "2005-10",
            "price": "22.28",
            "revenue": 2908923
        },
        "2005-11": {
            "month": "2005-11",
            "price": "19.62",
            "revenue": 3229104
        },
        "2005-12": {
            "month": "2005-12",
            "price": "22.48",
            "revenue": 2027310
        },
        "2006-01": {
            "month": "2006-01",
            "price": "23.80",
            "revenue": 2255842
        },
        "2006-02": {
            "month": "2006-02",
            "price": "20.81",
            "revenue": 2356855
        },
        "2006-03": {
            "month": "2006-03",
            "price": "19.66",
            "revenue": 2137202
        },
        "2006-04": {
            "month": "2006-04",
            "price": "20.58",
            "revenue": 2326792
        },
        "2006-05": {
            "month": "2006-05",
            "price": "20.37",
            "revenue": 2809342
        },
        "2006-06": {
            "month": "2006-06",
            "price": "20.19",
            "revenue": 3354466
        },
        "2006-07": {
            "month": "2006-07",
            "price": "19.70",
            "revenue": 3153262
        },
        "2006-08": {
            "month": "2006-08",
            "price": "17.03",
            "revenue": 3278045
        },
        "2006-09": {
            "month": "2006-09",
            "price": "16.40",
            "revenue": 3860058
        },
        "2006-10": {
            "month": "2006-10",
            "price": "16.53",
            "revenue": 3802837
        },
        "2006-11": {
            "month": "2006-11",
            "price": "16.67",
            "revenue": 3072892
        },
        "2006-12": {
            "month": "2006-12",
            "price": "16.65",
            "revenue": 1747493
        },
        "2007-01": {
            "month": "2007-01",
            "price": "16.29",
            "revenue": 3256412
        },
        "2007-02": {
            "month": "2007-02",
            "price": "15.39",
            "revenue": 3150566
        },
        "2007-03": {
            "month": "2007-03",
            "price": "16.68",
            "revenue": 3589216
        },
        "2007-04": {
            "month": "2007-04",
            "price": "20.79",
            "revenue": 3365995
        },
        "2007-05": {
            "month": "2007-05",
            "price": "19.36",
            "revenue": 3112521
        },
        "2007-06": {
            "month": "2007-06",
            "price": "20.66",
            "revenue": 2439132
        },
        "2007-07": {
            "month": "2007-07",
            "price": "23.31",
            "revenue": 4658653
        },
        "2007-08": {
            "month": "2007-08",
            "price": "21.75",
            "revenue": 3387355
        },
        "2007-09": {
            "month": "2007-09",
            "price": "17.58",
            "revenue": 3627016
        },
        "2007-10": {
            "month": "2007-10",
            "price": "16.91",
            "revenue": 2272268
        },
        "2007-11": {
            "month": "2007-11",
            "price": "13.28",
            "revenue": 3271563
        },
        "2007-12": {
            "month": "2007-12",
            "price": "13.80",
            "revenue": 2871890
        },
        "2008-01": {
            "month": "2008-01",
            "price": "12.10",
            "revenue": 3913185
        },
        "2008-02": {
            "month": "2008-02",
            "price": "11.77",
            "revenue": 3257173
        },
        "2008-03": {
            "month": "2008-03",
            "price": "11.85",
            "revenue": 3466581
        },
        "2008-04": {
            "month": "2008-04",
            "price": "14.25",
            "revenue": 3858246
        },
        "2008-05": {
            "month": "2008-05",
            "price": "14.16",
            "revenue": 2907931
        },
        "2008-06": {
            "month": "2008-06",
            "price": "12.12",
            "revenue": 3260979
        },
        "2008-07": {
            "month": "2008-07",
            "price": "9.05",
            "revenue": 3353980
        },
        "2008-08": {
            "month": "2008-08",
            "price": "8.98",
            "revenue": 3465056
        },
        "2008-09": {
            "month": "2008-09",
            "price": "7.57",
            "revenue": 3748851
        },
        "2008-10": {
            "month": "2008-10",
            "price": "6.52",
            "revenue": 2515931
        },
        "2008-11": {
            "month": "2008-11",
            "price": "4.26",
            "revenue": 2281791
        },
        "2008-12": {
            "month": "2008-12",
            "price": "5.43",
            "revenue": 2375260
        },
        "2009-01": {
            "month": "2009-01",
            "price": "5.58",
            "revenue": 1641102
        },
        "2009-02": {
            "month": "2009-02",
            "price": "6.02",
            "revenue": 2942557
        },
        "2009-03": {
            "month": "2009-03",
            "price": "6.99",
            "revenue": 2726968
        },
        "2009-04": {
            "month": "2009-04",
            "price": "9.02",
            "revenue": 2628704
        },
        "2009-05": {
            "month": "2009-05",
            "price": "9.78",
            "revenue": 2118241
        },
        "2009-06": {
            "month": "2009-06",
            "price": "8.86",
            "revenue": 2486580
        },
        "2009-07": {
            "month": "2009-07",
            "price": "11.61",
            "revenue": 2537828
        },
        "2009-08": {
            "month": "2009-08",
            "price": "12.54",
            "revenue": 2765123
        },
        "2009-09": {
            "month": "2009-09",
            "price": "15.67",
            "revenue": 2909002
        },
        "2009-10": {
            "month": "2009-10",
            "price": "23.21",
            "revenue": 2889127
        },
        "2009-11": {
            "month": "2009-11",
            "price": "24.73",
            "revenue": 3369828
        },
        "2009-12": {
            "month": "2009-12",
            "price": "27.16",
            "revenue": 3214367
        },
        "2010-01": {
            "month": "2010-01",
            "price": "25.80",
            "revenue": 4647276
        },
        "2010-02": {
            "month": "2010-02",
            "price": "24.89",
            "revenue": 3461311
        },
        "2010-03": {
            "month": "2010-03",
            "price": "27.83",
            "revenue": 4819525
        },
        "2010-04": {
            "month": "2010-04",
            "price": "29.50",
            "revenue": 4230858
        },
        "2010-05": {
            "month": "2010-05",
            "price": "26.21",
            "revenue": 3687025
        },
        "2010-06": {
            "month": "2010-06",
            "price": "24.10",
            "revenue": 3606921
        },
        "2010-07": {
            "month": "2010-07",
            "price": "24.28",
            "revenue": 3683749
        },
        "2010-08": {
            "month": "2010-08",
            "price": "23.24",
            "revenue": 3591423
        },
        "2010-09": {
            "month": "2010-09",
            "price": "22.18",
            "revenue": 3730140
        },
        "2010-10": {
            "month": "2010-10",
            "price": "21.30",
            "revenue": 3343387
        },
        "2010-11": {
            "month": "2010-11",
            "price": "19.97",
            "revenue": 4576010
        },
        "2010-12": {
            "month": "2010-12",
            "price": "22.88",
            "revenue": 4566328
        },
        "2011-01": {
            "month": "2011-01",
            "price": "25.31",
            "revenue": 4210605
        },
        "2011-02": {
            "month": "2011-02",
            "price": "24.78",
            "revenue": 2443106
        },
        "2011-03": {
            "month": "2011-03",
            "price": "26.16",
            "revenue": 5240135
        },
        "2011-04": {
            "month": "2011-04",
            "price": "27.15",
            "revenue": 3619345
        },
        "2011-05": {
            "month": "2011-05",
            "price": "24.28",
            "revenue": 4132828
        },
        "2011-06": {
            "month": "2011-06",
            "price": "22.20",
            "revenue": 2653731
        },
        "2011-07": {
            "month": "2011-07",
            "price": "20.02",
            "revenue": 3279387
        },
        "2011-08": {
            "month": "2011-08",
            "price": "18.18",
            "revenue": 3292251
        },
        "2011-09": {
            "month": "2011-09",
            "price": "17.47",
            "revenue": 4619523
        },
        "2011-10": {
            "month": "2011-10",
            "price": "18.02",
            "revenue": 3888530
        },
        "2011-11": {
            "month": "2011-11",
            "price": "16.56",
            "revenue": 3613808
        },
        "2011-12": {
            "month": "2011-12",
            "price": "14.82",
            "revenue": 3523244
        },
        "2012-01": {
            "month": "2012-01",
            "price": "15.73",
            "revenue": 2614775
        },
        "2012-02": {
            "month": "2012-02",
            "price": "18.62",
            "revenue": 3332754
        },
        "2012-03": {
            "month": "2012-03",
            "price": "20.17",
            "revenue": 2951799
        },
        "2012-04": {
            "month": "2012-04",
            "price": "16.43",
            "revenue": 2721631
        },
        "2012-05": {
            "month": "2012-05",
            "price": "16.10",
            "revenue": 2649013
        },
        "2012-06": {
            "month": "2012-06",
            "price": "15.47",
            "revenue": 2455310
        },
        "2012-07": {
            "month": "2012-07",
            "price": "14.27",
            "revenue": 2869197
        },
        "2012-08": {
            "month": "2012-08",
            "price": "13.54",
            "revenue": 3086264
        },
        "2012-09": {
            "month": "2012-09",
            "price": "14.45",
            "revenue": 3234939
        },
        "2012-10": {
            "month": "2012-10",
            "price": "12.78",
            "revenue": 2984945
        },
        "2012-11": {
            "month": "2012-11",
            "price": "10.80",
            "revenue": 2958066
        },
        "2012-12": {
            "month": "2012-12",
            "price": "11.49",
            "revenue": 2239375
        },
        "2013-01": {
            "month": "2013-01",
            "price": "12.84",
            "revenue": 1928501
        },
        "2013-02": {
            "month": "2013-02",
            "price": "14.04",
            "revenue": 1084539
        },
        "2013-03": {
            "month": "2013-03",
            "price": "13.87",
            "revenue": 2297908
        },
        "2013-04": {
            "month": "2013-04",
            "price": "14.66",
            "revenue": 2406163
        },
        "2013-05": {
            "month": "2013-05",
            "price": "15.38",
            "revenue": 2318178
        },
        "2013-06": {
            "month": "2013-06",
            "price": "15.10",
            "revenue": 2030373
        },
        "2013-07": {
            "month": "2013-07",
            "price": "14.58",
            "revenue": 2293025
        },
        "2013-08": {
            "month": "2013-08",
            "price": "14.37",
            "revenue": 2030171
        },
        "2013-09": {
            "month": "2013-09",
            "price": "14.61",
            "revenue": 2349217
        },
        "2013-10": {
            "month": "2013-10",
            "price": "15.30",
            "revenue": 2164795
        },
        "2013-11": {
            "month": "2013-11",
            "price": "13.90",
            "revenue": 2660301
        },
        "2013-12": {
            "month": "2013-12",
            "price": "14.19",
            "revenue": 3179541
        },
        "2014-01": {
            "month": "2014-01",
            "price": "15.25",
            "revenue": 2138102
        },
        "2014-02": {
            "month": "2014-02",
            "price": "16.63",
            "revenue": 3268480
        },
        "2014-03": {
            "month": "2014-03",
            "price": "18.06",
            "revenue": 3777650
        },
        "2014-04": {
            "month": "2014-04",
            "price": "18.86",
            "revenue": 3402484
        },
        "2014-05": {
            "month": "2014-05",
            "price": "16.40",
            "revenue": 4494916
        },
        "2014-06": {
            "month": "2014-06",
            "price": "17.52",
            "revenue": 4586220
        },
        "2014-07": {
            "month": "2014-07",
            "price": "18.78",
            "revenue": 5117343
        },
        "2014-08": {
            "month": "2014-08",
            "price": "18.18",
            "revenue": 5303751
        },
        "2014-09": {
            "month": "2014-09",
            "price": "18.24",
            "revenue": 5097670
        },
        "2014-10": {
            "month": "2014-10",
            "price": "16.91",
            "revenue": 4962860
        },
        "2014-11": {
            "month": "2014-11",
            "price": "16.35",
            "revenue": 4589625
        },
        "2014-12": {
            "month": "2014-12",
            "price": "16.68",
            "revenue": 4518766
        },
        "2015-01": {
            "month": "2015-01",
            "price": "16.49",
            "revenue": 6110389
        },
        "2015-02": {
            "month": "2015-02",
            "price": "16.45",
            "revenue": 2645485
        },
        "2015-03": {
            "month": "2015-03",
            "price": "17.24",
            "revenue": 5229088
        },
        "2015-04": {
            "month": "2015-04",
            "price": "16.89",
            "revenue": 5498986
        },
        "2015-05": {
            "month": "2015-05",
            "price": "15.90",
            "revenue": 5962275
        },
        "2015-06": {
            "month": "2015-06",
            "price": "14.64",
            "revenue": 7684478
        },
        "2015-07": {
            "month": "2015-07",
            "price": "14.84",
            "revenue": 7550922
        },
        "2015-08": {
            "month": "2015-08",
            "price": "12.03",
            "revenue": 7196414
        },
        "2015-09": {
            "month": "2015-09",
            "price": "12.72",
            "revenue": 6627973
        },
        "2015-10": {
            "month": "2015-10",
            "price": "13.75",
            "revenue": 5910724
        },
        "2015-11": {
            "month": "2015-11",
            "price": "13.65",
            "revenue": 8057652
        },
        "2015-12": {
            "month": "2015-12",
            "price": "13.12",
            "revenue": 8750853
        },
        "2016-01": {
            "month": "2016-01",
            "price": "12.86",
            "revenue": 8132163
        },
        "2016-02": {
            "month": "2016-02",
            "price": "13.66",
            "revenue": 5661060
        },
        "2016-03": {
            "month": "2016-03",
            "price": "15.07",
            "revenue": 6643283
        },
        "2016-04": {
            "month": "2016-04",
            "price": "14.77",
            "revenue": 8350307
        },
        "2016-05": {
            "month": "2016-05",
            "price": "14.18",
            "revenue": 8815083
        },
        "2016-06": {
            "month": "2016-06",
            "price": "15.03",
            "revenue": 9381045
        },
        "2016-07": {
            "month": "2016-07",
            "price": "16.90",
            "revenue": 10516401
        },
        "2016-08": {
            "month": "2016-08",
            "price": "19.47",
            "revenue": 9241041
        },
        "2016-09": {
            "month": "2016-09",
            "price": "19.46",
            "revenue": 9389374
        },
        "2016-10": {
            "month": "2016-10",
            "price": "20.51",
            "revenue": 8230718
        },
        "2016-11": {
            "month": "2016-11",
            "price": "23.94",
            "revenue": 10354763
        },
        "2016-12": {
            "month": "2016-12",
            "price": "24.60",
            "revenue": 16638701
        },
        "2017-01": {
            "month": "2017-01",
            "price": "26.19",
            "revenue": 8584467
        },
        "2017-02": {
            "month": "2017-02",
            "price": "25.93",
            "revenue": 8275875
        },
        "2017-03": {
            "month": "2017-03",
            "price": "26.22",
            "revenue": 8724782
        },
        "2017-04": {
            "month": "2017-04",
            "price": "24.39",
            "revenue": 9961359
        },
        "2017-05": {
            "month": "2017-05",
            "price": "25.46",
            "revenue": 11193943
        },
        "2017-06": {
            "month": "2017-06",
            "price": "29.07",
            "revenue": 9805836
        },
        "2017-07": {
            "month": "2017-07",
            "price": "30.98",
            "revenue": 11754146
        },
        "2017-08": {
            "month": "2017-08",
            "price": "30.37",
            "revenue": 10426201
        },
        "2017-09": {
            "month": "2017-09",
            "price": "30.76",
            "revenue": 11460906
        },
        "2017-10": {
            "month": "2017-10",
            "price": "31.87",
            "revenue": 12187894
        },
        "2017-11": {
            "month": "2017-11",
            "price": "31.79",
            "revenue": 11294655
        },
        "2017-12": {
            "month": "2017-12",
            "price": "30.22",
            "revenue": 9031156
        },
        "2018-01": {
            "month": "2018-01",
            "price": "28.89",
            "revenue": 7353016
        },
        "2018-02": {
            "month": "2018-02",
            "price": "27.17",
            "revenue": 9062252
        },
        "2018-03": {
            "month": "2018-03",
            "price": "30.46",
            "revenue": 9768718
        },
        "2018-04": {
            "month": "2018-04",
            "price": "31.86",
            "revenue": 10839328
        },
        "2018-05": {
            "month": "2018-05",
            "price": "33.10",
            "revenue": 14073396
        },
        "2018-06": {
            "month": "2018-06",
            "price": "33.94",
            "revenue": 13399703
        },
        "2018-07": {
            "month": "2018-07",
            "price": "34.64",
            "revenue": 14143943
        },
        "2018-08": {
            "month": "2018-08",
            "price": "32.25",
            "revenue": 14218824
        },
        "2018-09": {
            "month": "2018-09",
            "price": "30.01",
            "revenue": 15688884
        },
        "2018-10": {
            "month": "2018-10",
            "price": "27.94",
            "revenue": 13534801
        },
        "2018-11": {
            "month": "2018-11",
            "price": "28.97",
            "revenue": 10105339
        },
        "2018-12": {
            "month": "2018-12",
            "price": "28.17",
            "revenue": 10002366
        },
        "2019-01": {
            "month": "2019-01",
            "price": "28.39",
            "revenue": 8220241
        },
        "2019-02": {
            "month": "2019-02",
            "price": "29.70",
            "revenue": 5089275
        },
        "2019-03": {
            "month": "2019-03",
            "price": "30.35",
            "revenue": 7594880
        },
        "2019-04": {
            "month": "2019-04",
            "price": "31.38",
            "revenue": 9690160
        },
        "2019-05": {
            "month": "2019-05",
            "price": "30.48",
            "revenue": 7202369
        },
        "2019-06": {
            "month": "2019-06",
            "price": "31.20",
            "revenue": 7919044
        },
        "2019-07": {
            "month": "2019-07",
            "price": "30.84",
            "revenue": 10487290
        },
        "2019-08": {
            "month": "2019-08",
            "price": "28.22",
            "revenue": 12285900
        },
        "2019-09": {
            "month": "2019-09",
            "price": "29.01",
            "revenue": 11931725
        },
        "2019-10": {
            "month": "2019-10",
            "price": "29.51",
            "revenue": 12056628
        },
        "2019-11": {
            "month": "2019-11",
            "price": "29.60",
            "revenue": 10164780
        },
        "2019-12": {
            "month": "2019-12",
            "price": "29.75",
            "revenue": 9943449
        },
        "2020-01": {
            "month": "2020-01",
            "price": "31.53",
            "revenue": 8333328
        },
        "2020-02": {
            "month": "2020-02",
            "price": "31.66",
            "revenue": 10609791
        },
        "2020-03": {
            "month": "2020-03",
            "price": "30.28",
            "revenue": 13309020
        },
        "2020-04": {
            "month": "2020-04",
            "price": "33.23",
            "revenue": 9049040
        },
        "2020-05": {
            "month": "2020-05",
            "price": "31.10",
            "revenue": 9928037
        },
        "2020-06": {
            "month": "2020-06",
            "price": "30.08",
            "revenue": 10552809
        },
        "2020-07": {
            "month": "2020-07",
            "price": "30.04",
            "revenue": 11652027
        },
        "2020-08": {
            "month": "2020-08",
            "price": "29.96",
            "revenue": 10480774
        },
        "2020-09": {
            "month": "2020-09",
            "price": "29.57",
            "revenue": 13232417
        },
        "2020-10": {
            "month": "2020-10",
            "price": "29.73",
            "revenue": 11698810
        },
        "2020-11": {
            "month": "2020-11",
            "price": "30.95",
            "revenue": 14502261
        },
        "2020-12": {
            "month": "2020-12",
            "price": "34.14",
            "revenue": 14161665
        },
        "2021-01": {
            "month": "2021-01",
            "price": "35.23",
            "revenue": 16287933
        },
        "2021-02": {
            "month": "2021-02",
            "price": "36.90",
            "revenue": 14002227
        },
        "2021-03": {
            "month": "2021-03",
            "price": "41.09",
            "revenue": 20078015
        },
        "2021-04": {
            "month": "2021-04",
            "price": "45.01",
            "revenue": 16199282
        },
        "2021-05": {
            "month": "2021-05",
            "price": "39.46",
            "revenue": 16856004
        },
        "2021-06": {
            "month": "2021-06",
            "price": "39.78",
            "revenue": 19354059
        },
        "2021-07": {
            "month": "2021-07",
            "price": "44.02",
            "revenue": 15990838
        },
        "2021-08": {
            "month": "2021-08",
            "price": "43.41",
            "revenue": 18572742
        },
        "2021-09": {
            "month": "2021-09",
            "price": "44.54",
            "revenue": 19344822
        },
        "2021-10": {
            "month": "2021-10",
            "price": "42.81",
            "revenue": 12405038
        },
        "2021-11": {
            "month": "2021-11",
            "price": "44.17",
            "revenue": 21480769
        },
        "2021-12": {
            "month": "2021-12",
            "price": "47.20",
            "revenue": 18167105
        },
        "2022-01": {
            "month": "2022-01",
            "price": "49.61",
            "revenue": 21788356
        },
        "2022-02": {
            "month": "2022-02",
            "price": "51.60",
            "revenue": 14389110
        },
        "2022-03": {
            "month": "2022-03",
            "price": "52.13",
            "revenue": 19522050
        },
        "2022-04": {
            "month": "2022-04",
            "price": "48.35",
            "revenue": 15627375
        },
        "2022-05": {
            "month": "2022-05",
            "price": "47.23",
            "revenue": 15679440
        },
        "2022-06": {
            "month": "2022-06",
            "price": "45.88",
            "revenue": 13569237
        },
        "2022-07": {
            "month": "2022-07",
            "price": "37.63",
            "revenue": 12283141
        },
        "2022-08": {
            "month": "2022-08",
            "price": "37.80",
            "revenue": 12938594
        },
        "2022-09": {
            "month": "2022-09",
            "price": "35.80",
            "revenue": 12558033
        },
        "2022-10": {
            "month": "2022-10",
            "price": "33.56",
            "revenue": 14074209
        },
        "2022-11": {
            "month": "2022-11",
            "price": "36.20",
            "revenue": 10335161
        },
        "2022-12": {
            "month": "2022-12",
            "price": "36.38",
            "revenue": 11309815
        },
        "2023-01": {
            "month": "2023-01",
            "price": "36.85",
            "revenue": 6749350
        },
        "2023-02": {
            "month": "2023-02",
            "price": "37.99",
            "revenue": 8557454
        },
        "2023-03": {
            "month": "2023-03",
            "price": "42.78",
            "revenue": 9435283
        },
        "2023-04": {
            "month": "2023-04",
            "price": "44.17",
            "revenue": 12524304
        },
        "2023-05": {
            "month": "2023-05",
            "price": "45.15",
            "revenue": 12344701
        },
        "2023-06": {
            "month": "2023-06",
            "price": "48.82",
            "revenue": 12729888
        },
        "2023-07": {
            "month": "2023-07",
            "price": "47.00",
            "revenue": 11677661
        },
        "2023-08": {
            "month": "2023-08",
            "price": "49.14",
            "revenue": 14638828
        },
        "2023-09": {
            "month": "2023-09",
            "price": "52.87",
            "revenue": 14313764
        }
    }
}
