{
    "summary": {
        "stock_name": "振樺電",
        "stock_id": "8114",
        "category": "電腦及週邊設備",
        "main_business": "端點銷售管理系統(POS)及其週邊設備和服務<br>資訊服務系統整體解決方案",
        "website_url": "http://www.posiflex.com.tw",
        "ceo": "陳茂強",
        "pe_ratio": 12,
        "report_year_from": 2001,
        "report_year_to": 2023,
        "age": 22,
        "eps_negative_percentage": 0,
        "eps_growth_avg": {
            "last_all": 11.57,
            "last_2y": 35.98,
            "last_4y": 13.55,
            "last_8y": 9.97,
            "last_12y": 15.28,
            "last_16y": 6.37,
            "last_20y": null,
            "at_2006_last_3y": null,
            "at_2007_last_3y": null,
            "at_2008_last_3y": 11.3,
            "at_2009_last_3y": -22.6,
            "at_2010_last_3y": -4.29,
            "at_2011_last_3y": -2.83,
            "at_2012_last_3y": 10.67,
            "at_2013_last_3y": 27.23,
            "at_2014_last_3y": 13.34,
            "at_2015_last_3y": 15.26,
            "at_2016_last_3y": 12.08,
            "at_2017_last_3y": 5.5,
            "at_2018_last_3y": -0.96,
            "at_2019_last_3y": -8.65,
            "at_2020_last_3y": -27.25,
            "at_2021_last_3y": -3.33,
            "at_2022_last_3y": 20.08,
            "at_2023_last_3y": 20.08,
            "at_2006_last_all": 47.77,
            "at_2007_last_all": 28.39,
            "at_2008_last_all": 11.3,
            "at_2009_last_all": 1.92,
            "at_2010_last_all": 13.06,
            "at_2011_last_all": 10.55,
            "at_2012_last_all": 10.99,
            "at_2013_last_all": 13.17,
            "at_2014_last_all": 13.18,
            "at_2015_last_all": 12.27,
            "at_2016_last_all": 11.35,
            "at_2017_last_all": 10.81,
            "at_2018_last_all": 9.14,
            "at_2019_last_all": 6.69,
            "at_2020_last_all": 1.7,
            "at_2021_last_all": 7.48,
            "at_2022_last_all": 11.57,
            "at_2023_last_all": 11.57
        },
        "latest_eps": 9.4,
        "latest_price": 109,
        "latest_roe": 17.63,
        "latest_gross_margin": 36.6,
        "latest_equity": 6496531,
        "latest_revenue": 2380064,
        "latest_gross_profit": 871120,
        "latest_net_income": 163451,
        "latest_debt_ratio": 57.16,
        "latest_current_ratio": 237,
        "latest_account_receivable_turnover_ratio": 1.53,
        "latest_inventory_turnover_ratio": 0.47,
        "latest_reinvestment_rate": -24.55,
        "latest_research_to_sale_ratio": 5.58
    },
    "eps_dividends": {
        "2001": {
            "cash": 0,
            "stock": 0,
            "eps": 0
        },
        "2002": {
            "cash": 0,
            "stock": 0,
            "eps": 0
        },
        "2003": {
            "cash": 2,
            "stock": 1,
            "eps": 0
        },
        "2004": {
            "cash": 1,
            "stock": 2.5,
            "eps": 2.66
        },
        "2005": {
            "cash": 3.5,
            "stock": 1,
            "eps": 9.88
        },
        "2006": {
            "cash": 5,
            "stock": 2,
            "eps": 9.44
        },
        "2007": {
            "cash": 6.7,
            "stock": 0.3,
            "eps": 8.46
        },
        "2008": {
            "cash": 7.01,
            "stock": 0.05,
            "eps": 5.08
        },
        "2009": {
            "cash": 4.2,
            "stock": 0.3,
            "eps": 3.27
        },
        "2010": {
            "cash": 1.9,
            "stock": 1,
            "eps": 5.52
        },
        "2011": {
            "cash": 8.6,
            "stock": 0.6,
            "eps": 5.27
        },
        "2012": {
            "cash": 0,
            "stock": 0,
            "eps": 6.01
        },
        "2013": {
            "cash": 5,
            "stock": 0.35,
            "eps": 7.85
        },
        "2014": {
            "cash": 6.8,
            "stock": 0.05,
            "eps": 8.89
        },
        "2015": {
            "cash": 7.5,
            "stock": 0.35,
            "eps": 9.17
        },
        "2016": {
            "cash": 7.75,
            "stock": 0.25,
            "eps": 9.29
        },
        "2017": {
            "cash": 8,
            "stock": 0.2,
            "eps": 9.69
        },
        "2018": {
            "cash": 6.2,
            "stock": 0,
            "eps": 8.47
        },
        "2019": {
            "cash": 6.2,
            "stock": 0,
            "eps": 6.13
        },
        "2020": {
            "cash": 4.5,
            "stock": 0,
            "eps": 1.65
        },
        "2021": {
            "cash": 1.5,
            "stock": 0,
            "eps": 6.22
        },
        "2022": {
            "cash": 4.5,
            "stock": 0,
            "eps": 11.26
        },
        "2023": {
            "cash": 7,
            "stock": 0,
            "eps": 1.2
        }
    },
    "dividends": {
        "2003-06-27": {
            "cash": 2,
            "stock": 1
        },
        "2004-03-17": {
            "cash": 1,
            "stock": 2.5
        },
        "2005-03-28": {
            "cash": 3.5,
            "stock": 1
        },
        "2006-06-23": {
            "cash": 5,
            "stock": 2
        },
        "2007-04-19": {
            "cash": 6.7,
            "stock": 0.3
        },
        "2008-04-22": {
            "cash": 7.01,
            "stock": 0.05
        },
        "2009-04-23": {
            "cash": 4.2,
            "stock": 0.3
        },
        "2010-03-23": {
            "cash": 1.9,
            "stock": 1
        },
        "2011-01-01": {
            "cash": 4.3,
            "stock": 0.3
        },
        "2011-03-08": {
            "cash": 4.3,
            "stock": 0.3
        },
        "2013-04-23": {
            "cash": 5,
            "stock": 0.35
        },
        "2014-05-20": {
            "cash": 6.8,
            "stock": 0.05
        },
        "2015-09-08": {
            "cash": 7.5,
            "stock": 0.35
        },
        "2016-09-29": {
            "cash": 7.75,
            "stock": 0.25
        },
        "2017-10-27": {
            "cash": 8,
            "stock": 0.2
        },
        "2018-09-07": {
            "cash": 6.2,
            "stock": 0
        },
        "2019-08-29": {
            "cash": 6.2,
            "stock": 0
        },
        "2020-10-16": {
            "cash": 4.5,
            "stock": 0
        },
        "2021-09-15": {
            "cash": 1.5,
            "stock": 0
        },
        "2022-08-01": {
            "cash": 4.5,
            "stock": 0
        },
        "2023-03-16": {
            "cash": 7,
            "stock": 0
        }
    },
    "prices": {
        "200101": "無",
        "200102": "無",
        "200103": "無",
        "200104": "無",
        "200105": "無",
        "200106": "無",
        "200107": "無",
        "200108": "無",
        "200109": "無",
        "200110": "無",
        "200111": "無",
        "200112": "無",
        "200201": "無",
        "200202": "無",
        "200203": "無",
        "200204": "無",
        "200205": "無",
        "200206": "無",
        "200207": "無",
        "200208": "無",
        "200209": "無",
        "200210": "無",
        "200211": "無",
        "200212": "無",
        "200301": "無",
        "200302": "無",
        "200303": "無",
        "200304": "無",
        "200305": "無",
        "200306": "無",
        "200307": "無",
        "200308": "無",
        "200309": "無",
        "200310": "無",
        "200311": "無",
        "200312": "無",
        "200401": "無",
        "200402": "無",
        "200403": "無",
        "200404": "無",
        "200405": "無",
        "200406": "80.00",
        "200407": "65.10",
        "200408": "無",
        "200409": "60.05",
        "200410": "60.22",
        "200411": "60.90",
        "200412": "52.08",
        "200501": "51.61",
        "200502": "55.90",
        "200503": "61.65",
        "200504": "66.00",
        "200505": "67.61",
        "200506": "69.33",
        "200507": "85.40",
        "200508": "107.84",
        "200509": "96.87",
        "200510": "91.14",
        "200511": "90.76",
        "200512": "106.27",
        "200601": "133.33",
        "200602": "128.74",
        "200603": "139.96",
        "200604": "143.18",
        "200605": "135.50",
        "200606": "121.59",
        "200607": "128.31",
        "200608": "118.78",
        "200609": "123.50",
        "200610": "117.35",
        "200611": "114.64",
        "200612": "118.00",
        "200701": "121.14",
        "200702": "114.75",
        "200703": "110.09",
        "200704": "109.08",
        "200705": "112.18",
        "200706": "122.10",
        "200707": "125.11",
        "200708": "114.85",
        "200709": "117.92",
        "200710": "114.82",
        "200711": "100.19",
        "200712": "91.73",
        "200801": "79.24",
        "200802": "70.19",
        "200803": "75.38",
        "200804": "84.27",
        "200805": "87.58",
        "200806": "79.16",
        "200807": "70.86",
        "200808": "61.70",
        "200809": "44.67",
        "200810": "35.31",
        "200811": "31.73",
        "200812": "32.37",
        "200901": "34.10",
        "200902": "34.67",
        "200903": "39.14",
        "200904": "44.62",
        "200905": "46.47",
        "200906": "45.20",
        "200907": "44.15",
        "200908": "42.28",
        "200909": "47.56",
        "200910": "49.30",
        "200911": "50.18",
        "200912": "61.90",
        "201001": "57.99",
        "201002": "55.48",
        "201003": "60.39",
        "201004": "64.73",
        "201005": "58.10",
        "201006": "58.41",
        "201007": "59.15",
        "201008": "53.65",
        "201009": "53.98",
        "201010": "53.40",
        "201011": "54.01",
        "201012": "57.77",
        "201101": "58.72",
        "201102": "58.00",
        "201103": "57.78",
        "201104": "60.62",
        "201105": "61.08",
        "201106": "57.76",
        "201107": "54.70",
        "201108": "50.48",
        "201109": "47.13",
        "201110": "46.27",
        "201111": "46.86",
        "201112": "44.93",
        "201201": "46.09",
        "201202": "51.96",
        "201203": "56.44",
        "201204": "54.74",
        "201205": "54.97",
        "201206": "55.20",
        "201207": "57.09",
        "201208": "53.81",
        "201209": "56.24",
        "201210": "56.60",
        "201211": "58.70",
        "201212": "58.76",
        "201301": "60.19",
        "201302": "62.81",
        "201303": "64.66",
        "201304": "72.93",
        "201305": "82.51",
        "201306": "86.19",
        "201307": "95.26",
        "201308": "89.48",
        "201309": "91.18",
        "201310": "91.86",
        "201311": "94.76",
        "201312": "123.14",
        "201401": "123.22",
        "201402": "153.09",
        "201403": "170.86",
        "201404": "168.26",
        "201405": "162.90",
        "201406": "190.22",
        "201407": "181.16",
        "201408": "171.86",
        "201409": "175.14",
        "201410": "141.55",
        "201411": "145.58",
        "201412": "143.81",
        "201501": "144.22",
        "201502": "146.31",
        "201503": "164.43",
        "201504": "165.40",
        "201505": "167.48",
        "201506": "175.76",
        "201507": "148.70",
        "201508": "140.71",
        "201509": "148.30",
        "201510": "167.52",
        "201511": "165.45",
        "201512": "158.63",
        "201601": "150.40",
        "201602": "155.46",
        "201603": "161.80",
        "201604": "163.42",
        "201605": "161.64",
        "201606": "158.90",
        "201607": "161.62",
        "201608": "175.73",
        "201609": "183.42",
        "201610": "194.85",
        "201611": "181.93",
        "201612": "176.64",
        "201701": "176.44",
        "201702": "173.19",
        "201703": "170.30",
        "201704": "164.92",
        "201705": "164.90",
        "201706": "168.91",
        "201707": "164.05",
        "201708": "158.30",
        "201709": "149.59",
        "201710": "137.58",
        "201711": "135.39",
        "201712": "136.69",
        "201801": "140.27",
        "201802": "135.19",
        "201803": "135.20",
        "201804": "125.67",
        "201805": "119.82",
        "201806": "117.55",
        "201807": "113.55",
        "201808": "113.00",
        "201809": "110.63",
        "201810": "100.73",
        "201811": "94.35",
        "201812": "105.01",
        "201901": "103.32",
        "201902": "108.08",
        "201903": "110.55",
        "201904": "108.38",
        "201905": "104.30",
        "201906": "105.87",
        "201907": "109.11",
        "201908": "110.07",
        "201909": "110.34",
        "201910": "107.00",
        "201911": "102.43",
        "201912": "103.18",
        "202001": "103.70",
        "202002": "100.28",
        "202003": "80.32",
        "202004": "82.77",
        "202005": "87.72",
        "202006": "84.27",
        "202007": "85.45",
        "202008": "82.55",
        "202009": "82.47",
        "202010": "79.28",
        "202011": "79.20",
        "202012": "78.40",
        "202101": "78.92",
        "202102": "77.73",
        "202103": "80.41",
        "202104": "80.40",
        "202105": "71.47",
        "202106": "70.87",
        "202107": "76.10",
        "202108": "76.43",
        "202109": "78.52",
        "202110": "80.94",
        "202111": "99.74",
        "202112": "119.23",
        "202201": "119.11",
        "202202": "105.99",
        "202203": "99.08",
        "202204": "115.56",
        "202205": "118.07",
        "202206": "123.02",
        "202207": "133.76",
        "202208": "157.37",
        "202209": "152.79",
        "202210": "121.45",
        "202211": "119.41",
        "202212": "114.57",
        "202301": "112.42",
        "202302": "118.92",
        "202303": "116.30",
        "202304": "109.32",
        "202305": "106.64"
    },
    "quarters": {
        "20011": {
            "year_quarter": 20011,
            "year": 2001,
            "quarter": 1,
            "eps": null,
            "eps_growth_year": null,
            "eps_4q": null,
            "eps_4q_growth_year": null,
            "roe": null,
            "roe_4q": 0,
            "gross_profit": null,
            "gross_margin": null,
            "gross_margin_4q_avg": 0,
            "net_income": null,
            "revenue": null,
            "common_shares": null,
            "book_valuer_per_share": null,
            "book_valuer_per_share_4q_avg": 0,
            "equity": null,
            "current_ratio": null,
            "debt_ratio": null,
            "inventory_turnover_ratio": null,
            "account_receivable_turnover_ratio": null,
            "reinvestment_rate": null,
            "research_to_sale_ratio": null,
            "price_fair": 0,
            "eps_avg_yearly": 0,
            "eps_latest_yearly": 0,
            "eps_growth_yearly": 0
        },
        "20012": {
            "year_quarter": 20012,
            "year": 2001,
            "quarter": 2,
            "eps": null,
            "eps_growth_year": null,
            "eps_4q": null,
            "eps_4q_growth_year": null,
            "roe": null,
            "roe_4q": 0,
            "gross_profit": null,
            "gross_margin": null,
            "gross_margin_4q_avg": 0,
            "net_income": null,
            "revenue": null,
            "common_shares": null,
            "book_valuer_per_share": null,
            "book_valuer_per_share_4q_avg": 0,
            "equity": null,
            "current_ratio": null,
            "debt_ratio": null,
            "inventory_turnover_ratio": null,
            "account_receivable_turnover_ratio": null,
            "reinvestment_rate": null,
            "research_to_sale_ratio": null,
            "price_fair": 0,
            "eps_avg_yearly": 0,
            "eps_latest_yearly": 0,
            "eps_growth_yearly": 0
        },
        "20013": {
            "year_quarter": 20013,
            "year": 2001,
            "quarter": 3,
            "eps": null,
            "eps_growth_year": null,
            "eps_4q": null,
            "eps_4q_growth_year": null,
            "roe": null,
            "roe_4q": 0,
            "gross_profit": null,
            "gross_margin": null,
            "gross_margin_4q_avg": 0,
            "net_income": null,
            "revenue": null,
            "common_shares": null,
            "book_valuer_per_share": null,
            "book_valuer_per_share_4q_avg": 0,
            "equity": null,
            "current_ratio": null,
            "debt_ratio": null,
            "inventory_turnover_ratio": null,
            "account_receivable_turnover_ratio": null,
            "reinvestment_rate": null,
            "research_to_sale_ratio": null,
            "price_fair": 0,
            "eps_avg_yearly": 0,
            "eps_latest_yearly": 0,
            "eps_growth_yearly": 0
        },
        "20014": {
            "year_quarter": 20014,
            "year": 2001,
            "quarter": 4,
            "eps": null,
            "eps_growth_year": null,
            "eps_4q": null,
            "eps_4q_growth_year": null,
            "roe": null,
            "roe_4q": 0,
            "gross_profit": null,
            "gross_margin": null,
            "gross_margin_4q_avg": 0,
            "net_income": null,
            "revenue": null,
            "common_shares": 230000,
            "book_valuer_per_share": 15.88,
            "book_valuer_per_share_4q_avg": 3.97,
            "equity": 365300,
            "current_ratio": 328.18,
            "debt_ratio": 24.16,
            "inventory_turnover_ratio": null,
            "account_receivable_turnover_ratio": null,
            "reinvestment_rate": null,
            "research_to_sale_ratio": null,
            "price_fair": 0,
            "eps_avg_yearly": 0,
            "eps_latest_yearly": 0,
            "eps_growth_yearly": 0
        },
        "20021": {
            "year_quarter": 20021,
            "year": 2002,
            "quarter": 1,
            "eps": null,
            "eps_growth_year": null,
            "eps_4q": null,
            "eps_4q_growth_year": null,
            "roe": null,
            "roe_4q": 0,
            "gross_profit": null,
            "gross_margin": null,
            "gross_margin_4q_avg": 0,
            "net_income": null,
            "revenue": null,
            "common_shares": null,
            "book_valuer_per_share": null,
            "book_valuer_per_share_4q_avg": 3.97,
            "equity": null,
            "current_ratio": null,
            "debt_ratio": null,
            "inventory_turnover_ratio": null,
            "account_receivable_turnover_ratio": null,
            "reinvestment_rate": null,
            "research_to_sale_ratio": null,
            "price_fair": 0,
            "eps_avg_yearly": 0,
            "eps_latest_yearly": 0,
            "eps_growth_yearly": 0
        },
        "20022": {
            "year_quarter": 20022,
            "year": 2002,
            "quarter": 2,
            "eps": null,
            "eps_growth_year": null,
            "eps_4q": null,
            "eps_4q_growth_year": null,
            "roe": null,
            "roe_4q": 0,
            "gross_profit": null,
            "gross_margin": null,
            "gross_margin_4q_avg": 0,
            "net_income": null,
            "revenue": null,
            "common_shares": null,
            "book_valuer_per_share": null,
            "book_valuer_per_share_4q_avg": 3.97,
            "equity": null,
            "current_ratio": null,
            "debt_ratio": null,
            "inventory_turnover_ratio": null,
            "account_receivable_turnover_ratio": null,
            "reinvestment_rate": null,
            "research_to_sale_ratio": null,
            "price_fair": 0,
            "eps_avg_yearly": 0,
            "eps_latest_yearly": 0,
            "eps_growth_yearly": 0
        },
        "20023": {
            "year_quarter": 20023,
            "year": 2002,
            "quarter": 3,
            "eps": null,
            "eps_growth_year": null,
            "eps_4q": null,
            "eps_4q_growth_year": null,
            "roe": null,
            "roe_4q": 0,
            "gross_profit": null,
            "gross_margin": null,
            "gross_margin_4q_avg": 0,
            "net_income": null,
            "revenue": null,
            "common_shares": null,
            "book_valuer_per_share": null,
            "book_valuer_per_share_4q_avg": 3.97,
            "equity": null,
            "current_ratio": null,
            "debt_ratio": null,
            "inventory_turnover_ratio": null,
            "account_receivable_turnover_ratio": null,
            "reinvestment_rate": null,
            "research_to_sale_ratio": null,
            "price_fair": 0,
            "eps_avg_yearly": 0,
            "eps_latest_yearly": 0,
            "eps_growth_yearly": 0
        },
        "20024": {
            "year_quarter": 20024,
            "year": 2002,
            "quarter": 4,
            "eps": null,
            "eps_growth_year": null,
            "eps_4q": null,
            "eps_4q_growth_year": null,
            "roe": null,
            "roe_4q": 0,
            "gross_profit": null,
            "gross_margin": null,
            "gross_margin_4q_avg": 0,
            "net_income": null,
            "revenue": null,
            "common_shares": 253000,
            "book_valuer_per_share": 16.61,
            "book_valuer_per_share_4q_avg": 4.15,
            "equity": 420234,
            "current_ratio": 578.63,
            "debt_ratio": 17.14,
            "inventory_turnover_ratio": null,
            "account_receivable_turnover_ratio": null,
            "reinvestment_rate": null,
            "research_to_sale_ratio": null,
            "price_fair": 0,
            "eps_avg_yearly": 0,
            "eps_latest_yearly": 0,
            "eps_growth_yearly": 0
        },
        "20031": {
            "year_quarter": 20031,
            "year": 2003,
            "quarter": 1,
            "eps": null,
            "eps_growth_year": null,
            "eps_4q": null,
            "eps_4q_growth_year": null,
            "roe": null,
            "roe_4q": 0,
            "gross_profit": null,
            "gross_margin": null,
            "gross_margin_4q_avg": 0,
            "net_income": null,
            "revenue": null,
            "common_shares": null,
            "book_valuer_per_share": null,
            "book_valuer_per_share_4q_avg": 4.15,
            "equity": null,
            "current_ratio": null,
            "debt_ratio": null,
            "inventory_turnover_ratio": null,
            "account_receivable_turnover_ratio": null,
            "reinvestment_rate": null,
            "research_to_sale_ratio": null,
            "price_fair": 0,
            "eps_avg_yearly": 0,
            "eps_latest_yearly": 0,
            "eps_growth_yearly": 0
        },
        "20032": {
            "year_quarter": 20032,
            "year": 2003,
            "quarter": 2,
            "eps": null,
            "eps_growth_year": null,
            "eps_4q": null,
            "eps_4q_growth_year": null,
            "roe": null,
            "roe_4q": 0,
            "gross_profit": null,
            "gross_margin": null,
            "gross_margin_4q_avg": 0,
            "net_income": null,
            "revenue": null,
            "common_shares": null,
            "book_valuer_per_share": null,
            "book_valuer_per_share_4q_avg": 4.15,
            "equity": null,
            "current_ratio": null,
            "debt_ratio": null,
            "inventory_turnover_ratio": null,
            "account_receivable_turnover_ratio": null,
            "reinvestment_rate": null,
            "research_to_sale_ratio": null,
            "price_fair": 0,
            "eps_avg_yearly": 0,
            "eps_latest_yearly": 0,
            "eps_growth_yearly": 0
        },
        "20033": {
            "year_quarter": 20033,
            "year": 2003,
            "quarter": 3,
            "eps": null,
            "eps_growth_year": null,
            "eps_4q": null,
            "eps_4q_growth_year": null,
            "roe": null,
            "roe_4q": 0,
            "gross_profit": null,
            "gross_margin": null,
            "gross_margin_4q_avg": 0,
            "net_income": null,
            "revenue": null,
            "common_shares": null,
            "book_valuer_per_share": null,
            "book_valuer_per_share_4q_avg": 4.15,
            "equity": null,
            "current_ratio": null,
            "debt_ratio": null,
            "inventory_turnover_ratio": null,
            "account_receivable_turnover_ratio": null,
            "reinvestment_rate": null,
            "research_to_sale_ratio": null,
            "price_fair": 0,
            "eps_avg_yearly": 0,
            "eps_latest_yearly": 0,
            "eps_growth_yearly": 0
        },
        "20034": {
            "year_quarter": 20034,
            "year": 2003,
            "quarter": 4,
            "eps": null,
            "eps_growth_year": null,
            "eps_4q": null,
            "eps_4q_growth_year": null,
            "roe": null,
            "roe_4q": 0,
            "gross_profit": null,
            "gross_margin": null,
            "gross_margin_4q_avg": 0,
            "net_income": null,
            "revenue": null,
            "common_shares": 278300,
            "book_valuer_per_share": 16.79,
            "book_valuer_per_share_4q_avg": 4.2,
            "equity": 467727,
            "current_ratio": 271.04,
            "debt_ratio": 31,
            "inventory_turnover_ratio": null,
            "account_receivable_turnover_ratio": null,
            "reinvestment_rate": null,
            "research_to_sale_ratio": null,
            "price_fair": 0,
            "eps_avg_yearly": 0,
            "eps_latest_yearly": 0,
            "eps_growth_yearly": 0
        },
        "20041": {
            "year_quarter": 20041,
            "year": 2004,
            "quarter": 1,
            "eps": null,
            "eps_growth_year": null,
            "eps_4q": null,
            "eps_4q_growth_year": null,
            "roe": null,
            "roe_4q": 0,
            "gross_profit": null,
            "gross_margin": null,
            "gross_margin_4q_avg": 0,
            "net_income": null,
            "revenue": null,
            "common_shares": null,
            "book_valuer_per_share": null,
            "book_valuer_per_share_4q_avg": 4.2,
            "equity": null,
            "current_ratio": null,
            "debt_ratio": null,
            "inventory_turnover_ratio": null,
            "account_receivable_turnover_ratio": null,
            "reinvestment_rate": null,
            "research_to_sale_ratio": null,
            "price_fair": 0,
            "eps_avg_yearly": 0,
            "eps_latest_yearly": 0,
            "eps_growth_yearly": 0
        },
        "20042": {
            "year_quarter": 20042,
            "year": 2004,
            "quarter": 2,
            "eps": null,
            "eps_growth_year": null,
            "eps_4q": null,
            "eps_4q_growth_year": null,
            "roe": null,
            "roe_4q": 0,
            "gross_profit": null,
            "gross_margin": null,
            "gross_margin_4q_avg": 0,
            "net_income": null,
            "revenue": null,
            "common_shares": null,
            "book_valuer_per_share": null,
            "book_valuer_per_share_4q_avg": 4.2,
            "equity": null,
            "current_ratio": null,
            "debt_ratio": null,
            "inventory_turnover_ratio": null,
            "account_receivable_turnover_ratio": null,
            "reinvestment_rate": null,
            "research_to_sale_ratio": null,
            "price_fair": 0,
            "eps_avg_yearly": 0,
            "eps_latest_yearly": 0,
            "eps_growth_yearly": 0
        },
        "20043": {
            "year_quarter": 20043,
            "year": 2004,
            "quarter": 3,
            "eps": 1.48,
            "eps_growth_year": null,
            "eps_4q": null,
            "eps_4q_growth_year": null,
            "roe": 9.44,
            "roe_4q": 9.44,
            "gross_profit": 81448,
            "gross_margin": 31.01,
            "gross_margin_4q_avg": 7.75,
            "net_income": 58869,
            "revenue": 262662,
            "common_shares": 354833,
            "book_valuer_per_share": 17.58,
            "book_valuer_per_share_4q_avg": 8.59,
            "equity": 623664,
            "current_ratio": 301.04,
            "debt_ratio": 26.88,
            "inventory_turnover_ratio": 1.27,
            "account_receivable_turnover_ratio": null,
            "reinvestment_rate": null,
            "research_to_sale_ratio": null,
            "price_fair": 0,
            "eps_avg_yearly": 0,
            "eps_latest_yearly": 0,
            "eps_growth_yearly": 0
        },
        "20044": {
            "year_quarter": 20044,
            "year": 2004,
            "quarter": 4,
            "eps": 1.18,
            "eps_growth_year": null,
            "eps_4q": null,
            "eps_4q_growth_year": null,
            "roe": 6.48,
            "roe_4q": 15.92,
            "gross_profit": 107443,
            "gross_margin": 35.11,
            "gross_margin_4q_avg": 16.53,
            "net_income": 41761,
            "revenue": 306047,
            "common_shares": 354833,
            "book_valuer_per_share": 18.71,
            "book_valuer_per_share_4q_avg": 9.07,
            "equity": 664995,
            "current_ratio": 337.12,
            "debt_ratio": 26.35,
            "inventory_turnover_ratio": 1.19,
            "account_receivable_turnover_ratio": null,
            "reinvestment_rate": null,
            "research_to_sale_ratio": null,
            "price_fair": 14.16,
            "eps_avg_yearly": 4.72,
            "eps_latest_yearly": 4.72,
            "eps_growth_yearly": -81.08
        },
        "20051": {
            "year_quarter": 20051,
            "year": 2005,
            "quarter": 1,
            "eps": 1.72,
            "eps_growth_year": null,
            "eps_4q": null,
            "eps_4q_growth_year": null,
            "roe": 8.78,
            "roe_4q": 24.7,
            "gross_profit": 118244,
            "gross_margin": 39.83,
            "gross_margin_4q_avg": 26.49,
            "net_income": 60969,
            "revenue": 296835,
            "common_shares": 354833,
            "book_valuer_per_share": 20.39,
            "book_valuer_per_share_4q_avg": 14.17,
            "equity": 723427,
            "current_ratio": 275.3,
            "debt_ratio": 30.15,
            "inventory_turnover_ratio": 1.1,
            "account_receivable_turnover_ratio": null,
            "reinvestment_rate": null,
            "research_to_sale_ratio": null,
            "price_fair": 203,
            "eps_avg_yearly": 5.8,
            "eps_latest_yearly": 6.88,
            "eps_growth_yearly": 50.98
        },
        "20052": {
            "year_quarter": 20052,
            "year": 2005,
            "quarter": 2,
            "eps": 2.76,
            "eps_growth_year": null,
            "eps_4q": 7.32,
            "eps_4q_growth_year": null,
            "roe": 13.9,
            "roe_4q": 38.6,
            "gross_profit": 152165,
            "gross_margin": 41.37,
            "gross_margin_4q_avg": 36.83,
            "net_income": 97868,
            "revenue": 367783,
            "common_shares": 354833,
            "book_valuer_per_share": 19.3,
            "book_valuer_per_share_4q_avg": 19,
            "equity": 684769,
            "current_ratio": 198.26,
            "debt_ratio": 40.06,
            "inventory_turnover_ratio": 1.52,
            "account_receivable_turnover_ratio": null,
            "reinvestment_rate": null,
            "research_to_sale_ratio": null,
            "price_fair": 264.13,
            "eps_avg_yearly": 7.55,
            "eps_latest_yearly": 11.04,
            "eps_growth_yearly": 114.61
        },
        "20053": {
            "year_quarter": 20053,
            "year": 2005,
            "quarter": 3,
            "eps": 2.75,
            "eps_growth_year": 85.81,
            "eps_4q": 7.79,
            "eps_4q_growth_year": null,
            "roe": 14.76,
            "roe_4q": 43.92,
            "gross_profit": 158051,
            "gross_margin": 39.84,
            "gross_margin_4q_avg": 39.04,
            "net_income": 109416,
            "revenue": 396678,
            "common_shares": 397413,
            "book_valuer_per_share": 20.07,
            "book_valuer_per_share_4q_avg": 19.62,
            "equity": 797705,
            "current_ratio": 250.97,
            "debt_ratio": 31.43,
            "inventory_turnover_ratio": 1.31,
            "account_receivable_turnover_ratio": null,
            "reinvestment_rate": null,
            "research_to_sale_ratio": null,
            "price_fair": 294.35,
            "eps_avg_yearly": 8.41,
            "eps_latest_yearly": 11,
            "eps_growth_yearly": 85.6
        },
        "20054": {
            "year_quarter": 20054,
            "year": 2005,
            "quarter": 4,
            "eps": 2.65,
            "eps_growth_year": 124.58,
            "eps_4q": 9.4,
            "eps_4q_growth_year": null,
            "roe": 12.38,
            "roe_4q": 49.82,
            "gross_profit": 156995,
            "gross_margin": 38.21,
            "gross_margin_4q_avg": 39.81,
            "net_income": 105337,
            "revenue": 410838,
            "common_shares": 397413,
            "book_valuer_per_share": 22.69,
            "book_valuer_per_share_4q_avg": 20.61,
            "equity": 904069,
            "current_ratio": 344.71,
            "debt_ratio": 25.17,
            "inventory_turnover_ratio": 1.09,
            "account_receivable_turnover_ratio": null,
            "reinvestment_rate": null,
            "research_to_sale_ratio": null,
            "price_fair": 309.68,
            "eps_avg_yearly": 8.85,
            "eps_latest_yearly": 10.6,
            "eps_growth_yearly": 65.57
        },
        "20061": {
            "year_quarter": 20061,
            "year": 2006,
            "quarter": 1,
            "eps": 2.48,
            "eps_growth_year": 44.19,
            "eps_4q": 10.33,
            "eps_4q_growth_year": null,
            "roe": 10.37,
            "roe_4q": 51.41,
            "gross_profit": 159983,
            "gross_margin": 38.15,
            "gross_margin_4q_avg": 39.39,
            "net_income": 98710,
            "revenue": 419393,
            "common_shares": 397413,
            "book_valuer_per_share": 25.16,
            "book_valuer_per_share_4q_avg": 21.81,
            "equity": 1000022,
            "current_ratio": 261.46,
            "debt_ratio": 29.86,
            "inventory_turnover_ratio": 1.21,
            "account_receivable_turnover_ratio": null,
            "reinvestment_rate": null,
            "research_to_sale_ratio": null,
            "price_fair": 315.93,
            "eps_avg_yearly": 9.03,
            "eps_latest_yearly": 9.92,
            "eps_growth_yearly": 50.36
        },
        "20062": {
            "year_quarter": 20062,
            "year": 2006,
            "quarter": 2,
            "eps": 2.98,
            "eps_growth_year": 7.97,
            "eps_4q": 10.87,
            "eps_4q_growth_year": 48.54,
            "roe": 12.46,
            "roe_4q": 49.97,
            "gross_profit": 209220,
            "gross_margin": 38.48,
            "gross_margin_4q_avg": 38.67,
            "net_income": 118407,
            "revenue": 543675,
            "common_shares": 397413,
            "book_valuer_per_share": 22.68,
            "book_valuer_per_share_4q_avg": 22.65,
            "equity": 901286,
            "current_ratio": 178.29,
            "debt_ratio": 42.7,
            "inventory_turnover_ratio": 1.89,
            "account_receivable_turnover_ratio": null,
            "reinvestment_rate": null,
            "research_to_sale_ratio": null,
            "price_fair": 330.4,
            "eps_avg_yearly": 9.44,
            "eps_latest_yearly": 11.92,
            "eps_growth_yearly": 54.69
        },
        "20063": {
            "year_quarter": 20063,
            "year": 2006,
            "quarter": 3,
            "eps": 2.03,
            "eps_growth_year": -26.18,
            "eps_4q": 8.63,
            "eps_4q_growth_year": 10.78,
            "roe": 10.41,
            "roe_4q": 45.620000000000005,
            "gross_profit": 146916,
            "gross_margin": 39.26,
            "gross_margin_4q_avg": 38.53,
            "net_income": 99156,
            "revenue": 374172,
            "common_shares": 487713,
            "book_valuer_per_share": 20.57,
            "book_valuer_per_share_4q_avg": 22.78,
            "equity": 1003277,
            "current_ratio": 258.26,
            "debt_ratio": 28.7,
            "inventory_turnover_ratio": 1.34,
            "account_receivable_turnover_ratio": null,
            "reinvestment_rate": null,
            "research_to_sale_ratio": null,
            "price_fair": 324.63,
            "eps_avg_yearly": 9.28,
            "eps_latest_yearly": 8.12,
            "eps_growth_yearly": 31.91
        },
        "20064": {
            "year_quarter": 20064,
            "year": 2006,
            "quarter": 4,
            "eps": 1.95,
            "eps_growth_year": -26.42,
            "eps_4q": 8.43,
            "eps_4q_growth_year": -10.36,
            "roe": 9.05,
            "roe_4q": 42.29,
            "gross_profit": 151203,
            "gross_margin": 39.15,
            "gross_margin_4q_avg": 38.76,
            "net_income": 95244,
            "revenue": 386217,
            "common_shares": 487713,
            "book_valuer_per_share": 22.52,
            "book_valuer_per_share_4q_avg": 22.73,
            "equity": 1101411,
            "current_ratio": 353.5,
            "debt_ratio": 24.16,
            "inventory_turnover_ratio": 1.09,
            "account_receivable_turnover_ratio": null,
            "reinvestment_rate": null,
            "research_to_sale_ratio": null,
            "price_fair": 318.89,
            "eps_avg_yearly": 9.11,
            "eps_latest_yearly": 7.8,
            "eps_growth_yearly": 26.62
        },
        "20071": {
            "year_quarter": 20071,
            "year": 2007,
            "quarter": 1,
            "eps": 1.5,
            "eps_growth_year": -39.52,
            "eps_4q": 7.93,
            "eps_4q_growth_year": -23.3,
            "roe": 6.42,
            "roe_4q": 38.34,
            "gross_profit": 140376,
            "gross_margin": 39.68,
            "gross_margin_4q_avg": 39.14,
            "net_income": 73014,
            "revenue": 353751,
            "common_shares": 487713,
            "book_valuer_per_share": 24.08,
            "book_valuer_per_share_4q_avg": 22.46,
            "equity": 1174210,
            "current_ratio": 274.37,
            "debt_ratio": 27.49,
            "inventory_turnover_ratio": 0.93,
            "account_receivable_turnover_ratio": null,
            "reinvestment_rate": null,
            "research_to_sale_ratio": null,
            "price_fair": 217.56,
            "eps_avg_yearly": 8.8,
            "eps_latest_yearly": 6,
            "eps_growth_yearly": 14.72
        },
        "20072": {
            "year_quarter": 20072,
            "year": 2007,
            "quarter": 2,
            "eps": 2.51,
            "eps_growth_year": -15.77,
            "eps_4q": 7.7,
            "eps_4q_growth_year": -29.15,
            "roe": 12.17,
            "roe_4q": 38.05,
            "gross_profit": 221598,
            "gross_margin": 41.1,
            "gross_margin_4q_avg": 39.8,
            "net_income": 129314,
            "revenue": 539202,
            "common_shares": 487713,
            "book_valuer_per_share": 19.51,
            "book_valuer_per_share_4q_avg": 21.67,
            "equity": 951331,
            "current_ratio": 160.93,
            "debt_ratio": 46.51,
            "inventory_turnover_ratio": 1.72,
            "account_receivable_turnover_ratio": null,
            "reinvestment_rate": null,
            "research_to_sale_ratio": null,
            "price_fair": 311.95,
            "eps_avg_yearly": 8.91,
            "eps_latest_yearly": 10.04,
            "eps_growth_yearly": 37.87
        },
        "20073": {
            "year_quarter": 20073,
            "year": 2007,
            "quarter": 3,
            "eps": 2.02,
            "eps_growth_year": -0.49,
            "eps_4q": 7.79,
            "eps_4q_growth_year": -9.7,
            "roe": 10.36,
            "roe_4q": 38,
            "gross_profit": 210650,
            "gross_margin": 40.96,
            "gross_margin_4q_avg": 40.22,
            "net_income": 104093,
            "revenue": 514261,
            "common_shares": 515621,
            "book_valuer_per_share": 20.51,
            "book_valuer_per_share_4q_avg": 21.66,
            "equity": 1057380,
            "current_ratio": 206.51,
            "debt_ratio": 35.53,
            "inventory_turnover_ratio": 1.42,
            "account_receivable_turnover_ratio": null,
            "reinvestment_rate": null,
            "research_to_sale_ratio": null,
            "price_fair": 309.52,
            "eps_avg_yearly": 8.84,
            "eps_latest_yearly": 8.08,
            "eps_growth_yearly": 28.21
        },
        "20074": {
            "year_quarter": 20074,
            "year": 2007,
            "quarter": 4,
            "eps": 2.43,
            "eps_growth_year": 24.62,
            "eps_4q": 8.37,
            "eps_4q_growth_year": -0.66,
            "roe": 11.18,
            "roe_4q": 40.13,
            "gross_profit": 160710,
            "gross_margin": 39.5,
            "gross_margin_4q_avg": 40.31,
            "net_income": 125367,
            "revenue": 406828,
            "common_shares": 515621,
            "book_valuer_per_share": 22.94,
            "book_valuer_per_share_4q_avg": 21.76,
            "equity": 1185691,
            "current_ratio": 329.24,
            "debt_ratio": 25.53,
            "inventory_turnover_ratio": 0.82,
            "account_receivable_turnover_ratio": null,
            "reinvestment_rate": null,
            "research_to_sale_ratio": null,
            "price_fair": 311.88,
            "eps_avg_yearly": 8.91,
            "eps_latest_yearly": 9.72,
            "eps_growth_yearly": 32.28
        },
        "20081": {
            "year_quarter": 20081,
            "year": 2008,
            "quarter": 1,
            "eps": 1.45,
            "eps_growth_year": -3.33,
            "eps_4q": 8.46,
            "eps_4q_growth_year": 6.77,
            "roe": 6.36,
            "roe_4q": 40.07,
            "gross_profit": 205655,
            "gross_margin": 46.91,
            "gross_margin_4q_avg": 42.12,
            "net_income": 74218,
            "revenue": 438437,
            "common_shares": 515621,
            "book_valuer_per_share": 22.24,
            "book_valuer_per_share_4q_avg": 21.3,
            "equity": 1149054,
            "current_ratio": 297.15,
            "debt_ratio": 27.91,
            "inventory_turnover_ratio": 0.67,
            "account_receivable_turnover_ratio": null,
            "reinvestment_rate": null,
            "research_to_sale_ratio": null,
            "price_fair": 247.22,
            "eps_avg_yearly": 8.69,
            "eps_latest_yearly": 5.8,
            "eps_growth_yearly": 18.45
        },
        "20082": {
            "year_quarter": 20082,
            "year": 2008,
            "quarter": 2,
            "eps": 1.52,
            "eps_growth_year": -39.44,
            "eps_4q": 7.27,
            "eps_4q_growth_year": -5.54,
            "roe": 8.25,
            "roe_4q": 36.15,
            "gross_profit": 231592,
            "gross_margin": 43.3,
            "gross_margin_4q_avg": 42.67,
            "net_income": 80253,
            "revenue": 534843,
            "common_shares": 515621,
            "book_valuer_per_share": 15.4,
            "book_valuer_per_share_4q_avg": 20.27,
            "equity": 796341,
            "current_ratio": 161.64,
            "debt_ratio": 49.73,
            "inventory_turnover_ratio": 0.86,
            "account_receivable_turnover_ratio": null,
            "reinvestment_rate": 22.27,
            "research_to_sale_ratio": null,
            "price_fair": 242.76,
            "eps_avg_yearly": 8.51,
            "eps_latest_yearly": 6.08,
            "eps_growth_yearly": 18.51
        },
        "20083": {
            "year_quarter": 20083,
            "year": 2008,
            "quarter": 3,
            "eps": 1.31,
            "eps_growth_year": -35.15,
            "eps_4q": 6.74,
            "eps_4q_growth_year": -13.59,
            "roe": 8.14,
            "roe_4q": 33.93,
            "gross_profit": 177443,
            "gross_margin": 38.63,
            "gross_margin_4q_avg": 42.09,
            "net_income": 67722,
            "revenue": 459351,
            "common_shares": 534045,
            "book_valuer_per_share": 16.22,
            "book_valuer_per_share_4q_avg": 19.2,
            "equity": 868071,
            "current_ratio": 238.11,
            "debt_ratio": 32.66,
            "inventory_turnover_ratio": 0.82,
            "account_receivable_turnover_ratio": null,
            "reinvestment_rate": 8.39,
            "research_to_sale_ratio": null,
            "price_fair": 198.61,
            "eps_avg_yearly": 8.31,
            "eps_latest_yearly": 5.24,
            "eps_growth_yearly": 13.9
        },
        "20084": {
            "year_quarter": 20084,
            "year": 2008,
            "quarter": 4,
            "eps": 0.8,
            "eps_growth_year": -67.08,
            "eps_4q": 5.17,
            "eps_4q_growth_year": -38.28,
            "roe": 4.61,
            "roe_4q": 27.36,
            "gross_profit": 205316,
            "gross_margin": 42.57,
            "gross_margin_4q_avg": 42.85,
            "net_income": 40958,
            "revenue": 482259,
            "common_shares": 534045,
            "book_valuer_per_share": 17.03,
            "book_valuer_per_share_4q_avg": 17.72,
            "equity": 910702,
            "current_ratio": 246.83,
            "debt_ratio": 32.04,
            "inventory_turnover_ratio": 0.95,
            "account_receivable_turnover_ratio": 5.31,
            "reinvestment_rate": 7.45,
            "research_to_sale_ratio": null,
            "price_fair": 158.01,
            "eps_avg_yearly": 8.22,
            "eps_latest_yearly": 3.2,
            "eps_growth_yearly": 9.23
        },
        "20091": {
            "year_quarter": 20091,
            "year": 2009,
            "quarter": 1,
            "eps": 0.53,
            "eps_growth_year": -63.45,
            "eps_4q": 4.3,
            "eps_4q_growth_year": -49.21,
            "roe": 2.9,
            "roe_4q": 23.9,
            "gross_profit": 137587,
            "gross_margin": 43.43,
            "gross_margin_4q_avg": 41.98,
            "net_income": 26826,
            "revenue": 316816,
            "common_shares": 534045,
            "book_valuer_per_share": 17.56,
            "book_valuer_per_share_4q_avg": 16.55,
            "equity": 938353,
            "current_ratio": 249.17,
            "debt_ratio": 32.02,
            "inventory_turnover_ratio": 0.69,
            "account_receivable_turnover_ratio": 2,
            "reinvestment_rate": 8.02,
            "research_to_sale_ratio": null,
            "price_fair": 23.75,
            "eps_avg_yearly": 7.92,
            "eps_latest_yearly": 2.12,
            "eps_growth_yearly": -10.64
        },
        "20092": {
            "year_quarter": 20092,
            "year": 2009,
            "quarter": 2,
            "eps": 0.88,
            "eps_growth_year": -42.11,
            "eps_4q": 3.49,
            "eps_4q_growth_year": -52.03,
            "roe": 5.44,
            "roe_4q": 21.09,
            "gross_profit": 172717,
            "gross_margin": 44.02,
            "gross_margin_4q_avg": 42.16,
            "net_income": 46427,
            "revenue": 392352,
            "common_shares": 534045,
            "book_valuer_per_share": 14.36,
            "book_valuer_per_share_4q_avg": 16.29,
            "equity": 767369,
            "current_ratio": 176.25,
            "debt_ratio": 44.68,
            "inventory_turnover_ratio": 0.88,
            "account_receivable_turnover_ratio": 2.53,
            "reinvestment_rate": 7.06,
            "research_to_sale_ratio": null,
            "price_fair": 22.34,
            "eps_avg_yearly": 7.45,
            "eps_latest_yearly": 3.52,
            "eps_growth_yearly": -9.25
        },
        "20093": {
            "year_quarter": 20093,
            "year": 2009,
            "quarter": 3,
            "eps": 0.96,
            "eps_growth_year": -26.72,
            "eps_4q": 3.15,
            "eps_4q_growth_year": -53.21,
            "roe": 6.41,
            "roe_4q": 19.360000000000003,
            "gross_profit": 174004,
            "gross_margin": 45.29,
            "gross_margin_4q_avg": 43.83,
            "net_income": 50851,
            "revenue": 384191,
            "common_shares": 549472,
            "book_valuer_per_share": 14.9,
            "book_valuer_per_share_4q_avg": 15.96,
            "equity": 818739,
            "current_ratio": 239.48,
            "debt_ratio": 32.35,
            "inventory_turnover_ratio": 0.84,
            "account_receivable_turnover_ratio": 2.4,
            "reinvestment_rate": 5.6,
            "research_to_sale_ratio": null,
            "price_fair": 21,
            "eps_avg_yearly": 7,
            "eps_latest_yearly": 3.84,
            "eps_growth_yearly": -6.89
        },
        "20094": {
            "year_quarter": 20094,
            "year": 2009,
            "quarter": 4,
            "eps": 0.9,
            "eps_growth_year": 12.5,
            "eps_4q": 3.26,
            "eps_4q_growth_year": -36.84,
            "roe": 5.65,
            "roe_4q": 20.4,
            "gross_profit": 168354,
            "gross_margin": 43.11,
            "gross_margin_4q_avg": 43.96,
            "net_income": 47453,
            "revenue": 390548,
            "common_shares": 549472,
            "book_valuer_per_share": 16.23,
            "book_valuer_per_share_4q_avg": 15.76,
            "equity": 859892,
            "current_ratio": 239.79,
            "debt_ratio": 33.42,
            "inventory_turnover_ratio": 0.88,
            "account_receivable_turnover_ratio": 2.98,
            "reinvestment_rate": 10.92,
            "research_to_sale_ratio": null,
            "price_fair": 19.69,
            "eps_avg_yearly": 6.56,
            "eps_latest_yearly": 3.6,
            "eps_growth_yearly": -7.54
        },
        "20101": {
            "year_quarter": 20101,
            "year": 2010,
            "quarter": 1,
            "eps": 1.11,
            "eps_growth_year": 109.43,
            "eps_4q": 3.86,
            "eps_4q_growth_year": -10.24,
            "roe": 6.62,
            "roe_4q": 24.12,
            "gross_profit": 182007,
            "gross_margin": 42.94,
            "gross_margin_4q_avg": 43.84,
            "net_income": 58757,
            "revenue": 423894,
            "common_shares": 549472,
            "book_valuer_per_share": 17.26,
            "book_valuer_per_share_4q_avg": 15.69,
            "equity": 914256,
            "current_ratio": 228.07,
            "debt_ratio": 35.36,
            "inventory_turnover_ratio": 0.88,
            "account_receivable_turnover_ratio": 1.38,
            "reinvestment_rate": 10.52,
            "research_to_sale_ratio": 4.88,
            "price_fair": 18.66,
            "eps_avg_yearly": 6.22,
            "eps_latest_yearly": 4.44,
            "eps_growth_yearly": -0.1
        },
        "20102": {
            "year_quarter": 20102,
            "year": 2010,
            "quarter": 2,
            "eps": 1.64,
            "eps_growth_year": 86.46,
            "eps_4q": 4.35,
            "eps_4q_growth_year": 24.52,
            "roe": 10.58,
            "roe_4q": 29.26,
            "gross_profit": 247086,
            "gross_margin": 45.51,
            "gross_margin_4q_avg": 44.21,
            "net_income": 96671,
            "revenue": 542896,
            "common_shares": 549472,
            "book_valuer_per_share": 17.07,
            "book_valuer_per_share_4q_avg": 16.37,
            "equity": 912916,
            "current_ratio": 197.79,
            "debt_ratio": 41.64,
            "inventory_turnover_ratio": 0.8,
            "account_receivable_turnover_ratio": 1.07,
            "reinvestment_rate": 10.93,
            "research_to_sale_ratio": 3.49,
            "price_fair": 98.83,
            "eps_avg_yearly": 5.89,
            "eps_latest_yearly": 6.56,
            "eps_growth_yearly": 6.79
        },
        "20103": {
            "year_quarter": 20103,
            "year": 2010,
            "quarter": 3,
            "eps": 1.51,
            "eps_growth_year": 57.35,
            "eps_4q": 4.98,
            "eps_4q_growth_year": 57.99,
            "roe": 9.23,
            "roe_4q": 32.080000000000005,
            "gross_profit": 234886,
            "gross_margin": 43.33,
            "gross_margin_4q_avg": 43.72,
            "net_income": 88624,
            "revenue": 542147,
            "common_shares": 602437,
            "book_valuer_per_share": 17.13,
            "book_valuer_per_share_4q_avg": 16.92,
            "equity": 1007195,
            "current_ratio": 242.74,
            "debt_ratio": 36.31,
            "inventory_turnover_ratio": 0.66,
            "account_receivable_turnover_ratio": 0.9,
            "reinvestment_rate": 11.64,
            "research_to_sale_ratio": 3.08,
            "price_fair": 131.11,
            "eps_avg_yearly": 5.76,
            "eps_latest_yearly": 6.04,
            "eps_growth_yearly": 12.78
        },
        "20104": {
            "year_quarter": 20104,
            "year": 2010,
            "quarter": 4,
            "eps": 1.26,
            "eps_growth_year": 39.84,
            "eps_4q": 5.42,
            "eps_4q_growth_year": 66.19,
            "roe": 6.99,
            "roe_4q": 33.419999999999995,
            "gross_profit": 277888,
            "gross_margin": 46.11,
            "gross_margin_4q_avg": 44.47,
            "net_income": 72650,
            "revenue": 602606,
            "common_shares": 602437,
            "book_valuer_per_share": 18.25,
            "book_valuer_per_share_4q_avg": 17.43,
            "equity": 1071774,
            "current_ratio": 248.51,
            "debt_ratio": 33.03,
            "inventory_turnover_ratio": 0.75,
            "account_receivable_turnover_ratio": 1.26,
            "reinvestment_rate": 9.88,
            "research_to_sale_ratio": 3.58,
            "price_fair": 109.57,
            "eps_avg_yearly": 5.58,
            "eps_latest_yearly": 5.04,
            "eps_growth_yearly": 9.63
        },
        "20111": {
            "year_quarter": 20111,
            "year": 2011,
            "quarter": 1,
            "eps": 1.03,
            "eps_growth_year": -7.21,
            "eps_4q": 5.44,
            "eps_4q_growth_year": 40.95,
            "roe": 5.51,
            "roe_4q": 32.31,
            "gross_profit": 180707,
            "gross_margin": 41.81,
            "gross_margin_4q_avg": 44.19,
            "net_income": 60831,
            "revenue": 432233,
            "common_shares": 592437,
            "book_valuer_per_share": 19.35,
            "book_valuer_per_share_4q_avg": 17.95,
            "equity": 1136937,
            "current_ratio": 240.25,
            "debt_ratio": 34.03,
            "inventory_turnover_ratio": 0.69,
            "account_receivable_turnover_ratio": 1.01,
            "reinvestment_rate": 9.53,
            "research_to_sale_ratio": 4.3,
            "price_fair": 113.85,
            "eps_avg_yearly": 5.47,
            "eps_latest_yearly": 4.12,
            "eps_growth_yearly": 10.83
        },
        "20112": {
            "year_quarter": 20112,
            "year": 2011,
            "quarter": 2,
            "eps": 1.31,
            "eps_growth_year": -20.3,
            "eps_4q": 4.93,
            "eps_4q_growth_year": 13.56,
            "roe": 7.32,
            "roe_4q": 29.05,
            "gross_profit": 226144,
            "gross_margin": 39.98,
            "gross_margin_4q_avg": 42.81,
            "net_income": 79007,
            "revenue": 565575,
            "common_shares": 609916,
            "book_valuer_per_share": 16.62,
            "book_valuer_per_share_4q_avg": 17.84,
            "equity": 1022075,
            "current_ratio": 164.4,
            "debt_ratio": 49.84,
            "inventory_turnover_ratio": 0.87,
            "account_receivable_turnover_ratio": 1.06,
            "reinvestment_rate": 15.86,
            "research_to_sale_ratio": 3.09,
            "price_fair": 51.65,
            "eps_avg_yearly": 5.17,
            "eps_latest_yearly": 5.24,
            "eps_growth_yearly": 0.8
        },
        "20113": {
            "year_quarter": 20113,
            "year": 2011,
            "quarter": 3,
            "eps": 1.77,
            "eps_growth_year": 17.37,
            "eps_4q": 5.26,
            "eps_4q_growth_year": 5.73,
            "roe": 10.14,
            "roe_4q": 29.96,
            "gross_profit": 233517,
            "gross_margin": 37.5,
            "gross_margin_4q_avg": 41.35,
            "net_income": 109377,
            "revenue": 622649,
            "common_shares": 609916,
            "book_valuer_per_share": 18.44,
            "book_valuer_per_share_4q_avg": 18.17,
            "equity": 1135251,
            "current_ratio": 239.4,
            "debt_ratio": 33.83,
            "inventory_turnover_ratio": 0.95,
            "account_receivable_turnover_ratio": 0.97,
            "reinvestment_rate": 18.57,
            "research_to_sale_ratio": 3.65,
            "price_fair": 124.78,
            "eps_avg_yearly": 5.1,
            "eps_latest_yearly": 7.08,
            "eps_growth_yearly": 14.45
        },
        "20114": {
            "year_quarter": 20114,
            "year": 2011,
            "quarter": 4,
            "eps": 1.16,
            "eps_growth_year": -7.9,
            "eps_4q": 5.22,
            "eps_4q_growth_year": -3.71,
            "roe": 6,
            "roe_4q": 28.97,
            "gross_profit": 241162,
            "gross_margin": 43.05,
            "gross_margin_4q_avg": 40.59,
            "net_income": 70668,
            "revenue": 560136,
            "common_shares": 609916,
            "book_valuer_per_share": 19.84,
            "book_valuer_per_share_4q_avg": 18.56,
            "equity": 1219741,
            "current_ratio": 232.88,
            "debt_ratio": 33.64,
            "inventory_turnover_ratio": 0.85,
            "account_receivable_turnover_ratio": 0.94,
            "reinvestment_rate": 19.35,
            "research_to_sale_ratio": 4.57,
            "price_fair": 47.85,
            "eps_avg_yearly": 4.79,
            "eps_latest_yearly": 4.64,
            "eps_growth_yearly": 0.76
        },
        "20121": {
            "year_quarter": 20121,
            "year": 2012,
            "quarter": 1,
            "eps": 1.03,
            "eps_growth_year": 0,
            "eps_4q": 5.27,
            "eps_4q_growth_year": -3.03,
            "roe": 5.03,
            "roe_4q": 28.490000000000002,
            "gross_profit": 192714,
            "gross_margin": 41.79,
            "gross_margin_4q_avg": 40.58,
            "net_income": 62873,
            "revenue": 461194,
            "common_shares": 609916,
            "book_valuer_per_share": 20.86,
            "book_valuer_per_share_4q_avg": 18.94,
            "equity": 1281965,
            "current_ratio": 216.09,
            "debt_ratio": 35.86,
            "inventory_turnover_ratio": 0.72,
            "account_receivable_turnover_ratio": 0.89,
            "reinvestment_rate": 22.33,
            "research_to_sale_ratio": 4.06,
            "price_fair": 84.45,
            "eps_avg_yearly": 4.68,
            "eps_latest_yearly": 4.12,
            "eps_growth_yearly": 8.05
        },
        "20122": {
            "year_quarter": 20122,
            "year": 2012,
            "quarter": 2,
            "eps": 1.64,
            "eps_growth_year": 25.63,
            "eps_4q": 5.49,
            "eps_4q_growth_year": 11.3,
            "roe": 8.52,
            "roe_4q": 29.69,
            "gross_profit": 244650,
            "gross_margin": 39.82,
            "gross_margin_4q_avg": 40.54,
            "net_income": 102776,
            "revenue": 614374,
            "common_shares": 609916,
            "book_valuer_per_share": 18.22,
            "book_valuer_per_share_4q_avg": 19.34,
            "equity": 1129820,
            "current_ratio": 162.4,
            "debt_ratio": 48.03,
            "inventory_turnover_ratio": 0.96,
            "account_receivable_turnover_ratio": 1.05,
            "reinvestment_rate": 27.21,
            "research_to_sale_ratio": 4,
            "price_fair": 149.05,
            "eps_avg_yearly": 4.71,
            "eps_latest_yearly": 6.56,
            "eps_growth_yearly": 21.64
        },
        "20123": {
            "year_quarter": 20123,
            "year": 2012,
            "quarter": 3,
            "eps": 1.61,
            "eps_growth_year": -9.26,
            "eps_4q": 5.38,
            "eps_4q_growth_year": 2.19,
            "roe": 8.44,
            "roe_4q": 27.990000000000002,
            "gross_profit": 267899,
            "gross_margin": 41.79,
            "gross_margin_4q_avg": 41.61,
            "net_income": 99525,
            "revenue": 641006,
            "common_shares": 628213,
            "book_valuer_per_share": 19.3,
            "book_valuer_per_share_4q_avg": 19.56,
            "equity": 1229795,
            "current_ratio": 207.65,
            "debt_ratio": 37.38,
            "inventory_turnover_ratio": 0.98,
            "account_receivable_turnover_ratio": 0.96,
            "reinvestment_rate": 25.8,
            "research_to_sale_ratio": 3.48,
            "price_fair": 165.76,
            "eps_avg_yearly": 4.79,
            "eps_latest_yearly": 6.44,
            "eps_growth_yearly": 24.64
        },
        "20124": {
            "year_quarter": 20124,
            "year": 2012,
            "quarter": 4,
            "eps": 1.73,
            "eps_growth_year": 48.93,
            "eps_4q": 5.98,
            "eps_4q_growth_year": 14.54,
            "roe": 8.34,
            "roe_4q": 30.330000000000002,
            "gross_profit": 248448,
            "gross_margin": 40.85,
            "gross_margin_4q_avg": 41.06,
            "net_income": 106864,
            "revenue": 608152,
            "common_shares": 628213,
            "book_valuer_per_share": 20.97,
            "book_valuer_per_share_4q_avg": 19.84,
            "equity": 1333841,
            "current_ratio": 243.11,
            "debt_ratio": 32.34,
            "inventory_turnover_ratio": 0.99,
            "account_receivable_turnover_ratio": 0.98,
            "reinvestment_rate": 24.38,
            "research_to_sale_ratio": 3.75,
            "price_fair": 175.61,
            "eps_avg_yearly": 5.02,
            "eps_latest_yearly": 6.92,
            "eps_growth_yearly": 36.24
        },
        "20131": {
            "year_quarter": 20131,
            "year": 2013,
            "quarter": 1,
            "eps": 1.42,
            "eps_growth_year": 37.86,
            "eps_4q": 6.39,
            "eps_4q_growth_year": 21.28,
            "roe": 6.43,
            "roe_4q": 31.73,
            "gross_profit": 219380,
            "gross_margin": 40.39,
            "gross_margin_4q_avg": 40.71,
            "net_income": 87959,
            "revenue": 543152,
            "common_shares": 628213,
            "book_valuer_per_share": 22.07,
            "book_valuer_per_share_4q_avg": 20.14,
            "equity": 1402413,
            "current_ratio": 155.37,
            "debt_ratio": 40.99,
            "inventory_turnover_ratio": 0.87,
            "account_receivable_turnover_ratio": 1.21,
            "reinvestment_rate": 40.87,
            "research_to_sale_ratio": 4.09,
            "price_fair": 183.4,
            "eps_avg_yearly": 5.24,
            "eps_latest_yearly": 5.68,
            "eps_growth_yearly": 40.19
        },
        "20132": {
            "year_quarter": 20132,
            "year": 2013,
            "quarter": 2,
            "eps": 2,
            "eps_growth_year": 21.74,
            "eps_4q": 6.6,
            "eps_4q_growth_year": 20.09,
            "roe": 9.67,
            "roe_4q": 32.88,
            "gross_profit": 289207,
            "gross_margin": 42.28,
            "gross_margin_4q_avg": 41.33,
            "net_income": 126556,
            "revenue": 684086,
            "common_shares": 628213,
            "book_valuer_per_share": 19.14,
            "book_valuer_per_share_4q_avg": 20.37,
            "equity": 1214562,
            "current_ratio": 122.97,
            "debt_ratio": 51.4,
            "inventory_turnover_ratio": 0.93,
            "account_receivable_turnover_ratio": 1.86,
            "reinvestment_rate": 39.41,
            "research_to_sale_ratio": 3.51,
            "price_fair": 193.2,
            "eps_avg_yearly": 5.52,
            "eps_latest_yearly": 8,
            "eps_growth_yearly": 33.9
        },
        "20133": {
            "year_quarter": 20133,
            "year": 2013,
            "quarter": 3,
            "eps": 2.11,
            "eps_growth_year": 31.17,
            "eps_4q": 7.15,
            "eps_4q_growth_year": 32.89,
            "roe": 10.68,
            "roe_4q": 35.120000000000005,
            "gross_profit": 301936,
            "gross_margin": 42.22,
            "gross_margin_4q_avg": 41.44,
            "net_income": 136892,
            "revenue": 715207,
            "common_shares": 650200,
            "book_valuer_per_share": 20.58,
            "book_valuer_per_share_4q_avg": 20.69,
            "equity": 1349209,
            "current_ratio": 137.29,
            "debt_ratio": 44.88,
            "inventory_turnover_ratio": 0.88,
            "account_receivable_turnover_ratio": 1.67,
            "reinvestment_rate": 39.59,
            "research_to_sale_ratio": 3.3,
            "price_fair": 203.26,
            "eps_avg_yearly": 5.81,
            "eps_latest_yearly": 8.44,
            "eps_growth_yearly": 33
        },
        "20134": {
            "year_quarter": 20134,
            "year": 2013,
            "quarter": 4,
            "eps": 2.32,
            "eps_growth_year": 34.63,
            "eps_4q": 7.81,
            "eps_4q_growth_year": 30.51,
            "roe": 10.52,
            "roe_4q": 37.3,
            "gross_profit": 309552,
            "gross_margin": 40.26,
            "gross_margin_4q_avg": 41.29,
            "net_income": 149799,
            "revenue": 768886,
            "common_shares": 650200,
            "book_valuer_per_share": 22.91,
            "book_valuer_per_share_4q_avg": 21.18,
            "equity": 1499869,
            "current_ratio": 155.42,
            "debt_ratio": 39.31,
            "inventory_turnover_ratio": 0.94,
            "account_receivable_turnover_ratio": 1.75,
            "reinvestment_rate": 32.03,
            "research_to_sale_ratio": 3.14,
            "price_fair": 215.69,
            "eps_avg_yearly": 6.16,
            "eps_latest_yearly": 9.28,
            "eps_growth_yearly": 37.05
        },
        "20141": {
            "year_quarter": 20141,
            "year": 2014,
            "quarter": 1,
            "eps": 2.36,
            "eps_growth_year": 66.2,
            "eps_4q": 8.79,
            "eps_4q_growth_year": 37.51,
            "roe": 9.84,
            "roe_4q": 40.71,
            "gross_profit": 307216,
            "gross_margin": 41.05,
            "gross_margin_4q_avg": 41.45,
            "net_income": 155883,
            "revenue": 748309,
            "common_shares": 650200,
            "book_valuer_per_share": 25.24,
            "book_valuer_per_share_4q_avg": 21.97,
            "equity": 1667863,
            "current_ratio": 175.61,
            "debt_ratio": 35.49,
            "inventory_turnover_ratio": 0.87,
            "account_receivable_turnover_ratio": 1.6,
            "reinvestment_rate": 31.07,
            "research_to_sale_ratio": 3.47,
            "price_fair": 226.63,
            "eps_avg_yearly": 6.48,
            "eps_latest_yearly": 9.44,
            "eps_growth_yearly": 31.65
        },
        "20142": {
            "year_quarter": 20142,
            "year": 2014,
            "quarter": 2,
            "eps": 2.4,
            "eps_growth_year": 20,
            "eps_4q": 9.16,
            "eps_4q_growth_year": 38.85,
            "roe": 10.29,
            "roe_4q": 41.33,
            "gross_profit": 314417,
            "gross_margin": 41.79,
            "gross_margin_4q_avg": 41.33,
            "net_income": 156855,
            "revenue": 752410,
            "common_shares": 650200,
            "book_valuer_per_share": 20.85,
            "book_valuer_per_share_4q_avg": 22.4,
            "equity": 1381634,
            "current_ratio": 131.33,
            "debt_ratio": 46.56,
            "inventory_turnover_ratio": 0.82,
            "account_receivable_turnover_ratio": 1.54,
            "reinvestment_rate": 29.64,
            "research_to_sale_ratio": 2.84,
            "price_fair": 200.84,
            "eps_avg_yearly": 6.67,
            "eps_latest_yearly": 9.6,
            "eps_growth_yearly": 20.13
        },
        "20143": {
            "year_quarter": 20143,
            "year": 2014,
            "quarter": 3,
            "eps": 2.04,
            "eps_growth_year": -3.32,
            "eps_4q": 9.1,
            "eps_4q_growth_year": 27.25,
            "roe": 9.09,
            "roe_4q": 39.739999999999995,
            "gross_profit": 275047,
            "gross_margin": 42.84,
            "gross_margin_4q_avg": 41.49,
            "net_income": 133826,
            "revenue": 642085,
            "common_shares": 653451,
            "book_valuer_per_share": 23.45,
            "book_valuer_per_share_4q_avg": 23.11,
            "equity": 1562810,
            "current_ratio": 240.95,
            "debt_ratio": 53.34,
            "inventory_turnover_ratio": 0.69,
            "account_receivable_turnover_ratio": 1.32,
            "reinvestment_rate": 31.82,
            "research_to_sale_ratio": 3.75,
            "price_fair": 192.82,
            "eps_avg_yearly": 6.8,
            "eps_latest_yearly": 8.16,
            "eps_growth_yearly": 18.37
        },
        "20144": {
            "year_quarter": 20144,
            "year": 2014,
            "quarter": 4,
            "eps": 2.09,
            "eps_growth_year": -9.92,
            "eps_4q": 8.88,
            "eps_4q_growth_year": 13.74,
            "roe": 8.5,
            "roe_4q": 37.72,
            "gross_profit": 280436,
            "gross_margin": 41.44,
            "gross_margin_4q_avg": 41.78,
            "net_income": 138727,
            "revenue": 676671,
            "common_shares": 653451,
            "book_valuer_per_share": 25.55,
            "book_valuer_per_share_4q_avg": 23.77,
            "equity": 1702559,
            "current_ratio": 311.21,
            "debt_ratio": 47.29,
            "inventory_turnover_ratio": 0.75,
            "account_receivable_turnover_ratio": 1.36,
            "reinvestment_rate": 35.54,
            "research_to_sale_ratio": 3.69,
            "price_fair": 231.99,
            "eps_avg_yearly": 7.01,
            "eps_latest_yearly": 8.36,
            "eps_growth_yearly": 23.12
        },
        "20151": {
            "year_quarter": 20151,
            "year": 2015,
            "quarter": 1,
            "eps": 1.68,
            "eps_growth_year": -28.81,
            "eps_4q": 8.21,
            "eps_4q_growth_year": -6.63,
            "roe": 6.36,
            "roe_4q": 34.239999999999995,
            "gross_profit": 271483,
            "gross_margin": 41.11,
            "gross_margin_4q_avg": 41.8,
            "net_income": 111739,
            "revenue": 660427,
            "common_shares": 653451,
            "book_valuer_per_share": 27.23,
            "book_valuer_per_share_4q_avg": 24.27,
            "equity": 1814035,
            "current_ratio": 301.43,
            "debt_ratio": 46.06,
            "inventory_turnover_ratio": 0.75,
            "account_receivable_turnover_ratio": 1.26,
            "reinvestment_rate": 40.36,
            "research_to_sale_ratio": 3.31,
            "price_fair": 234.93,
            "eps_avg_yearly": 7.17,
            "eps_latest_yearly": 6.72,
            "eps_growth_yearly": 22.78
        },
        "20152": {
            "year_quarter": 20152,
            "year": 2015,
            "quarter": 2,
            "eps": 2.32,
            "eps_growth_year": -3.33,
            "eps_4q": 7.93,
            "eps_4q_growth_year": -13.42,
            "roe": 9.61,
            "roe_4q": 33.56,
            "gross_profit": 330193,
            "gross_margin": 43.4,
            "gross_margin_4q_avg": 42.2,
            "net_income": 158260,
            "revenue": 760815,
            "common_shares": 653451,
            "book_valuer_per_share": 22.1,
            "book_valuer_per_share_4q_avg": 24.58,
            "equity": 1480033,
            "current_ratio": 185.26,
            "debt_ratio": 58.13,
            "inventory_turnover_ratio": 0.8,
            "account_receivable_turnover_ratio": 1.38,
            "reinvestment_rate": 37.26,
            "research_to_sale_ratio": 3.92,
            "price_fair": 259.7,
            "eps_avg_yearly": 7.42,
            "eps_latest_yearly": 9.28,
            "eps_growth_yearly": 25.5
        },
        "20153": {
            "year_quarter": 20153,
            "year": 2015,
            "quarter": 3,
            "eps": 3.01,
            "eps_growth_year": 47.55,
            "eps_4q": 8.98,
            "eps_4q_growth_year": -1.31,
            "roe": 12.85,
            "roe_4q": 37.32,
            "gross_profit": 342026,
            "gross_margin": 42.93,
            "gross_margin_4q_avg": 42.22,
            "net_income": 203478,
            "revenue": 796739,
            "common_shares": 676322,
            "book_valuer_per_share": 24.41,
            "book_valuer_per_share_4q_avg": 24.82,
            "equity": 1687640,
            "current_ratio": 207.4,
            "debt_ratio": 53.78,
            "inventory_turnover_ratio": 0.77,
            "account_receivable_turnover_ratio": 1.39,
            "reinvestment_rate": 37.42,
            "research_to_sale_ratio": 2.96,
            "price_fair": 264.07,
            "eps_avg_yearly": 7.73,
            "eps_latest_yearly": 12.04,
            "eps_growth_yearly": 24.16
        },
        "20154": {
            "year_quarter": 20154,
            "year": 2015,
            "quarter": 4,
            "eps": 2.16,
            "eps_growth_year": 3.2,
            "eps_4q": 9.12,
            "eps_4q_growth_year": 2.68,
            "roe": 8.28,
            "roe_4q": 37.1,
            "gross_profit": 330719,
            "gross_margin": 41.08,
            "gross_margin_4q_avg": 42.13,
            "net_income": 145493,
            "revenue": 805155,
            "common_shares": 676322,
            "book_valuer_per_share": 26.46,
            "book_valuer_per_share_4q_avg": 25.05,
            "equity": 1824934,
            "current_ratio": 228.56,
            "debt_ratio": 50.17,
            "inventory_turnover_ratio": 0.75,
            "account_receivable_turnover_ratio": 1.42,
            "reinvestment_rate": 38.06,
            "research_to_sale_ratio": 2.89,
            "price_fair": 279.3,
            "eps_avg_yearly": 7.98,
            "eps_latest_yearly": 8.64,
            "eps_growth_yearly": 25.72
        },
        "20161": {
            "year_quarter": 20161,
            "year": 2016,
            "quarter": 1,
            "eps": 1.75,
            "eps_growth_year": 4.17,
            "eps_4q": 9.24,
            "eps_4q_growth_year": 12.55,
            "roe": 6.46,
            "roe_4q": 37.199999999999996,
            "gross_profit": 317853,
            "gross_margin": 43.05,
            "gross_margin_4q_avg": 42.62,
            "net_income": 121803,
            "revenue": 738374,
            "common_shares": 676322,
            "book_valuer_per_share": 28.21,
            "book_valuer_per_share_4q_avg": 25.3,
            "equity": 1947413,
            "current_ratio": 255.13,
            "debt_ratio": 46.54,
            "inventory_turnover_ratio": 0.65,
            "account_receivable_turnover_ratio": 1.35,
            "reinvestment_rate": 37.45,
            "research_to_sale_ratio": 2.98,
            "price_fair": 275.59,
            "eps_avg_yearly": 8.16,
            "eps_latest_yearly": 7,
            "eps_growth_yearly": 23.77
        },
        "20162": {
            "year_quarter": 20162,
            "year": 2016,
            "quarter": 2,
            "eps": 2.5,
            "eps_growth_year": 7.76,
            "eps_4q": 9.19,
            "eps_4q_growth_year": 15.92,
            "roe": 9.88,
            "roe_4q": 37.47,
            "gross_profit": 351736,
            "gross_margin": 43.76,
            "gross_margin_4q_avg": 42.71,
            "net_income": 175016,
            "revenue": 803709,
            "common_shares": 676322,
            "book_valuer_per_share": 22.93,
            "book_valuer_per_share_4q_avg": 25.5,
            "equity": 1595631,
            "current_ratio": 159.56,
            "debt_ratio": 57.63,
            "inventory_turnover_ratio": 0.71,
            "account_receivable_turnover_ratio": 1.46,
            "reinvestment_rate": 39.89,
            "research_to_sale_ratio": 2.93,
            "price_fair": 248.59,
            "eps_avg_yearly": 8.38,
            "eps_latest_yearly": 10,
            "eps_growth_yearly": 19.68
        },
        "20163": {
            "year_quarter": 20163,
            "year": 2016,
            "quarter": 3,
            "eps": 1.41,
            "eps_growth_year": -53.16,
            "eps_4q": 7.66,
            "eps_4q_growth_year": -14.71,
            "roe": 6.04,
            "roe_4q": 30.660000000000004,
            "gross_profit": 398799,
            "gross_margin": 43.75,
            "gross_margin_4q_avg": 42.91,
            "net_income": 98566,
            "revenue": 911591,
            "common_shares": 693230,
            "book_valuer_per_share": 23.39,
            "book_valuer_per_share_4q_avg": 25.25,
            "equity": 1668074,
            "current_ratio": 55.52,
            "debt_ratio": 77.33,
            "inventory_turnover_ratio": 0.72,
            "account_receivable_turnover_ratio": 1.38,
            "reinvestment_rate": 44.23,
            "research_to_sale_ratio": 3.49,
            "price_fair": 160.17,
            "eps_avg_yearly": 8.33,
            "eps_latest_yearly": 5.64,
            "eps_growth_yearly": 9.24
        },
        "20164": {
            "year_quarter": 20164,
            "year": 2016,
            "quarter": 4,
            "eps": 3.63,
            "eps_growth_year": 68.09,
            "eps_4q": 8.91,
            "eps_4q_growth_year": -2.3,
            "roe": 12.38,
            "roe_4q": 34.760000000000005,
            "gross_profit": 562782,
            "gross_margin": 42.04,
            "gross_margin_4q_avg": 43.15,
            "net_income": 267747,
            "revenue": 1338701,
            "common_shares": 729396,
            "book_valuer_per_share": 35.77,
            "book_valuer_per_share_4q_avg": 27.58,
            "equity": 2658876,
            "current_ratio": 106.32,
            "debt_ratio": 65.43,
            "inventory_turnover_ratio": 1,
            "account_receivable_turnover_ratio": 1.77,
            "reinvestment_rate": 43.85,
            "research_to_sale_ratio": 4.49,
            "price_fair": 308,
            "eps_avg_yearly": 8.8,
            "eps_latest_yearly": 14.52,
            "eps_growth_yearly": 46.74
        },
        "20171": {
            "year_quarter": 20171,
            "year": 2017,
            "quarter": 1,
            "eps": 1.25,
            "eps_growth_year": -28.57,
            "eps_4q": 8.53,
            "eps_4q_growth_year": -7.66,
            "roe": 3.88,
            "roe_4q": 32.18,
            "gross_profit": 463304,
            "gross_margin": 41.83,
            "gross_margin_4q_avg": 42.85,
            "net_income": 102853,
            "revenue": 1107663,
            "common_shares": 729426,
            "book_valuer_per_share": 35.37,
            "book_valuer_per_share_4q_avg": 29.37,
            "equity": 2641258,
            "current_ratio": 107.24,
            "debt_ratio": 64.26,
            "inventory_turnover_ratio": 0.84,
            "account_receivable_turnover_ratio": 1.53,
            "reinvestment_rate": 38.04,
            "research_to_sale_ratio": 4.19,
            "price_fair": 306.51,
            "eps_avg_yearly": 8.76,
            "eps_latest_yearly": 5,
            "eps_growth_yearly": 34.83
        },
        "20172": {
            "year_quarter": 20172,
            "year": 2017,
            "quarter": 2,
            "eps": 2.09,
            "eps_growth_year": -16.4,
            "eps_4q": 8.09,
            "eps_4q_growth_year": -11.95,
            "roe": 6.41,
            "roe_4q": 28.71,
            "gross_profit": 493533,
            "gross_margin": 40.44,
            "gross_margin_4q_avg": 42.02,
            "net_income": 158171,
            "revenue": 1220293,
            "common_shares": 729426,
            "book_valuer_per_share": 30.39,
            "book_valuer_per_share_4q_avg": 31.23,
            "equity": 2297145,
            "current_ratio": 97.02,
            "debt_ratio": 70.86,
            "inventory_turnover_ratio": 0.85,
            "account_receivable_turnover_ratio": 1.58,
            "reinvestment_rate": 34.46,
            "research_to_sale_ratio": 3.59,
            "price_fair": 307.3,
            "eps_avg_yearly": 8.78,
            "eps_latest_yearly": 8.36,
            "eps_growth_yearly": 41.42
        },
        "20173": {
            "year_quarter": 20173,
            "year": 2017,
            "quarter": 3,
            "eps": 3.55,
            "eps_growth_year": 151.77,
            "eps_4q": 10.33,
            "eps_4q_growth_year": 34.93,
            "roe": 11.14,
            "roe_4q": 33.81,
            "gross_profit": 471320,
            "gross_margin": 39.98,
            "gross_margin_4q_avg": 41.07,
            "net_income": 271472,
            "revenue": 1178912,
            "common_shares": 733789,
            "book_valuer_per_share": 34.1,
            "book_valuer_per_share_4q_avg": 33.91,
            "equity": 2576912,
            "current_ratio": 102.38,
            "debt_ratio": 66.97,
            "inventory_turnover_ratio": 0.8,
            "account_receivable_turnover_ratio": 1.45,
            "reinvestment_rate": 31.74,
            "research_to_sale_ratio": 4.17,
            "price_fair": 319.9,
            "eps_avg_yearly": 9.14,
            "eps_latest_yearly": 14.2,
            "eps_growth_yearly": 57.5
        },
        "20174": {
            "year_quarter": 20174,
            "year": 2017,
            "quarter": 4,
            "eps": 2.8,
            "eps_growth_year": -22.86,
            "eps_4q": 9.6,
            "eps_4q_growth_year": 7.77,
            "roe": 7.49,
            "roe_4q": 28.92,
            "gross_profit": 740329,
            "gross_margin": 34.17,
            "gross_margin_4q_avg": 39.11,
            "net_income": 219215,
            "revenue": 2166542,
            "common_shares": 749218,
            "book_valuer_per_share": 36.41,
            "book_valuer_per_share_4q_avg": 34.07,
            "equity": 3274955,
            "current_ratio": 153.78,
            "debt_ratio": 78.22,
            "inventory_turnover_ratio": 1.06,
            "account_receivable_turnover_ratio": 1.86,
            "reinvestment_rate": 164.91,
            "research_to_sale_ratio": 4.72,
            "price_fair": 324.1,
            "eps_avg_yearly": 9.26,
            "eps_latest_yearly": 11.2,
            "eps_growth_yearly": 49.73
        },
        "20181": {
            "year_quarter": 20181,
            "year": 2018,
            "quarter": 1,
            "eps": 1.87,
            "eps_growth_year": 49.6,
            "eps_4q": 10.51,
            "eps_4q_growth_year": 23.21,
            "roe": 5.26,
            "roe_4q": 30.3,
            "gross_profit": 747167,
            "gross_margin": 33.42,
            "gross_margin_4q_avg": 37,
            "net_income": 164836,
            "revenue": 2236018,
            "common_shares": 749218,
            "book_valuer_per_share": 37.93,
            "book_valuer_per_share_4q_avg": 34.71,
            "equity": 2992156,
            "current_ratio": 149.89,
            "debt_ratio": 78.98,
            "inventory_turnover_ratio": 0.8,
            "account_receivable_turnover_ratio": 1.59,
            "reinvestment_rate": 154.53,
            "research_to_sale_ratio": 4.94,
            "price_fair": 319.81,
            "eps_avg_yearly": 9.14,
            "eps_latest_yearly": 7.48,
            "eps_growth_yearly": 41
        },
        "20182": {
            "year_quarter": 20182,
            "year": 2018,
            "quarter": 2,
            "eps": 2.15,
            "eps_growth_year": 2.87,
            "eps_4q": 11.01,
            "eps_4q_growth_year": 36.03,
            "roe": 6.74,
            "roe_4q": 30.630000000000003,
            "gross_profit": 793137,
            "gross_margin": 32.35,
            "gross_margin_4q_avg": 34.98,
            "net_income": 192228,
            "revenue": 2451519,
            "common_shares": 749218,
            "book_valuer_per_share": 34.2,
            "book_valuer_per_share_4q_avg": 35.66,
            "equity": 2711577,
            "current_ratio": 138.72,
            "debt_ratio": 81.35,
            "inventory_turnover_ratio": 0.83,
            "account_receivable_turnover_ratio": 1.81,
            "reinvestment_rate": 142.72,
            "research_to_sale_ratio": 4.6,
            "price_fair": 317.63,
            "eps_avg_yearly": 9.08,
            "eps_latest_yearly": 8.6,
            "eps_growth_yearly": 44.32
        },
        "20183": {
            "year_quarter": 20183,
            "year": 2018,
            "quarter": 3,
            "eps": 3.4,
            "eps_growth_year": -4.23,
            "eps_4q": 11.76,
            "eps_4q_growth_year": 13.88,
            "roe": 11.31,
            "roe_4q": 30.800000000000004,
            "gross_profit": 796413,
            "gross_margin": 32.33,
            "gross_margin_4q_avg": 33.07,
            "net_income": 324227,
            "revenue": 2463083,
            "common_shares": 749218,
            "book_valuer_per_share": 38.36,
            "book_valuer_per_share_4q_avg": 36.73,
            "equity": 3022538,
            "current_ratio": 154.47,
            "debt_ratio": 78.81,
            "inventory_turnover_ratio": 0.77,
            "account_receivable_turnover_ratio": 1.7,
            "reinvestment_rate": 128.82,
            "research_to_sale_ratio": 4.58,
            "price_fair": 329.53,
            "eps_avg_yearly": 9.42,
            "eps_latest_yearly": 13.6,
            "eps_growth_yearly": 62.6
        },
        "20184": {
            "year_quarter": 20184,
            "year": 2018,
            "quarter": 4,
            "eps": 1.05,
            "eps_growth_year": -62.68,
            "eps_4q": 10.01,
            "eps_4q_growth_year": 4.29,
            "roe": 2.46,
            "roe_4q": 25.769999999999996,
            "gross_profit": 849719,
            "gross_margin": 31.77,
            "gross_margin_4q_avg": 32.47,
            "net_income": 75636,
            "revenue": 2674996,
            "common_shares": 749218,
            "book_valuer_per_share": 39.76,
            "book_valuer_per_share_4q_avg": 37.56,
            "equity": 3126975,
            "current_ratio": 120.51,
            "debt_ratio": 77.85,
            "inventory_turnover_ratio": 0.83,
            "account_receivable_turnover_ratio": 1.82,
            "reinvestment_rate": 126.35,
            "research_to_sale_ratio": 4.72,
            "price_fair": 320.43,
            "eps_avg_yearly": 9.16,
            "eps_latest_yearly": 4.2,
            "eps_growth_yearly": 44.71
        },
        "20191": {
            "year_quarter": 20191,
            "year": 2019,
            "quarter": 1,
            "eps": 1.5,
            "eps_growth_year": -19.79,
            "eps_4q": 9.38,
            "eps_4q_growth_year": -10.78,
            "roe": 3.58,
            "roe_4q": 24.090000000000003,
            "gross_profit": 777938,
            "gross_margin": 34,
            "gross_margin_4q_avg": 32.61,
            "net_income": 114120,
            "revenue": 2287900,
            "common_shares": 749218,
            "book_valuer_per_share": 41.41,
            "book_valuer_per_share_4q_avg": 38.43,
            "equity": 3255716,
            "current_ratio": 125.16,
            "debt_ratio": 77.38,
            "inventory_turnover_ratio": 0.67,
            "account_receivable_turnover_ratio": 1.65,
            "reinvestment_rate": 105.8,
            "research_to_sale_ratio": 4.67,
            "price_fair": 318.85,
            "eps_avg_yearly": 9.11,
            "eps_latest_yearly": 6,
            "eps_growth_yearly": 60.33
        },
        "20192": {
            "year_quarter": 20192,
            "year": 2019,
            "quarter": 2,
            "eps": 1.5,
            "eps_growth_year": -30.23,
            "eps_4q": 8.35,
            "eps_4q_growth_year": -24.19,
            "roe": 3.91,
            "roe_4q": 21.259999999999998,
            "gross_profit": 850979,
            "gross_margin": 34.72,
            "gross_margin_4q_avg": 33.21,
            "net_income": 120770,
            "revenue": 2451096,
            "common_shares": 749218,
            "book_valuer_per_share": 36.81,
            "book_valuer_per_share_4q_avg": 39.09,
            "equity": 2915711,
            "current_ratio": 116.72,
            "debt_ratio": 79.96,
            "inventory_turnover_ratio": 0.68,
            "account_receivable_turnover_ratio": 1.82,
            "reinvestment_rate": 105.13,
            "research_to_sale_ratio": 4.53,
            "price_fair": 311.68,
            "eps_avg_yearly": 8.91,
            "eps_latest_yearly": 6,
            "eps_growth_yearly": 50.81
        },
        "20193": {
            "year_quarter": 20193,
            "year": 2019,
            "quarter": 3,
            "eps": 1.96,
            "eps_growth_year": -42.35,
            "eps_4q": 6,
            "eps_4q_growth_year": -49,
            "roe": 5.34,
            "roe_4q": 15.29,
            "gross_profit": 873831,
            "gross_margin": 34.08,
            "gross_margin_4q_avg": 33.64,
            "net_income": 159136,
            "revenue": 2564334,
            "common_shares": 749218,
            "book_valuer_per_share": 38.42,
            "book_valuer_per_share_4q_avg": 39.1,
            "equity": 3049665,
            "current_ratio": 123.78,
            "debt_ratio": 79.05,
            "inventory_turnover_ratio": 0.74,
            "account_receivable_turnover_ratio": 1.75,
            "reinvestment_rate": 101.03,
            "research_to_sale_ratio": 4.57,
            "price_fair": 302.49,
            "eps_avg_yearly": 8.64,
            "eps_latest_yearly": 7.84,
            "eps_growth_yearly": 51.04
        },
        "20194": {
            "year_quarter": 20194,
            "year": 2019,
            "quarter": 4,
            "eps": 1.17,
            "eps_growth_year": 12,
            "eps_4q": 6.13,
            "eps_4q_growth_year": -38.79,
            "roe": 3.03,
            "roe_4q": 15.86,
            "gross_profit": 886906,
            "gross_margin": 36.31,
            "gross_margin_4q_avg": 34.78,
            "net_income": 91897,
            "revenue": 2442298,
            "common_shares": 749218,
            "book_valuer_per_share": 37.94,
            "book_valuer_per_share_4q_avg": 38.65,
            "equity": 3014798,
            "current_ratio": 169.19,
            "debt_ratio": 78.78,
            "inventory_turnover_ratio": 0.74,
            "account_receivable_turnover_ratio": 1.61,
            "reinvestment_rate": 98.29,
            "research_to_sale_ratio": 4.29,
            "price_fair": 293.83,
            "eps_avg_yearly": 8.4,
            "eps_latest_yearly": 4.68,
            "eps_growth_yearly": 48.02
        },
        "20201": {
            "year_quarter": 20201,
            "year": 2020,
            "quarter": 1,
            "eps": 0.22,
            "eps_growth_year": -85.33,
            "eps_4q": 4.85,
            "eps_4q_growth_year": -48.33,
            "roe": 0.57,
            "roe_4q": 12.85,
            "gross_profit": 648042,
            "gross_margin": 34.77,
            "gross_margin_4q_avg": 34.97,
            "net_income": 17339,
            "revenue": 1863620,
            "common_shares": 749218,
            "book_valuer_per_share": 38.07,
            "book_valuer_per_share_4q_avg": 37.81,
            "equity": 3022141,
            "current_ratio": 164.99,
            "debt_ratio": 78.94,
            "inventory_turnover_ratio": 0.57,
            "account_receivable_turnover_ratio": 1.36,
            "reinvestment_rate": 99.13,
            "research_to_sale_ratio": 5.86,
            "price_fair": 280.44,
            "eps_avg_yearly": 8.01,
            "eps_latest_yearly": 0.88,
            "eps_growth_yearly": 32.47
        },
        "20202": {
            "year_quarter": 20202,
            "year": 2020,
            "quarter": 2,
            "eps": 0.35,
            "eps_growth_year": -76.67,
            "eps_4q": 3.7,
            "eps_4q_growth_year": -55.72,
            "roe": 0.84,
            "roe_4q": 9.78,
            "gross_profit": 634899,
            "gross_margin": 33.39,
            "gross_margin_4q_avg": 34.64,
            "net_income": 23684,
            "revenue": 1901287,
            "common_shares": 749218,
            "book_valuer_per_share": 32.9,
            "book_valuer_per_share_4q_avg": 36.83,
            "equity": 2622628,
            "current_ratio": 148.96,
            "debt_ratio": 81.65,
            "inventory_turnover_ratio": 0.52,
            "account_receivable_turnover_ratio": 1.52,
            "reinvestment_rate": 98.13,
            "research_to_sale_ratio": 5.11,
            "price_fair": 261.63,
            "eps_avg_yearly": 7.48,
            "eps_latest_yearly": 1.4,
            "eps_growth_yearly": 36.53
        },
        "20203": {
            "year_quarter": 20203,
            "year": 2020,
            "quarter": 3,
            "eps": 0.51,
            "eps_growth_year": -73.98,
            "eps_4q": 2.25,
            "eps_4q_growth_year": -62.49,
            "roe": 1.62,
            "roe_4q": 6.06,
            "gross_profit": 648647,
            "gross_margin": 31.1,
            "gross_margin_4q_avg": 33.89,
            "net_income": 42573,
            "revenue": 2085954,
            "common_shares": 749218,
            "book_valuer_per_share": 32.99,
            "book_valuer_per_share_4q_avg": 35.48,
            "equity": 2634553,
            "current_ratio": 152.26,
            "debt_ratio": 81.18,
            "inventory_turnover_ratio": 0.58,
            "account_receivable_turnover_ratio": 1.61,
            "reinvestment_rate": 96.51,
            "research_to_sale_ratio": 4.82,
            "price_fair": 253.75,
            "eps_avg_yearly": 7.25,
            "eps_latest_yearly": 2.04,
            "eps_growth_yearly": 58.85
        },
        "20204": {
            "year_quarter": 20204,
            "year": 2020,
            "quarter": 4,
            "eps": 0.57,
            "eps_growth_year": -50.96,
            "eps_4q": 1.65,
            "eps_4q_growth_year": -73,
            "roe": 0.85,
            "roe_4q": 3.88,
            "gross_profit": 698417,
            "gross_margin": 31.2,
            "gross_margin_4q_avg": 32.62,
            "net_income": 22422,
            "revenue": 2238781,
            "common_shares": 749218,
            "book_valuer_per_share": 33.21,
            "book_valuer_per_share_4q_avg": 34.29,
            "equity": 2629816,
            "current_ratio": 147.9,
            "debt_ratio": 80.98,
            "inventory_turnover_ratio": 0.69,
            "account_receivable_turnover_ratio": 1.67,
            "reinvestment_rate": 102.15,
            "research_to_sale_ratio": 3.83,
            "price_fair": 210.34,
            "eps_avg_yearly": 6.49,
            "eps_latest_yearly": 2.28,
            "eps_growth_yearly": 22.43
        },
        "20211": {
            "year_quarter": 20211,
            "year": 2021,
            "quarter": 1,
            "eps": 0.52,
            "eps_growth_year": 136.36,
            "eps_4q": 1.96,
            "eps_4q_growth_year": -59.57,
            "roe": 1.52,
            "roe_4q": 4.83,
            "gross_profit": 686045,
            "gross_margin": 34.78,
            "gross_margin_4q_avg": 32.62,
            "net_income": 51767,
            "revenue": 1972808,
            "common_shares": 749218,
            "book_valuer_per_share": 34.73,
            "book_valuer_per_share_4q_avg": 33.46,
            "equity": 4175622,
            "current_ratio": 225.88,
            "debt_ratio": 70.35,
            "inventory_turnover_ratio": 0.59,
            "account_receivable_turnover_ratio": 1.6,
            "reinvestment_rate": 97.94,
            "research_to_sale_ratio": 6.26,
            "price_fair": 220.59,
            "eps_avg_yearly": 6.3,
            "eps_latest_yearly": 2.08,
            "eps_growth_yearly": 36.63
        },
        "20212": {
            "year_quarter": 20212,
            "year": 2021,
            "quarter": 2,
            "eps": 1.17,
            "eps_growth_year": 234.29,
            "eps_4q": 2.78,
            "eps_4q_growth_year": -24.85,
            "roe": 2.7,
            "roe_4q": 6.69,
            "gross_profit": 764782,
            "gross_margin": 36.02,
            "gross_margin_4q_avg": 33.28,
            "net_income": 113352,
            "revenue": 2123016,
            "common_shares": 749218,
            "book_valuer_per_share": 35.08,
            "book_valuer_per_share_4q_avg": 34,
            "equity": 4211014,
            "current_ratio": 216.34,
            "debt_ratio": 70.05,
            "inventory_turnover_ratio": 0.57,
            "account_receivable_turnover_ratio": 1.74,
            "reinvestment_rate": 102.46,
            "research_to_sale_ratio": 5.66,
            "price_fair": 212.54,
            "eps_avg_yearly": 6.07,
            "eps_latest_yearly": 4.68,
            "eps_growth_yearly": 51.08
        },
        "20213": {
            "year_quarter": 20213,
            "year": 2021,
            "quarter": 3,
            "eps": 2.12,
            "eps_growth_year": 315.69,
            "eps_4q": 4.38,
            "eps_4q_growth_year": 94.6,
            "roe": 4.61,
            "roe_4q": 9.68,
            "gross_profit": 848955,
            "gross_margin": 36.36,
            "gross_margin_4q_avg": 34.59,
            "net_income": 196095,
            "revenue": 2334608,
            "common_shares": 749218,
            "book_valuer_per_share": 35.67,
            "book_valuer_per_share_4q_avg": 34.67,
            "equity": 4290652,
            "current_ratio": 211.31,
            "debt_ratio": 69.67,
            "inventory_turnover_ratio": 0.55,
            "account_receivable_turnover_ratio": 1.65,
            "reinvestment_rate": 107.36,
            "research_to_sale_ratio": 5.46,
            "price_fair": 200.03,
            "eps_avg_yearly": 5.72,
            "eps_latest_yearly": 8.48,
            "eps_growth_yearly": 53.92
        },
        "20214": {
            "year_quarter": 20214,
            "year": 2021,
            "quarter": 4,
            "eps": 2.41,
            "eps_growth_year": 319.45,
            "eps_4q": 6.21,
            "eps_4q_growth_year": 275.73,
            "roe": 4.78,
            "roe_4q": 13.61,
            "gross_profit": 963376,
            "gross_margin": 34.62,
            "gross_margin_4q_avg": 35.45,
            "net_income": 209179,
            "revenue": 2782865,
            "common_shares": 749218,
            "book_valuer_per_share": 37.76,
            "book_valuer_per_share_4q_avg": 35.81,
            "equity": 4469531,
            "current_ratio": 193.89,
            "debt_ratio": 69.77,
            "inventory_turnover_ratio": 0.6,
            "account_receivable_turnover_ratio": 1.7,
            "reinvestment_rate": -81.11,
            "research_to_sale_ratio": 4.75,
            "price_fair": 196.61,
            "eps_avg_yearly": 5.62,
            "eps_latest_yearly": 9.64,
            "eps_growth_yearly": 62.62
        },
        "20221": {
            "year_quarter": 20221,
            "year": 2022,
            "quarter": 1,
            "eps": 3.02,
            "eps_growth_year": 480.77,
            "eps_4q": 8.69,
            "eps_4q_growth_year": 343.67,
            "roe": 5.16,
            "roe_4q": 17.25,
            "gross_profit": 936433,
            "gross_margin": 35.2,
            "gross_margin_4q_avg": 35.55,
            "net_income": 242478,
            "revenue": 2660320,
            "common_shares": 749218,
            "book_valuer_per_share": 43.23,
            "book_valuer_per_share_4q_avg": 37.94,
            "equity": 4928029,
            "current_ratio": 189.38,
            "debt_ratio": 68.38,
            "inventory_turnover_ratio": 0.51,
            "account_receivable_turnover_ratio": 1.51,
            "reinvestment_rate": -67.01,
            "research_to_sale_ratio": 4.44,
            "price_fair": 206.68,
            "eps_avg_yearly": 5.91,
            "eps_latest_yearly": 12.08,
            "eps_growth_yearly": 77.25
        },
        "20222": {
            "year_quarter": 20222,
            "year": 2022,
            "quarter": 2,
            "eps": 3.12,
            "eps_growth_year": 166.67,
            "eps_4q": 10.65,
            "eps_4q_growth_year": 283.33,
            "roe": 5.15,
            "roe_4q": 19.7,
            "gross_profit": 1026615,
            "gross_margin": 35.23,
            "gross_margin_4q_avg": 35.35,
            "net_income": 273784,
            "revenue": 2914176,
            "common_shares": 751318,
            "book_valuer_per_share": 43.94,
            "book_valuer_per_share_4q_avg": 40.15,
            "equity": 5694877,
            "current_ratio": 211.15,
            "debt_ratio": 65.86,
            "inventory_turnover_ratio": 0.51,
            "account_receivable_turnover_ratio": 1.59,
            "reinvestment_rate": -52.12,
            "research_to_sale_ratio": 4.66,
            "price_fair": 215.16,
            "eps_avg_yearly": 6.15,
            "eps_latest_yearly": 12.48,
            "eps_growth_yearly": 74.33
        },
        "20223": {
            "year_quarter": 20223,
            "year": 2022,
            "quarter": 3,
            "eps": 4.27,
            "eps_growth_year": 101.42,
            "eps_4q": 12.76,
            "eps_4q_growth_year": 191.27,
            "roe": 7.46,
            "roe_4q": 22.55,
            "gross_profit": 1250682,
            "gross_margin": 35.25,
            "gross_margin_4q_avg": 35.08,
            "net_income": 451936,
            "revenue": 3547807,
            "common_shares": 752428,
            "book_valuer_per_share": 50.48,
            "book_valuer_per_share_4q_avg": 43.85,
            "equity": 6413576,
            "current_ratio": 225.3,
            "debt_ratio": 62.42,
            "inventory_turnover_ratio": 0.6,
            "account_receivable_turnover_ratio": 1.62,
            "reinvestment_rate": -48.63,
            "research_to_sale_ratio": 4.22,
            "price_fair": 222.78,
            "eps_avg_yearly": 6.37,
            "eps_latest_yearly": 17.08,
            "eps_growth_yearly": 69.01
        },
        "20224": {
            "year_quarter": 20224,
            "year": 2022,
            "quarter": 4,
            "eps": 0.85,
            "eps_growth_year": -64.86,
            "eps_4q": 11.21,
            "eps_4q_growth_year": 80.34,
            "roe": 1.85,
            "roe_4q": 19.62,
            "gross_profit": 977678,
            "gross_margin": 34.3,
            "gross_margin_4q_avg": 35,
            "net_income": 118141,
            "revenue": 2850571,
            "common_shares": 754828,
            "book_valuer_per_share": 49.74,
            "book_valuer_per_share_4q_avg": 46.85,
            "equity": 6363285,
            "current_ratio": 237.3,
            "debt_ratio": 59.72,
            "inventory_turnover_ratio": 0.53,
            "account_receivable_turnover_ratio": 1.36,
            "reinvestment_rate": -47.14,
            "research_to_sale_ratio": 5.03,
            "price_fair": 221.03,
            "eps_avg_yearly": 6.32,
            "eps_latest_yearly": 3.4,
            "eps_growth_yearly": 66.27
        },
        "20231": {
            "year_quarter": 20231,
            "year": 2023,
            "quarter": 1,
            "eps": 1.2,
            "eps_growth_year": -60.26,
            "eps_4q": 9.4,
            "eps_4q_growth_year": 8.13,
            "roe": 2.54,
            "roe_4q": 17,
            "gross_profit": 871120,
            "gross_margin": 36.6,
            "gross_margin_4q_avg": 35.35,
            "net_income": 163451,
            "revenue": 2380064,
            "common_shares": 755158,
            "book_valuer_per_share": 50.64,
            "book_valuer_per_share_4q_avg": 48.7,
            "equity": 6496531,
            "current_ratio": 237,
            "debt_ratio": 57.16,
            "inventory_turnover_ratio": 0.47,
            "account_receivable_turnover_ratio": 1.53,
            "reinvestment_rate": -24.55,
            "research_to_sale_ratio": 5.58,
            "price_fair": 218.4,
            "eps_avg_yearly": 6.24,
            "eps_latest_yearly": 4.8,
            "eps_growth_yearly": 65.85
        }
    },
    "months": {
        "2004-06": {
            "month": "2004-06",
            "price": "80.00",
            "revenue": 63739
        },
        "2004-07": {
            "month": "2004-07",
            "price": "65.10",
            "revenue": 63442
        },
        "2004-09": {
            "month": "2004-09",
            "price": "60.05",
            "revenue": 96092
        },
        "2004-10": {
            "month": "2004-10",
            "price": "60.22",
            "revenue": 104197
        },
        "2004-11": {
            "month": "2004-11",
            "price": "60.90",
            "revenue": 101458
        },
        "2004-12": {
            "month": "2004-12",
            "price": "52.08",
            "revenue": 100393
        },
        "2005-01": {
            "month": "2005-01",
            "price": "51.61",
            "revenue": 99965
        },
        "2005-02": {
            "month": "2005-02",
            "price": "55.90",
            "revenue": 81387
        },
        "2005-03": {
            "month": "2005-03",
            "price": "61.65",
            "revenue": 115484
        },
        "2005-04": {
            "month": "2005-04",
            "price": "66.00",
            "revenue": 112725
        },
        "2005-05": {
            "month": "2005-05",
            "price": "67.61",
            "revenue": 116974
        },
        "2005-06": {
            "month": "2005-06",
            "price": "69.33",
            "revenue": 138083
        },
        "2005-07": {
            "month": "2005-07",
            "price": "85.40",
            "revenue": 147864
        },
        "2005-08": {
            "month": "2005-08",
            "price": "107.84",
            "revenue": 132798
        },
        "2005-09": {
            "month": "2005-09",
            "price": "96.87",
            "revenue": 116016
        },
        "2005-10": {
            "month": "2005-10",
            "price": "91.14",
            "revenue": 118070
        },
        "2005-11": {
            "month": "2005-11",
            "price": "90.76",
            "revenue": 124846
        },
        "2005-12": {
            "month": "2005-12",
            "price": "106.27",
            "revenue": 167924
        },
        "2006-01": {
            "month": "2006-01",
            "price": "133.33",
            "revenue": 164873
        },
        "2006-02": {
            "month": "2006-02",
            "price": "128.74",
            "revenue": 168239
        },
        "2006-03": {
            "month": "2006-03",
            "price": "139.96",
            "revenue": 155458
        },
        "2006-04": {
            "month": "2006-04",
            "price": "143.18",
            "revenue": 172407
        },
        "2006-05": {
            "month": "2006-05",
            "price": "135.50",
            "revenue": 188191
        },
        "2006-06": {
            "month": "2006-06",
            "price": "121.59",
            "revenue": 180942
        },
        "2006-07": {
            "month": "2006-07",
            "price": "128.31",
            "revenue": 129863
        },
        "2006-08": {
            "month": "2006-08",
            "price": "118.78",
            "revenue": 172633
        },
        "2006-09": {
            "month": "2006-09",
            "price": "123.50",
            "revenue": 195515
        },
        "2006-10": {
            "month": "2006-10",
            "price": "117.35",
            "revenue": 158529
        },
        "2006-11": {
            "month": "2006-11",
            "price": "114.64",
            "revenue": 153384
        },
        "2006-12": {
            "month": "2006-12",
            "price": "118.00",
            "revenue": 144520
        },
        "2007-01": {
            "month": "2007-01",
            "price": "121.14",
            "revenue": 128380
        },
        "2007-02": {
            "month": "2007-02",
            "price": "114.75",
            "revenue": 109066
        },
        "2007-03": {
            "month": "2007-03",
            "price": "110.09",
            "revenue": 139402
        },
        "2007-04": {
            "month": "2007-04",
            "price": "109.08",
            "revenue": 171335
        },
        "2007-05": {
            "month": "2007-05",
            "price": "112.18",
            "revenue": 205726
        },
        "2007-06": {
            "month": "2007-06",
            "price": "122.10",
            "revenue": 205564
        },
        "2007-07": {
            "month": "2007-07",
            "price": "125.11",
            "revenue": 167005
        },
        "2007-08": {
            "month": "2007-08",
            "price": "114.85",
            "revenue": 143000
        },
        "2007-09": {
            "month": "2007-09",
            "price": "117.92",
            "revenue": 191709
        },
        "2007-10": {
            "month": "2007-10",
            "price": "114.82",
            "revenue": 194183
        },
        "2007-11": {
            "month": "2007-11",
            "price": "100.19",
            "revenue": 213900
        },
        "2007-12": {
            "month": "2007-12",
            "price": "91.73",
            "revenue": 161377
        },
        "2008-01": {
            "month": "2008-01",
            "price": "79.24",
            "revenue": 139660
        },
        "2008-02": {
            "month": "2008-02",
            "price": "70.19",
            "revenue": 136263
        },
        "2008-03": {
            "month": "2008-03",
            "price": "75.38",
            "revenue": 162515
        },
        "2008-04": {
            "month": "2008-04",
            "price": "84.27",
            "revenue": 176776
        },
        "2008-05": {
            "month": "2008-05",
            "price": "87.58",
            "revenue": 185829
        },
        "2008-06": {
            "month": "2008-06",
            "price": "79.16",
            "revenue": 172451
        },
        "2008-07": {
            "month": "2008-07",
            "price": "70.86",
            "revenue": 153152
        },
        "2008-08": {
            "month": "2008-08",
            "price": "61.70",
            "revenue": 147372
        },
        "2008-09": {
            "month": "2008-09",
            "price": "44.67",
            "revenue": 158613
        },
        "2008-10": {
            "month": "2008-10",
            "price": "35.31",
            "revenue": 171200
        },
        "2008-11": {
            "month": "2008-11",
            "price": "31.73",
            "revenue": 147703
        },
        "2008-12": {
            "month": "2008-12",
            "price": "32.37",
            "revenue": 157447
        },
        "2009-01": {
            "month": "2009-01",
            "price": "34.10",
            "revenue": 100783
        },
        "2009-02": {
            "month": "2009-02",
            "price": "34.67",
            "revenue": 108805
        },
        "2009-03": {
            "month": "2009-03",
            "price": "39.14",
            "revenue": 106288
        },
        "2009-04": {
            "month": "2009-04",
            "price": "44.62",
            "revenue": 118735
        },
        "2009-05": {
            "month": "2009-05",
            "price": "46.47",
            "revenue": 140066
        },
        "2009-06": {
            "month": "2009-06",
            "price": "45.20",
            "revenue": 134490
        },
        "2009-07": {
            "month": "2009-07",
            "price": "44.15",
            "revenue": 121073
        },
        "2009-08": {
            "month": "2009-08",
            "price": "42.28",
            "revenue": 136128
        },
        "2009-09": {
            "month": "2009-09",
            "price": "47.56",
            "revenue": 126990
        },
        "2009-10": {
            "month": "2009-10",
            "price": "49.30",
            "revenue": 131695
        },
        "2009-11": {
            "month": "2009-11",
            "price": "50.18",
            "revenue": 125621
        },
        "2009-12": {
            "month": "2009-12",
            "price": "61.90",
            "revenue": 133692
        },
        "2010-01": {
            "month": "2010-01",
            "price": "57.99",
            "revenue": 122188
        },
        "2010-02": {
            "month": "2010-02",
            "price": "55.48",
            "revenue": 122010
        },
        "2010-03": {
            "month": "2010-03",
            "price": "60.39",
            "revenue": 179696
        },
        "2010-04": {
            "month": "2010-04",
            "price": "64.73",
            "revenue": 162274
        },
        "2010-05": {
            "month": "2010-05",
            "price": "58.10",
            "revenue": 178562
        },
        "2010-06": {
            "month": "2010-06",
            "price": "58.41",
            "revenue": 200767
        },
        "2010-07": {
            "month": "2010-07",
            "price": "59.15",
            "revenue": 167145
        },
        "2010-08": {
            "month": "2010-08",
            "price": "53.65",
            "revenue": 226569
        },
        "2010-09": {
            "month": "2010-09",
            "price": "53.98",
            "revenue": 149726
        },
        "2010-10": {
            "month": "2010-10",
            "price": "53.40",
            "revenue": 207571
        },
        "2010-11": {
            "month": "2010-11",
            "price": "54.01",
            "revenue": 202655
        },
        "2010-12": {
            "month": "2010-12",
            "price": "57.77",
            "revenue": 195935
        },
        "2011-01": {
            "month": "2011-01",
            "price": "58.72",
            "revenue": 139959
        },
        "2011-02": {
            "month": "2011-02",
            "price": "58.00",
            "revenue": 106940
        },
        "2011-03": {
            "month": "2011-03",
            "price": "57.78",
            "revenue": 186429
        },
        "2011-04": {
            "month": "2011-04",
            "price": "60.62",
            "revenue": 155338
        },
        "2011-05": {
            "month": "2011-05",
            "price": "61.08",
            "revenue": 187737
        },
        "2011-06": {
            "month": "2011-06",
            "price": "57.76",
            "revenue": 222071
        },
        "2011-07": {
            "month": "2011-07",
            "price": "54.70",
            "revenue": 173986
        },
        "2011-08": {
            "month": "2011-08",
            "price": "50.48",
            "revenue": 224943
        },
        "2011-09": {
            "month": "2011-09",
            "price": "47.13",
            "revenue": 223187
        },
        "2011-10": {
            "month": "2011-10",
            "price": "46.27",
            "revenue": 178123
        },
        "2011-11": {
            "month": "2011-11",
            "price": "46.86",
            "revenue": 175415
        },
        "2011-12": {
            "month": "2011-12",
            "price": "44.93",
            "revenue": 200536
        },
        "2012-01": {
            "month": "2012-01",
            "price": "46.09",
            "revenue": 170052
        },
        "2012-02": {
            "month": "2012-02",
            "price": "51.96",
            "revenue": 117183
        },
        "2012-03": {
            "month": "2012-03",
            "price": "56.44",
            "revenue": 173772
        },
        "2012-04": {
            "month": "2012-04",
            "price": "54.74",
            "revenue": 168716
        },
        "2012-05": {
            "month": "2012-05",
            "price": "54.97",
            "revenue": 228803
        },
        "2012-06": {
            "month": "2012-06",
            "price": "55.20",
            "revenue": 216691
        },
        "2012-07": {
            "month": "2012-07",
            "price": "57.09",
            "revenue": 211478
        },
        "2012-08": {
            "month": "2012-08",
            "price": "53.81",
            "revenue": 217214
        },
        "2012-09": {
            "month": "2012-09",
            "price": "56.24",
            "revenue": 212641
        },
        "2012-10": {
            "month": "2012-10",
            "price": "56.60",
            "revenue": 206845
        },
        "2012-11": {
            "month": "2012-11",
            "price": "58.70",
            "revenue": 181828
        },
        "2012-12": {
            "month": "2012-12",
            "price": "58.76",
            "revenue": 225614
        },
        "2013-01": {
            "month": "2013-01",
            "price": "60.19",
            "revenue": 190312
        },
        "2013-02": {
            "month": "2013-02",
            "price": "62.81",
            "revenue": 109259
        },
        "2013-03": {
            "month": "2013-03",
            "price": "64.66",
            "revenue": 243893
        },
        "2013-04": {
            "month": "2013-04",
            "price": "72.93",
            "revenue": 239114
        },
        "2013-05": {
            "month": "2013-05",
            "price": "82.51",
            "revenue": 229119
        },
        "2013-06": {
            "month": "2013-06",
            "price": "86.19",
            "revenue": 216085
        },
        "2013-07": {
            "month": "2013-07",
            "price": "95.26",
            "revenue": 220631
        },
        "2013-08": {
            "month": "2013-08",
            "price": "89.48",
            "revenue": 261812
        },
        "2013-09": {
            "month": "2013-09",
            "price": "91.18",
            "revenue": 231907
        },
        "2013-10": {
            "month": "2013-10",
            "price": "91.86",
            "revenue": 250266
        },
        "2013-11": {
            "month": "2013-11",
            "price": "94.76",
            "revenue": 237983
        },
        "2013-12": {
            "month": "2013-12",
            "price": "123.14",
            "revenue": 278130
        },
        "2014-01": {
            "month": "2014-01",
            "price": "123.22",
            "revenue": 246310
        },
        "2014-02": {
            "month": "2014-02",
            "price": "153.09",
            "revenue": 231510
        },
        "2014-03": {
            "month": "2014-03",
            "price": "170.86",
            "revenue": 270526
        },
        "2014-04": {
            "month": "2014-04",
            "price": "168.26",
            "revenue": 274424
        },
        "2014-05": {
            "month": "2014-05",
            "price": "162.90",
            "revenue": 254294
        },
        "2014-06": {
            "month": "2014-06",
            "price": "190.22",
            "revenue": 221236
        },
        "2014-07": {
            "month": "2014-07",
            "price": "181.16",
            "revenue": 203929
        },
        "2014-08": {
            "month": "2014-08",
            "price": "171.86",
            "revenue": 223807
        },
        "2014-09": {
            "month": "2014-09",
            "price": "175.14",
            "revenue": 215933
        },
        "2014-10": {
            "month": "2014-10",
            "price": "141.55",
            "revenue": 216781
        },
        "2014-11": {
            "month": "2014-11",
            "price": "145.58",
            "revenue": 215950
        },
        "2014-12": {
            "month": "2014-12",
            "price": "143.81",
            "revenue": 245372
        },
        "2015-01": {
            "month": "2015-01",
            "price": "144.22",
            "revenue": 242766
        },
        "2015-02": {
            "month": "2015-02",
            "price": "146.31",
            "revenue": 163391
        },
        "2015-03": {
            "month": "2015-03",
            "price": "164.43",
            "revenue": 254609
        },
        "2015-04": {
            "month": "2015-04",
            "price": "165.40",
            "revenue": 262320
        },
        "2015-05": {
            "month": "2015-05",
            "price": "167.48",
            "revenue": 265240
        },
        "2015-06": {
            "month": "2015-06",
            "price": "175.76",
            "revenue": 232926
        },
        "2015-07": {
            "month": "2015-07",
            "price": "148.70",
            "revenue": 258454
        },
        "2015-08": {
            "month": "2015-08",
            "price": "140.71",
            "revenue": 265701
        },
        "2015-09": {
            "month": "2015-09",
            "price": "148.30",
            "revenue": 272545
        },
        "2015-10": {
            "month": "2015-10",
            "price": "167.52",
            "revenue": 260364
        },
        "2015-11": {
            "month": "2015-11",
            "price": "165.45",
            "revenue": 245210
        },
        "2015-12": {
            "month": "2015-12",
            "price": "158.63",
            "revenue": 300586
        },
        "2016-01": {
            "month": "2016-01",
            "price": "150.40",
            "revenue": 256796
        },
        "2016-02": {
            "month": "2016-02",
            "price": "155.46",
            "revenue": 207034
        },
        "2016-03": {
            "month": "2016-03",
            "price": "161.80",
            "revenue": 274567
        },
        "2016-04": {
            "month": "2016-04",
            "price": "163.42",
            "revenue": 237598
        },
        "2016-05": {
            "month": "2016-05",
            "price": "161.64",
            "revenue": 277145
        },
        "2016-06": {
            "month": "2016-06",
            "price": "158.90",
            "revenue": 288945
        },
        "2016-07": {
            "month": "2016-07",
            "price": "161.62",
            "revenue": 241345
        },
        "2016-08": {
            "month": "2016-08",
            "price": "175.73",
            "revenue": 256400
        },
        "2016-09": {
            "month": "2016-09",
            "price": "183.42",
            "revenue": 414038
        },
        "2016-10": {
            "month": "2016-10",
            "price": "194.85",
            "revenue": 459627
        },
        "2016-11": {
            "month": "2016-11",
            "price": "181.93",
            "revenue": 400015
        },
        "2016-12": {
            "month": "2016-12",
            "price": "176.64",
            "revenue": 478865
        },
        "2017-01": {
            "month": "2017-01",
            "price": "176.44",
            "revenue": 286550
        },
        "2017-02": {
            "month": "2017-02",
            "price": "173.19",
            "revenue": 346560
        },
        "2017-03": {
            "month": "2017-03",
            "price": "170.30",
            "revenue": 474560
        },
        "2017-04": {
            "month": "2017-04",
            "price": "164.92",
            "revenue": 387325
        },
        "2017-05": {
            "month": "2017-05",
            "price": "164.90",
            "revenue": 442425
        },
        "2017-06": {
            "month": "2017-06",
            "price": "168.91",
            "revenue": 390415
        },
        "2017-07": {
            "month": "2017-07",
            "price": "164.05",
            "revenue": 343565
        },
        "2017-08": {
            "month": "2017-08",
            "price": "158.30",
            "revenue": 388480
        },
        "2017-09": {
            "month": "2017-09",
            "price": "149.59",
            "revenue": 446990
        },
        "2017-10": {
            "month": "2017-10",
            "price": "137.58",
            "revenue": 500410
        },
        "2017-11": {
            "month": "2017-11",
            "price": "135.39",
            "revenue": 720210
        },
        "2017-12": {
            "month": "2017-12",
            "price": "136.69",
            "revenue": 946220
        },
        "2018-01": {
            "month": "2018-01",
            "price": "140.27",
            "revenue": 821000
        },
        "2018-02": {
            "month": "2018-02",
            "price": "135.19",
            "revenue": 637788
        },
        "2018-03": {
            "month": "2018-03",
            "price": "135.20",
            "revenue": 777212
        },
        "2018-04": {
            "month": "2018-04",
            "price": "125.67",
            "revenue": 674500
        },
        "2018-05": {
            "month": "2018-05",
            "price": "119.82",
            "revenue": 845500
        },
        "2018-06": {
            "month": "2018-06",
            "price": "117.55",
            "revenue": 930320
        },
        "2018-07": {
            "month": "2018-07",
            "price": "113.55",
            "revenue": 846150
        },
        "2018-08": {
            "month": "2018-08",
            "price": "113.00",
            "revenue": 791595
        },
        "2018-09": {
            "month": "2018-09",
            "price": "110.63",
            "revenue": 826555
        },
        "2018-10": {
            "month": "2018-10",
            "price": "100.73",
            "revenue": 867457
        },
        "2018-11": {
            "month": "2018-11",
            "price": "94.35",
            "revenue": 879868
        },
        "2018-12": {
            "month": "2018-12",
            "price": "105.01",
            "revenue": 927660
        },
        "2019-01": {
            "month": "2019-01",
            "price": "103.32",
            "revenue": 803990
        },
        "2019-02": {
            "month": "2019-02",
            "price": "108.08",
            "revenue": 649108
        },
        "2019-03": {
            "month": "2019-03",
            "price": "110.55",
            "revenue": 834802
        },
        "2019-04": {
            "month": "2019-04",
            "price": "108.38",
            "revenue": 760945
        },
        "2019-05": {
            "month": "2019-05",
            "price": "104.30",
            "revenue": 819265
        },
        "2019-06": {
            "month": "2019-06",
            "price": "105.87",
            "revenue": 870525
        },
        "2019-07": {
            "month": "2019-07",
            "price": "109.11",
            "revenue": 816762
        },
        "2019-08": {
            "month": "2019-08",
            "price": "110.07",
            "revenue": 900683
        },
        "2019-09": {
            "month": "2019-09",
            "price": "110.34",
            "revenue": 847250
        },
        "2019-10": {
            "month": "2019-10",
            "price": "107.00",
            "revenue": 801692
        },
        "2019-11": {
            "month": "2019-11",
            "price": "102.43",
            "revenue": 875556
        },
        "2019-12": {
            "month": "2019-12",
            "price": "103.18",
            "revenue": 765050
        },
        "2020-01": {
            "month": "2020-01",
            "price": "103.70",
            "revenue": 576175
        },
        "2020-02": {
            "month": "2020-02",
            "price": "100.28",
            "revenue": 622630
        },
        "2020-03": {
            "month": "2020-03",
            "price": "80.32",
            "revenue": 664815
        },
        "2020-04": {
            "month": "2020-04",
            "price": "82.77",
            "revenue": 582716
        },
        "2020-05": {
            "month": "2020-05",
            "price": "87.72",
            "revenue": 626753
        },
        "2020-06": {
            "month": "2020-06",
            "price": "84.27",
            "revenue": 691820
        },
        "2020-07": {
            "month": "2020-07",
            "price": "85.45",
            "revenue": 623611
        },
        "2020-08": {
            "month": "2020-08",
            "price": "82.55",
            "revenue": 697020
        },
        "2020-09": {
            "month": "2020-09",
            "price": "82.47",
            "revenue": 765321
        },
        "2020-10": {
            "month": "2020-10",
            "price": "79.28",
            "revenue": 707837
        },
        "2020-11": {
            "month": "2020-11",
            "price": "79.20",
            "revenue": 642632
        },
        "2020-12": {
            "month": "2020-12",
            "price": "78.40",
            "revenue": 888312
        },
        "2021-01": {
            "month": "2021-01",
            "price": "78.92",
            "revenue": 617333
        },
        "2021-02": {
            "month": "2021-02",
            "price": "77.73",
            "revenue": 680001
        },
        "2021-03": {
            "month": "2021-03",
            "price": "80.41",
            "revenue": 675474
        },
        "2021-04": {
            "month": "2021-04",
            "price": "80.40",
            "revenue": 662960
        },
        "2021-05": {
            "month": "2021-05",
            "price": "71.47",
            "revenue": 686233
        },
        "2021-06": {
            "month": "2021-06",
            "price": "70.87",
            "revenue": 778153
        },
        "2021-07": {
            "month": "2021-07",
            "price": "76.10",
            "revenue": 722947
        },
        "2021-08": {
            "month": "2021-08",
            "price": "76.43",
            "revenue": 786965
        },
        "2021-09": {
            "month": "2021-09",
            "price": "78.52",
            "revenue": 820082
        },
        "2021-10": {
            "month": "2021-10",
            "price": "80.94",
            "revenue": 840048
        },
        "2021-11": {
            "month": "2021-11",
            "price": "99.74",
            "revenue": 911604
        },
        "2021-12": {
            "month": "2021-12",
            "price": "119.23",
            "revenue": 1031496
        },
        "2022-01": {
            "month": "2022-01",
            "price": "119.11",
            "revenue": 795823
        },
        "2022-02": {
            "month": "2022-02",
            "price": "105.99",
            "revenue": 736583
        },
        "2022-03": {
            "month": "2022-03",
            "price": "99.08",
            "revenue": 1127915
        },
        "2022-04": {
            "month": "2022-04",
            "price": "115.56",
            "revenue": 880697
        },
        "2022-05": {
            "month": "2022-05",
            "price": "118.07",
            "revenue": 895640
        },
        "2022-06": {
            "month": "2022-06",
            "price": "123.02",
            "revenue": 1137900
        },
        "2022-07": {
            "month": "2022-07",
            "price": "133.76",
            "revenue": 1100923
        },
        "2022-08": {
            "month": "2022-08",
            "price": "157.37",
            "revenue": 1205735
        },
        "2022-09": {
            "month": "2022-09",
            "price": "152.79",
            "revenue": 1240977
        },
        "2022-10": {
            "month": "2022-10",
            "price": "121.45",
            "revenue": 1012650
        },
        "2022-11": {
            "month": "2022-11",
            "price": "119.41",
            "revenue": 889490
        },
        "2022-12": {
            "month": "2022-12",
            "price": "114.57",
            "revenue": 948531
        },
        "2023-01": {
            "month": "2023-01",
            "price": "112.42",
            "revenue": 695702
        },
        "2023-02": {
            "month": "2023-02",
            "price": "118.92",
            "revenue": 710645
        },
        "2023-03": {
            "month": "2023-03",
            "price": "116.30",
            "revenue": 974043
        },
        "2023-04": {
            "month": "2023-04",
            "price": "109.32",
            "revenue": 767054
        }
    }
}
