{
    "summary": {
        "stock_name": "越峰",
        "stock_id": "8121",
        "category": "電子零組件",
        "main_business": "軟性鐵氧磁粉.磁鐵芯及其他有關電磁組件及其原物料製造及銷售<br>前項產品生產設備之設計,製造,加工及銷售<br>前各項有關產品進出口貿易業務及除許可業務外得經營法令許可業務",
        "website_url": "https://www.acme-ferrite.com.tw",
        "ceo": "吳文豪",
        "pe_ratio": -30,
        "report_year_from": 2001,
        "report_year_to": 2023,
        "age": 23,
        "eps_negative_percentage": 43,
        "eps_growth_avg": {
            "last_all": -36.47,
            "last_2y": -30.81,
            "last_4y": -48.11,
            "last_8y": -48.11,
            "last_12y": -55.86,
            "last_16y": -51.74,
            "last_20y": null,
            "at_2006_last_3y": null,
            "at_2007_last_3y": 20.55,
            "at_2008_last_3y": -25.62,
            "at_2009_last_3y": -48.4,
            "at_2010_last_3y": -43.51,
            "at_2011_last_3y": -75.8,
            "at_2012_last_3y": -80.91,
            "at_2013_last_3y": -71.36,
            "at_2014_last_3y": -71.36,
            "at_2015_last_3y": -100,
            "at_2016_last_3y": null,
            "at_2017_last_3y": null,
            "at_2018_last_3y": null,
            "at_2019_last_3y": -100,
            "at_2020_last_3y": -100,
            "at_2021_last_3y": -8.33,
            "at_2022_last_3y": -30.81,
            "at_2023_last_3y": -30.81,
            "at_2024_last_3y": -30.81,
            "at_2006_last_all": 9.35,
            "at_2007_last_all": 20.55,
            "at_2008_last_all": -0.49,
            "at_2009_last_all": -17.08,
            "at_2010_last_all": -17.08,
            "at_2011_last_all": -20.74,
            "at_2012_last_all": -30.65,
            "at_2013_last_all": -30.65,
            "at_2014_last_all": -30.65,
            "at_2015_last_all": -30.65,
            "at_2016_last_all": -30.65,
            "at_2017_last_all": -30.65,
            "at_2018_last_all": -30.65,
            "at_2019_last_all": -38.36,
            "at_2020_last_all": -38.36,
            "at_2021_last_all": -26.19,
            "at_2022_last_all": -30.69,
            "at_2023_last_all": -36.47,
            "at_2024_last_all": -36.47
        },
        "latest_eps": -0.8,
        "latest_price": 23.65,
        "latest_roe": -8.97,
        "latest_gross_margin": 7.96,
        "latest_equity": 2412404,
        "latest_revenue": 620681,
        "latest_gross_profit": 49417,
        "latest_net_income": -42798,
        "latest_debt_ratio": 48.65,
        "latest_current_ratio": 266.73,
        "latest_account_receivable_turnover_ratio": 0.92,
        "latest_inventory_turnover_ratio": 0.75,
        "latest_reinvestment_rate": null,
        "latest_research_to_sale_ratio": 6.56
    },
    "eps_dividends": {
        "2001": {
            "cash": 0,
            "stock": 0,
            "eps": 0
        },
        "2002": {
            "cash": 0,
            "stock": 0,
            "eps": 0
        },
        "2003": {
            "cash": 0,
            "stock": 0,
            "eps": 0.86
        },
        "2004": {
            "cash": 0.2,
            "stock": 0.8,
            "eps": 2.14
        },
        "2005": {
            "cash": 0.5,
            "stock": 1,
            "eps": 1.95
        },
        "2006": {
            "cash": 0.2,
            "stock": 1.2,
            "eps": 0.72
        },
        "2007": {
            "cash": 0.1,
            "stock": 0.5,
            "eps": 1.11
        },
        "2008": {
            "cash": 0.13,
            "stock": 0.7,
            "eps": 0.17
        },
        "2009": {
            "cash": 0,
            "stock": 0,
            "eps": -1.17
        },
        "2010": {
            "cash": 0,
            "stock": 0,
            "eps": 6.6
        },
        "2011": {
            "cash": 1,
            "stock": 4,
            "eps": 3.78
        },
        "2012": {
            "cash": 0.6,
            "stock": 1,
            "eps": 0
        },
        "2013": {
            "cash": 0,
            "stock": 0,
            "eps": -0.76
        },
        "2014": {
            "cash": 0,
            "stock": 0,
            "eps": -0.56
        },
        "2015": {
            "cash": 0,
            "stock": 0,
            "eps": -2.3
        },
        "2016": {
            "cash": 0,
            "stock": 0,
            "eps": -3.13
        },
        "2017": {
            "cash": 0,
            "stock": 0,
            "eps": -0.56
        },
        "2018": {
            "cash": 0,
            "stock": 0,
            "eps": 0.3
        },
        "2019": {
            "cash": 0,
            "stock": 0,
            "eps": -0.57
        },
        "2020": {
            "cash": 0,
            "stock": 0,
            "eps": 0.18
        },
        "2021": {
            "cash": 0,
            "stock": 0,
            "eps": 0.33
        },
        "2022": {
            "cash": 0,
            "stock": 0,
            "eps": 0.08
        },
        "2023": {
            "cash": 0,
            "stock": 0,
            "eps": -0.75
        }
    },
    "dividends": {
        "2004-04-02": {
            "cash": 0.2,
            "stock": 0.8
        },
        "2005-03-23": {
            "cash": 0.5,
            "stock": 1
        },
        "2006-03-17": {
            "cash": 0.2,
            "stock": 1.2
        },
        "2007-03-21": {
            "cash": 0.1,
            "stock": 0.5
        },
        "2008-03-14": {
            "cash": 0.13,
            "stock": 0.7
        },
        "2011-03-15": {
            "cash": 1,
            "stock": 4
        },
        "2012-06-19": {
            "cash": 0.6,
            "stock": 1
        }
    },
    "prices": {
        "200101": "無",
        "200102": "無",
        "200103": "無",
        "200104": "無",
        "200105": "無",
        "200106": "無",
        "200107": "無",
        "200108": "無",
        "200109": "無",
        "200110": "無",
        "200111": "無",
        "200112": "無",
        "200201": "無",
        "200202": "無",
        "200203": "無",
        "200204": "無",
        "200205": "無",
        "200206": "無",
        "200207": "無",
        "200208": "無",
        "200209": "無",
        "200210": "無",
        "200211": "無",
        "200212": "無",
        "200301": "無",
        "200302": "無",
        "200303": "無",
        "200304": "無",
        "200305": "無",
        "200306": "無",
        "200307": "無",
        "200308": "無",
        "200309": "無",
        "200310": "無",
        "200311": "無",
        "200312": "無",
        "200401": "無",
        "200402": "無",
        "200403": "無",
        "200404": "23.55",
        "200405": "22.02",
        "200406": "22.05",
        "200407": "無",
        "200408": "21.06",
        "200409": "20.06",
        "200410": "無",
        "200411": "18.30",
        "200412": "17.03",
        "200501": "15.85",
        "200502": "18.34",
        "200503": "17.56",
        "200504": "16.92",
        "200505": "15.92",
        "200506": "16.40",
        "200507": "17.11",
        "200508": "16.72",
        "200509": "14.87",
        "200510": "15.26",
        "200511": "16.47",
        "200512": "19.43",
        "200601": "24.22",
        "200602": "26.29",
        "200603": "27.02",
        "200604": "38.07",
        "200605": "45.33",
        "200606": "35.65",
        "200607": "36.90",
        "200608": "35.11",
        "200609": "32.15",
        "200610": "32.18",
        "200611": "31.16",
        "200612": "34.55",
        "200701": "47.98",
        "200702": "47.65",
        "200703": "46.02",
        "200704": "47.25",
        "200705": "42.22",
        "200706": "45.04",
        "200707": "53.68",
        "200708": "50.28",
        "200709": "47.92",
        "200710": "46.70",
        "200711": "35.16",
        "200712": "31.11",
        "200801": "25.42",
        "200802": "24.10",
        "200803": "30.96",
        "200804": "32.23",
        "200805": "31.51",
        "200806": "27.53",
        "200807": "23.59",
        "200808": "24.37",
        "200809": "19.40",
        "200810": "13.46",
        "200811": "11.35",
        "200812": "9.48",
        "200901": "8.96",
        "200902": "9.27",
        "200903": "12.58",
        "200904": "13.71",
        "200905": "14.67",
        "200906": "22.17",
        "200907": "29.91",
        "200908": "25.76",
        "200909": "27.80",
        "200910": "34.05",
        "200911": "31.00",
        "200912": "39.49",
        "201001": "43.53",
        "201002": "36.76",
        "201003": "46.66",
        "201004": "70.60",
        "201005": "68.33",
        "201006": "78.31",
        "201007": "71.12",
        "201008": "82.69",
        "201009": "87.91",
        "201010": "72.46",
        "201011": "81.60",
        "201012": "97.30",
        "201101": "132.02",
        "201102": "139.64",
        "201103": "149.67",
        "201104": "137.71",
        "201105": "105.45",
        "201106": "92.68",
        "201107": "84.36",
        "201108": "70.38",
        "201109": "53.58",
        "201110": "56.62",
        "201111": "47.09",
        "201112": "39.42",
        "201201": "42.66",
        "201202": "61.12",
        "201203": "65.32",
        "201204": "56.44",
        "201205": "52.07",
        "201206": "49.67",
        "201207": "44.17",
        "201208": "37.17",
        "201209": "42.97",
        "201210": "39.29",
        "201211": "33.35",
        "201212": "35.85",
        "201301": "38.02",
        "201302": "37.39",
        "201303": "38.60",
        "201304": "37.11",
        "201305": "37.01",
        "201306": "36.81",
        "201307": "40.20",
        "201308": "42.87",
        "201309": "45.42",
        "201310": "41.39",
        "201311": "37.04",
        "201312": "38.03",
        "201401": "43.76",
        "201402": "51.20",
        "201403": "50.54",
        "201404": "54.61",
        "201405": "47.16",
        "201406": "52.25",
        "201407": "50.47",
        "201408": "45.04",
        "201409": "42.85",
        "201410": "32.38",
        "201411": "30.46",
        "201412": "32.74",
        "201501": "33.02",
        "201502": "31.28",
        "201503": "34.47",
        "201504": "29.32",
        "201505": "23.03",
        "201506": "18.68",
        "201507": "16.29",
        "201508": "11.90",
        "201509": "13.08",
        "201510": "15.37",
        "201511": "15.50",
        "201512": "16.33",
        "201601": "14.64",
        "201602": "14.67",
        "201603": "15.29",
        "201604": "13.45",
        "201605": "11.37",
        "201606": "12.08",
        "201607": "12.72",
        "201608": "12.29",
        "201609": "12.56",
        "201610": "13.14",
        "201611": "12.25",
        "201612": "12.07",
        "201701": "12.69",
        "201702": "12.79",
        "201703": "12.18",
        "201704": "10.98",
        "201705": "10.39",
        "201706": "10.18",
        "201707": "10.02",
        "201708": "10.76",
        "201709": "16.89",
        "201710": "26.51",
        "201711": "22.17",
        "201712": "18.70",
        "201801": "22.00",
        "201802": "19.78",
        "201803": "18.73",
        "201804": "17.58",
        "201805": "17.28",
        "201806": "22.19",
        "201807": "21.22",
        "201808": "20.14",
        "201809": "18.74",
        "201810": "15.16",
        "201811": "14.10",
        "201812": "14.14",
        "201901": "12.95",
        "201902": "14.18",
        "201903": "14.76",
        "201904": "14.08",
        "201905": "12.73",
        "201906": "12.26",
        "201907": "13.37",
        "201908": "12.66",
        "201909": "12.83",
        "201910": "12.49",
        "201911": "11.96",
        "201912": "12.29",
        "202001": "11.76",
        "202002": "10.96",
        "202003": "9.60",
        "202004": "9.20",
        "202005": "10.23",
        "202006": "10.48",
        "202007": "10.85",
        "202008": "12.41",
        "202009": "15.30",
        "202010": "16.63",
        "202011": "16.52",
        "202012": "18.65",
        "202101": "18.30",
        "202102": "17.40",
        "202103": "18.16",
        "202104": "20.76",
        "202105": "16.46",
        "202106": "17.27",
        "202107": "19.22",
        "202108": "19.00",
        "202109": "37.71",
        "202110": "42.23",
        "202111": "50.76",
        "202112": "54.94",
        "202201": "46.38",
        "202202": "42.99",
        "202203": "37.53",
        "202204": "34.83",
        "202205": "30.52",
        "202206": "32.20",
        "202207": "31.60",
        "202208": "32.06",
        "202209": "30.61",
        "202210": "25.95",
        "202211": "25.52",
        "202212": "26.92",
        "202301": "24.40",
        "202302": "26.21",
        "202303": "26.77",
        "202304": "28.74",
        "202305": "30.09",
        "202306": "29.38",
        "202307": "27.94",
        "202308": "24.79",
        "202309": "25.47",
        "202310": "24.08",
        "202311": "24.15",
        "202312": "25.15"
    },
    "quarters": {
        "20011": {
            "year_quarter": 20011,
            "year": 2001,
            "quarter": 1,
            "eps": null,
            "eps_growth_year": null,
            "eps_4q": null,
            "eps_4q_growth_year": null,
            "roe": null,
            "roe_4q": 0,
            "gross_profit": null,
            "gross_margin": null,
            "gross_margin_4q_avg": 0,
            "net_income": null,
            "net_income_4q": null,
            "revenue": null,
            "revenue_4q": null,
            "common_shares": null,
            "book_valuer_per_share": null,
            "book_valuer_per_share_4q_avg": 0,
            "equity": null,
            "current_ratio": null,
            "debt_ratio": null,
            "inventory_turnover_ratio": null,
            "account_receivable_turnover_ratio": null,
            "reinvestment_rate": null,
            "research_to_sale_ratio": null,
            "price_fair": 0,
            "eps_avg_yearly": 0,
            "eps_latest_yearly": 0,
            "eps_growth_yearly": 0
        },
        "20012": {
            "year_quarter": 20012,
            "year": 2001,
            "quarter": 2,
            "eps": null,
            "eps_growth_year": null,
            "eps_4q": null,
            "eps_4q_growth_year": null,
            "roe": null,
            "roe_4q": 0,
            "gross_profit": null,
            "gross_margin": null,
            "gross_margin_4q_avg": 0,
            "net_income": null,
            "net_income_4q": null,
            "revenue": null,
            "revenue_4q": null,
            "common_shares": null,
            "book_valuer_per_share": null,
            "book_valuer_per_share_4q_avg": 0,
            "equity": null,
            "current_ratio": null,
            "debt_ratio": null,
            "inventory_turnover_ratio": null,
            "account_receivable_turnover_ratio": null,
            "reinvestment_rate": null,
            "research_to_sale_ratio": null,
            "price_fair": 0,
            "eps_avg_yearly": 0,
            "eps_latest_yearly": 0,
            "eps_growth_yearly": 0
        },
        "20013": {
            "year_quarter": 20013,
            "year": 2001,
            "quarter": 3,
            "eps": null,
            "eps_growth_year": null,
            "eps_4q": null,
            "eps_4q_growth_year": null,
            "roe": null,
            "roe_4q": 0,
            "gross_profit": null,
            "gross_margin": null,
            "gross_margin_4q_avg": 0,
            "net_income": null,
            "net_income_4q": null,
            "revenue": null,
            "revenue_4q": null,
            "common_shares": null,
            "book_valuer_per_share": null,
            "book_valuer_per_share_4q_avg": 0,
            "equity": null,
            "current_ratio": null,
            "debt_ratio": null,
            "inventory_turnover_ratio": null,
            "account_receivable_turnover_ratio": null,
            "reinvestment_rate": null,
            "research_to_sale_ratio": null,
            "price_fair": 0,
            "eps_avg_yearly": 0,
            "eps_latest_yearly": 0,
            "eps_growth_yearly": 0
        },
        "20014": {
            "year_quarter": 20014,
            "year": 2001,
            "quarter": 4,
            "eps": null,
            "eps_growth_year": null,
            "eps_4q": null,
            "eps_4q_growth_year": null,
            "roe": null,
            "roe_4q": 0,
            "gross_profit": null,
            "gross_margin": null,
            "gross_margin_4q_avg": 0,
            "net_income": null,
            "net_income_4q": null,
            "revenue": null,
            "revenue_4q": null,
            "common_shares": 534000,
            "book_valuer_per_share": 13.29,
            "book_valuer_per_share_4q_avg": 3.32,
            "equity": 709742,
            "current_ratio": 117.88,
            "debt_ratio": 42.73,
            "inventory_turnover_ratio": null,
            "account_receivable_turnover_ratio": null,
            "reinvestment_rate": null,
            "research_to_sale_ratio": null,
            "price_fair": 0,
            "eps_avg_yearly": 0,
            "eps_latest_yearly": 0,
            "eps_growth_yearly": 0
        },
        "20021": {
            "year_quarter": 20021,
            "year": 2002,
            "quarter": 1,
            "eps": null,
            "eps_growth_year": null,
            "eps_4q": null,
            "eps_4q_growth_year": null,
            "roe": null,
            "roe_4q": 0,
            "gross_profit": null,
            "gross_margin": null,
            "gross_margin_4q_avg": 0,
            "net_income": null,
            "net_income_4q": null,
            "revenue": null,
            "revenue_4q": null,
            "common_shares": null,
            "book_valuer_per_share": null,
            "book_valuer_per_share_4q_avg": 3.32,
            "equity": null,
            "current_ratio": null,
            "debt_ratio": null,
            "inventory_turnover_ratio": null,
            "account_receivable_turnover_ratio": null,
            "reinvestment_rate": null,
            "research_to_sale_ratio": null,
            "price_fair": 0,
            "eps_avg_yearly": 0,
            "eps_latest_yearly": 0,
            "eps_growth_yearly": 0
        },
        "20022": {
            "year_quarter": 20022,
            "year": 2002,
            "quarter": 2,
            "eps": null,
            "eps_growth_year": null,
            "eps_4q": null,
            "eps_4q_growth_year": null,
            "roe": null,
            "roe_4q": 0,
            "gross_profit": null,
            "gross_margin": null,
            "gross_margin_4q_avg": 0,
            "net_income": null,
            "net_income_4q": null,
            "revenue": null,
            "revenue_4q": null,
            "common_shares": null,
            "book_valuer_per_share": null,
            "book_valuer_per_share_4q_avg": 3.32,
            "equity": null,
            "current_ratio": null,
            "debt_ratio": null,
            "inventory_turnover_ratio": null,
            "account_receivable_turnover_ratio": null,
            "reinvestment_rate": null,
            "research_to_sale_ratio": null,
            "price_fair": 0,
            "eps_avg_yearly": 0,
            "eps_latest_yearly": 0,
            "eps_growth_yearly": 0
        },
        "20023": {
            "year_quarter": 20023,
            "year": 2002,
            "quarter": 3,
            "eps": null,
            "eps_growth_year": null,
            "eps_4q": null,
            "eps_4q_growth_year": null,
            "roe": null,
            "roe_4q": 0,
            "gross_profit": null,
            "gross_margin": null,
            "gross_margin_4q_avg": 0,
            "net_income": null,
            "net_income_4q": null,
            "revenue": null,
            "revenue_4q": null,
            "common_shares": null,
            "book_valuer_per_share": null,
            "book_valuer_per_share_4q_avg": 3.32,
            "equity": null,
            "current_ratio": null,
            "debt_ratio": null,
            "inventory_turnover_ratio": null,
            "account_receivable_turnover_ratio": null,
            "reinvestment_rate": null,
            "research_to_sale_ratio": null,
            "price_fair": 0,
            "eps_avg_yearly": 0,
            "eps_latest_yearly": 0,
            "eps_growth_yearly": 0
        },
        "20024": {
            "year_quarter": 20024,
            "year": 2002,
            "quarter": 4,
            "eps": null,
            "eps_growth_year": null,
            "eps_4q": null,
            "eps_4q_growth_year": null,
            "roe": null,
            "roe_4q": 0,
            "gross_profit": null,
            "gross_margin": null,
            "gross_margin_4q_avg": 0,
            "net_income": null,
            "net_income_4q": null,
            "revenue": null,
            "revenue_4q": null,
            "common_shares": 636000,
            "book_valuer_per_share": 11.16,
            "book_valuer_per_share_4q_avg": 2.79,
            "equity": 985694,
            "current_ratio": 106.57,
            "debt_ratio": 43.06,
            "inventory_turnover_ratio": null,
            "account_receivable_turnover_ratio": null,
            "reinvestment_rate": null,
            "research_to_sale_ratio": null,
            "price_fair": 0,
            "eps_avg_yearly": 0,
            "eps_latest_yearly": 0,
            "eps_growth_yearly": 0
        },
        "20031": {
            "year_quarter": 20031,
            "year": 2003,
            "quarter": 1,
            "eps": null,
            "eps_growth_year": null,
            "eps_4q": null,
            "eps_4q_growth_year": null,
            "roe": null,
            "roe_4q": 0,
            "gross_profit": null,
            "gross_margin": null,
            "gross_margin_4q_avg": 0,
            "net_income": null,
            "net_income_4q": null,
            "revenue": null,
            "revenue_4q": null,
            "common_shares": null,
            "book_valuer_per_share": null,
            "book_valuer_per_share_4q_avg": 2.79,
            "equity": null,
            "current_ratio": null,
            "debt_ratio": null,
            "inventory_turnover_ratio": null,
            "account_receivable_turnover_ratio": null,
            "reinvestment_rate": null,
            "research_to_sale_ratio": null,
            "price_fair": 0,
            "eps_avg_yearly": 0,
            "eps_latest_yearly": 0,
            "eps_growth_yearly": 0
        },
        "20032": {
            "year_quarter": 20032,
            "year": 2003,
            "quarter": 2,
            "eps": null,
            "eps_growth_year": null,
            "eps_4q": null,
            "eps_4q_growth_year": null,
            "roe": null,
            "roe_4q": 0,
            "gross_profit": null,
            "gross_margin": null,
            "gross_margin_4q_avg": 0,
            "net_income": null,
            "net_income_4q": null,
            "revenue": null,
            "revenue_4q": null,
            "common_shares": null,
            "book_valuer_per_share": null,
            "book_valuer_per_share_4q_avg": 2.79,
            "equity": null,
            "current_ratio": null,
            "debt_ratio": null,
            "inventory_turnover_ratio": null,
            "account_receivable_turnover_ratio": null,
            "reinvestment_rate": null,
            "research_to_sale_ratio": null,
            "price_fair": 0,
            "eps_avg_yearly": 0,
            "eps_latest_yearly": 0,
            "eps_growth_yearly": 0
        },
        "20033": {
            "year_quarter": 20033,
            "year": 2003,
            "quarter": 3,
            "eps": 0.38,
            "eps_growth_year": null,
            "eps_4q": null,
            "eps_4q_growth_year": null,
            "roe": 3.2,
            "roe_4q": 3.2,
            "gross_profit": 59001,
            "gross_margin": 30.63,
            "gross_margin_4q_avg": 7.66,
            "net_income": 24408,
            "net_income_4q": null,
            "revenue": 192620,
            "revenue_4q": null,
            "common_shares": 636000,
            "book_valuer_per_share": 12,
            "book_valuer_per_share_4q_avg": 5.79,
            "equity": 762951,
            "current_ratio": 123.16,
            "debt_ratio": 36.13,
            "inventory_turnover_ratio": 0.79,
            "account_receivable_turnover_ratio": null,
            "reinvestment_rate": null,
            "research_to_sale_ratio": null,
            "price_fair": 0,
            "eps_avg_yearly": 0,
            "eps_latest_yearly": 0,
            "eps_growth_yearly": 0
        },
        "20034": {
            "year_quarter": 20034,
            "year": 2003,
            "quarter": 4,
            "eps": 0.48,
            "eps_growth_year": null,
            "eps_4q": null,
            "eps_4q_growth_year": null,
            "roe": 3.52,
            "roe_4q": 6.720000000000001,
            "gross_profit": 65144,
            "gross_margin": 30.66,
            "gross_margin_4q_avg": 15.32,
            "net_income": 30677,
            "net_income_4q": null,
            "revenue": 212500,
            "revenue_4q": null,
            "common_shares": 636000,
            "book_valuer_per_share": 12.48,
            "book_valuer_per_share_4q_avg": 6.12,
            "equity": 978265,
            "current_ratio": 101.96,
            "debt_ratio": 44.29,
            "inventory_turnover_ratio": 0.72,
            "account_receivable_turnover_ratio": null,
            "reinvestment_rate": null,
            "research_to_sale_ratio": null,
            "price_fair": 67.2,
            "eps_avg_yearly": 1.92,
            "eps_latest_yearly": 1.92,
            "eps_growth_yearly": 105.26
        },
        "20041": {
            "year_quarter": 20041,
            "year": 2004,
            "quarter": 1,
            "eps": 0.53,
            "eps_growth_year": null,
            "eps_4q": null,
            "eps_4q_growth_year": null,
            "roe": 3.71,
            "roe_4q": 10.43,
            "gross_profit": 64206,
            "gross_margin": 32.3,
            "gross_margin_4q_avg": 23.4,
            "net_income": 33417,
            "net_income_4q": null,
            "revenue": 198787,
            "revenue_4q": null,
            "common_shares": 636000,
            "book_valuer_per_share": 12.92,
            "book_valuer_per_share_4q_avg": 9.35,
            "equity": 821695,
            "current_ratio": 177.72,
            "debt_ratio": 33.24,
            "inventory_turnover_ratio": 0.68,
            "account_receivable_turnover_ratio": null,
            "reinvestment_rate": null,
            "research_to_sale_ratio": null,
            "price_fair": 70.7,
            "eps_avg_yearly": 2.02,
            "eps_latest_yearly": 2.12,
            "eps_growth_yearly": 73.46
        },
        "20042": {
            "year_quarter": 20042,
            "year": 2004,
            "quarter": 2,
            "eps": 0.65,
            "eps_growth_year": null,
            "eps_4q": 1.94,
            "eps_4q_growth_year": null,
            "roe": 5.3,
            "roe_4q": 15.73,
            "gross_profit": 73646,
            "gross_margin": 34.69,
            "gross_margin_4q_avg": 32.07,
            "net_income": 44516,
            "net_income_4q": null,
            "revenue": 212292,
            "revenue_4q": null,
            "common_shares": 636000,
            "book_valuer_per_share": 13.49,
            "book_valuer_per_share_4q_avg": 12.72,
            "equity": 857945,
            "current_ratio": 232.61,
            "debt_ratio": 31.24,
            "inventory_turnover_ratio": 0.87,
            "account_receivable_turnover_ratio": null,
            "reinvestment_rate": null,
            "research_to_sale_ratio": null,
            "price_fair": 77.47,
            "eps_avg_yearly": 2.21,
            "eps_latest_yearly": 2.6,
            "eps_growth_yearly": 79.17
        },
        "20043": {
            "year_quarter": 20043,
            "year": 2004,
            "quarter": 3,
            "eps": 0.62,
            "eps_growth_year": 63.16,
            "eps_4q": 2.2,
            "eps_4q_growth_year": null,
            "roe": 4.83,
            "roe_4q": 17.36,
            "gross_profit": 67221,
            "gross_margin": 32.6,
            "gross_margin_4q_avg": 32.56,
            "net_income": 42536,
            "net_income_4q": null,
            "revenue": 206169,
            "revenue_4q": null,
            "common_shares": 688880,
            "book_valuer_per_share": 13.09,
            "book_valuer_per_share_4q_avg": 13,
            "equity": 901913,
            "current_ratio": 233.75,
            "debt_ratio": 31.42,
            "inventory_turnover_ratio": 0.83,
            "account_receivable_turnover_ratio": null,
            "reinvestment_rate": null,
            "research_to_sale_ratio": null,
            "price_fair": 79.8,
            "eps_avg_yearly": 2.28,
            "eps_latest_yearly": 2.48,
            "eps_growth_yearly": 54.76
        },
        "20044": {
            "year_quarter": 20044,
            "year": 2004,
            "quarter": 4,
            "eps": 0.34,
            "eps_growth_year": -29.17,
            "eps_4q": 2.11,
            "eps_4q_growth_year": null,
            "roe": 2.28,
            "roe_4q": 16.12,
            "gross_profit": 56813,
            "gross_margin": 26.75,
            "gross_margin_4q_avg": 31.59,
            "net_income": 23194,
            "net_income_4q": null,
            "revenue": 212410,
            "revenue_4q": null,
            "common_shares": 688880,
            "book_valuer_per_share": 13.21,
            "book_valuer_per_share_4q_avg": 13.18,
            "equity": 1130500,
            "current_ratio": 123.72,
            "debt_ratio": 42.86,
            "inventory_turnover_ratio": 0.7,
            "account_receivable_turnover_ratio": null,
            "reinvestment_rate": null,
            "research_to_sale_ratio": null,
            "price_fair": 37.05,
            "eps_avg_yearly": 2.1,
            "eps_latest_yearly": 1.36,
            "eps_growth_yearly": 7.68
        },
        "20051": {
            "year_quarter": 20051,
            "year": 2005,
            "quarter": 1,
            "eps": 0.4,
            "eps_growth_year": -24.53,
            "eps_4q": 2.01,
            "eps_4q_growth_year": null,
            "roe": 2.66,
            "roe_4q": 15.07,
            "gross_profit": 57206,
            "gross_margin": 27.1,
            "gross_margin_4q_avg": 30.29,
            "net_income": 27454,
            "net_income_4q": null,
            "revenue": 211072,
            "revenue_4q": null,
            "common_shares": 688880,
            "book_valuer_per_share": 13.59,
            "book_valuer_per_share_4q_avg": 13.35,
            "equity": 935938,
            "current_ratio": 158.24,
            "debt_ratio": 38.23,
            "inventory_turnover_ratio": 0.67,
            "account_receivable_turnover_ratio": null,
            "reinvestment_rate": null,
            "research_to_sale_ratio": null,
            "price_fair": 56.7,
            "eps_avg_yearly": 2.01,
            "eps_latest_yearly": 1.6,
            "eps_growth_yearly": 18.16
        },
        "20052": {
            "year_quarter": 20052,
            "year": 2005,
            "quarter": 2,
            "eps": 0.46,
            "eps_growth_year": -29.23,
            "eps_4q": 1.69,
            "eps_4q_growth_year": -13.09,
            "roe": 3.73,
            "roe_4q": 13.5,
            "gross_profit": 57916,
            "gross_margin": 25.42,
            "gross_margin_4q_avg": 27.97,
            "net_income": 34904,
            "net_income_4q": null,
            "revenue": 227828,
            "revenue_4q": null,
            "common_shares": 688880,
            "book_valuer_per_share": 13.57,
            "book_valuer_per_share_4q_avg": 13.37,
            "equity": 934832,
            "current_ratio": 162.31,
            "debt_ratio": 40.18,
            "inventory_turnover_ratio": 0.94,
            "account_receivable_turnover_ratio": null,
            "reinvestment_rate": null,
            "research_to_sale_ratio": null,
            "price_fair": 67.89,
            "eps_avg_yearly": 1.99,
            "eps_latest_yearly": 1.84,
            "eps_growth_yearly": 24.14
        },
        "20053": {
            "year_quarter": 20053,
            "year": 2005,
            "quarter": 3,
            "eps": 0.71,
            "eps_growth_year": 14.52,
            "eps_4q": 1.84,
            "eps_4q_growth_year": -16.63,
            "roe": 5.55,
            "roe_4q": 14.219999999999999,
            "gross_profit": 60292,
            "gross_margin": 24.83,
            "gross_margin_4q_avg": 26.03,
            "net_income": 53913,
            "net_income_4q": null,
            "revenue": 242840,
            "revenue_4q": null,
            "common_shares": 759768,
            "book_valuer_per_share": 13.25,
            "book_valuer_per_share_4q_avg": 13.41,
            "equity": 1006874,
            "current_ratio": 152.84,
            "debt_ratio": 41.56,
            "inventory_turnover_ratio": 1.12,
            "account_receivable_turnover_ratio": null,
            "reinvestment_rate": null,
            "research_to_sale_ratio": null,
            "price_fair": 73.33,
            "eps_avg_yearly": 2.1,
            "eps_latest_yearly": 2.84,
            "eps_growth_yearly": 48.3
        },
        "20054": {
            "year_quarter": 20054,
            "year": 2005,
            "quarter": 4,
            "eps": 0.38,
            "eps_growth_year": 11.76,
            "eps_4q": 1.9,
            "eps_4q_growth_year": -9.83,
            "roe": 2.5,
            "roe_4q": 14.440000000000001,
            "gross_profit": 59736,
            "gross_margin": 22.78,
            "gross_margin_4q_avg": 25.03,
            "net_income": 29087,
            "net_income_4q": null,
            "revenue": 262226,
            "revenue_4q": null,
            "common_shares": 759768,
            "book_valuer_per_share": 13.52,
            "book_valuer_per_share_4q_avg": 13.48,
            "equity": 1318973,
            "current_ratio": 116.11,
            "debt_ratio": 50.36,
            "inventory_turnover_ratio": 1.01,
            "account_receivable_turnover_ratio": null,
            "reinvestment_rate": null,
            "research_to_sale_ratio": null,
            "price_fair": 65.55,
            "eps_avg_yearly": 2.03,
            "eps_latest_yearly": 1.52,
            "eps_growth_yearly": 22.27
        },
        "20061": {
            "year_quarter": 20061,
            "year": 2006,
            "quarter": 1,
            "eps": 0.38,
            "eps_growth_year": -5,
            "eps_4q": 1.92,
            "eps_4q_growth_year": -4.54,
            "roe": 2.46,
            "roe_4q": 14.24,
            "gross_profit": 63738,
            "gross_margin": 23.71,
            "gross_margin_4q_avg": 24.19,
            "net_income": 29183,
            "net_income_4q": null,
            "revenue": 268827,
            "revenue_4q": null,
            "common_shares": 759768,
            "book_valuer_per_share": 13.83,
            "book_valuer_per_share_4q_avg": 13.54,
            "equity": 1050558,
            "current_ratio": 168.59,
            "debt_ratio": 42.42,
            "inventory_turnover_ratio": 0.98,
            "account_receivable_turnover_ratio": null,
            "reinvestment_rate": null,
            "research_to_sale_ratio": null,
            "price_fair": 59.49,
            "eps_avg_yearly": 1.98,
            "eps_latest_yearly": 1.52,
            "eps_growth_yearly": 20.05
        },
        "20062": {
            "year_quarter": 20062,
            "year": 2006,
            "quarter": 2,
            "eps": 0.26,
            "eps_growth_year": -43.48,
            "eps_4q": 1.72,
            "eps_4q_growth_year": 2.02,
            "roe": 1.89,
            "roe_4q": 12.399999999999999,
            "gross_profit": 54655,
            "gross_margin": 18.26,
            "gross_margin_4q_avg": 22.4,
            "net_income": 19949,
            "net_income_4q": null,
            "revenue": 299245,
            "revenue_4q": null,
            "common_shares": 759768,
            "book_valuer_per_share": 13.9,
            "book_valuer_per_share_4q_avg": 13.63,
            "equity": 1056414,
            "current_ratio": 156.33,
            "debt_ratio": 44.62,
            "inventory_turnover_ratio": 1.35,
            "account_receivable_turnover_ratio": null,
            "reinvestment_rate": null,
            "research_to_sale_ratio": null,
            "price_fair": 31.71,
            "eps_avg_yearly": 1.89,
            "eps_latest_yearly": 1.04,
            "eps_growth_yearly": 6.74
        },
        "20063": {
            "year_quarter": 20063,
            "year": 2006,
            "quarter": 3,
            "eps": 0.22,
            "eps_growth_year": -69.01,
            "eps_4q": 1.14,
            "eps_4q_growth_year": -37.78,
            "roe": 1.73,
            "roe_4q": 8.58,
            "gross_profit": 34486,
            "gross_margin": 12.64,
            "gross_margin_4q_avg": 19.35,
            "net_income": 18649,
            "net_income_4q": null,
            "revenue": 272747,
            "revenue_4q": null,
            "common_shares": 859610,
            "book_valuer_per_share": 12.75,
            "book_valuer_per_share_4q_avg": 13.5,
            "equity": 1096212,
            "current_ratio": 162.14,
            "debt_ratio": 45.1,
            "inventory_turnover_ratio": 1.12,
            "account_receivable_turnover_ratio": null,
            "reinvestment_rate": null,
            "research_to_sale_ratio": null,
            "price_fair": 20,
            "eps_avg_yearly": 1.81,
            "eps_latest_yearly": 0.88,
            "eps_growth_yearly": 1.05
        },
        "20064": {
            "year_quarter": 20064,
            "year": 2006,
            "quarter": 4,
            "eps": -0.14,
            "eps_growth_year": -136.84,
            "eps_4q": 0.32,
            "eps_4q_growth_year": -82.97,
            "roe": -0.96,
            "roe_4q": 5.12,
            "gross_profit": 32996,
            "gross_margin": 10.74,
            "gross_margin_4q_avg": 16.34,
            "net_income": -12121,
            "net_income_4q": null,
            "revenue": 307098,
            "revenue_4q": null,
            "common_shares": 859610,
            "book_valuer_per_share": 12.62,
            "book_valuer_per_share_4q_avg": 13.28,
            "equity": 1441482,
            "current_ratio": 98.63,
            "debt_ratio": 57.1,
            "inventory_turnover_ratio": 0.77,
            "account_receivable_turnover_ratio": null,
            "reinvestment_rate": null,
            "research_to_sale_ratio": null,
            "price_fair": 20,
            "eps_avg_yearly": 1.81,
            "eps_latest_yearly": 0.88,
            "eps_growth_yearly": 1.05
        },
        "20071": {
            "year_quarter": 20071,
            "year": 2007,
            "quarter": 1,
            "eps": 0.08,
            "eps_growth_year": -78.95,
            "eps_4q": 0.38,
            "eps_4q_growth_year": -79.97,
            "roe": 0.55,
            "roe_4q": 3.21,
            "gross_profit": 44025,
            "gross_margin": 17.79,
            "gross_margin_4q_avg": 14.86,
            "net_income": 6978,
            "net_income_4q": null,
            "revenue": 247458,
            "revenue_4q": null,
            "common_shares": 862130,
            "book_valuer_per_share": 12.83,
            "book_valuer_per_share_4q_avg": 13.03,
            "equity": 1106350,
            "current_ratio": 153.74,
            "debt_ratio": 44.96,
            "inventory_turnover_ratio": 0.5,
            "account_receivable_turnover_ratio": null,
            "reinvestment_rate": null,
            "research_to_sale_ratio": null,
            "price_fair": 20,
            "eps_avg_yearly": 1.81,
            "eps_latest_yearly": 0.88,
            "eps_growth_yearly": 1.05
        },
        "20072": {
            "year_quarter": 20072,
            "year": 2007,
            "quarter": 2,
            "eps": 0.2,
            "eps_growth_year": -23.08,
            "eps_4q": 0.35,
            "eps_4q_growth_year": -79.48,
            "roe": 1.58,
            "roe_4q": 2.9,
            "gross_profit": 36562,
            "gross_margin": 11.88,
            "gross_margin_4q_avg": 13.26,
            "net_income": 17605,
            "net_income_4q": null,
            "revenue": 307635,
            "revenue_4q": null,
            "common_shares": 863180,
            "book_valuer_per_share": 12.97,
            "book_valuer_per_share_4q_avg": 12.79,
            "equity": 1119683,
            "current_ratio": 145.11,
            "debt_ratio": 45.92,
            "inventory_turnover_ratio": 0.81,
            "account_receivable_turnover_ratio": null,
            "reinvestment_rate": 114.48,
            "research_to_sale_ratio": null,
            "price_fair": 60.63,
            "eps_avg_yearly": 1.73,
            "eps_latest_yearly": 0.8,
            "eps_growth_yearly": 47.12
        },
        "20073": {
            "year_quarter": 20073,
            "year": 2007,
            "quarter": 3,
            "eps": 0.28,
            "eps_growth_year": 27.27,
            "eps_4q": 0.42,
            "eps_4q_growth_year": -63.45,
            "roe": 1.82,
            "roe_4q": 2.99,
            "gross_profit": 35810,
            "gross_margin": 10.73,
            "gross_margin_4q_avg": 12.79,
            "net_income": 25355,
            "net_income_4q": null,
            "revenue": 333675,
            "revenue_4q": null,
            "common_shares": 1058561,
            "book_valuer_per_share": 15.82,
            "book_valuer_per_share_4q_avg": 13.56,
            "equity": 1674132,
            "current_ratio": 234.2,
            "debt_ratio": 33.32,
            "inventory_turnover_ratio": 0.93,
            "account_receivable_turnover_ratio": null,
            "reinvestment_rate": 21.5,
            "research_to_sale_ratio": null,
            "price_fair": 59.1,
            "eps_avg_yearly": 1.69,
            "eps_latest_yearly": 1.12,
            "eps_growth_yearly": 55.19
        },
        "20074": {
            "year_quarter": 20074,
            "year": 2007,
            "quarter": 4,
            "eps": 0.55,
            "eps_growth_year": null,
            "eps_4q": 1.08,
            "eps_4q_growth_year": 232.35,
            "roe": 2.72,
            "roe_4q": 6.67,
            "gross_profit": 59845,
            "gross_margin": 17.66,
            "gross_margin_4q_avg": 14.52,
            "net_income": 52309,
            "net_income_4q": null,
            "revenue": 338906,
            "revenue_4q": null,
            "common_shares": 1063021,
            "book_valuer_per_share": 16.29,
            "book_valuer_per_share_4q_avg": 14.48,
            "equity": 2167679,
            "current_ratio": 165.3,
            "debt_ratio": 49.49,
            "inventory_turnover_ratio": 0.65,
            "account_receivable_turnover_ratio": null,
            "reinvestment_rate": 240.4,
            "research_to_sale_ratio": null,
            "price_fair": 59.8,
            "eps_avg_yearly": 1.71,
            "eps_latest_yearly": 2.2,
            "eps_growth_yearly": 75.22
        },
        "20081": {
            "year_quarter": 20081,
            "year": 2008,
            "quarter": 1,
            "eps": -0.03,
            "eps_growth_year": -137.5,
            "eps_4q": 0.53,
            "eps_4q_growth_year": 37.4,
            "roe": 0.24,
            "roe_4q": 6.36,
            "gross_profit": 100585,
            "gross_margin": 20.86,
            "gross_margin_4q_avg": 15.28,
            "net_income": 5267,
            "net_income_4q": null,
            "revenue": 482119,
            "revenue_4q": null,
            "common_shares": 1068181,
            "book_valuer_per_share": 16.11,
            "book_valuer_per_share_4q_avg": 15.3,
            "equity": 2154198,
            "current_ratio": 149.13,
            "debt_ratio": 51.68,
            "inventory_turnover_ratio": 0.68,
            "account_receivable_turnover_ratio": null,
            "reinvestment_rate": 388.78,
            "research_to_sale_ratio": null,
            "price_fair": 58.69,
            "eps_avg_yearly": 1.68,
            "eps_latest_yearly": 2.2,
            "eps_growth_yearly": 77.8
        },
        "20082": {
            "year_quarter": 20082,
            "year": 2008,
            "quarter": 2,
            "eps": 0.25,
            "eps_growth_year": 25,
            "eps_4q": 0.86,
            "eps_4q_growth_year": 143.16,
            "roe": 1.37,
            "roe_4q": 6.15,
            "gross_profit": 122194,
            "gross_margin": 22.3,
            "gross_margin_4q_avg": 17.89,
            "net_income": 29675,
            "net_income_4q": null,
            "revenue": 547962,
            "revenue_4q": null,
            "common_shares": 1068181,
            "book_valuer_per_share": 16.33,
            "book_valuer_per_share_4q_avg": 16.14,
            "equity": 2190027,
            "current_ratio": 133.27,
            "debt_ratio": 52.46,
            "inventory_turnover_ratio": 0.73,
            "account_receivable_turnover_ratio": null,
            "reinvestment_rate": 469.72,
            "research_to_sale_ratio": null,
            "price_fair": 56,
            "eps_avg_yearly": 1.6,
            "eps_latest_yearly": 2.2,
            "eps_growth_yearly": 76.73
        },
        "20083": {
            "year_quarter": 20083,
            "year": 2008,
            "quarter": 3,
            "eps": 0.23,
            "eps_growth_year": -17.86,
            "eps_4q": 0.83,
            "eps_4q_growth_year": 98.88,
            "roe": 1.27,
            "roe_4q": 5.6,
            "gross_profit": 99776,
            "gross_margin": 18.75,
            "gross_margin_4q_avg": 19.89,
            "net_income": 28433,
            "net_income_4q": null,
            "revenue": 532071,
            "revenue_4q": null,
            "common_shares": 1144592,
            "book_valuer_per_share": 15.77,
            "book_valuer_per_share_4q_avg": 16.13,
            "equity": 2283064,
            "current_ratio": 116.58,
            "debt_ratio": 54.61,
            "inventory_turnover_ratio": 0.69,
            "account_receivable_turnover_ratio": null,
            "reinvestment_rate": 563.17,
            "research_to_sale_ratio": null,
            "price_fair": 51.45,
            "eps_avg_yearly": 1.47,
            "eps_latest_yearly": 0.92,
            "eps_growth_yearly": 75.61
        },
        "20084": {
            "year_quarter": 20084,
            "year": 2008,
            "quarter": 4,
            "eps": -0.28,
            "eps_growth_year": -150.91,
            "eps_4q": 0.16,
            "eps_4q_growth_year": -84.84,
            "roe": -1.97,
            "roe_4q": 0.9100000000000001,
            "gross_profit": 28952,
            "gross_margin": 8.32,
            "gross_margin_4q_avg": 17.56,
            "net_income": -45414,
            "net_income_4q": null,
            "revenue": 347920,
            "revenue_4q": null,
            "common_shares": 1147392,
            "book_valuer_per_share": 15.48,
            "book_valuer_per_share_4q_avg": 15.92,
            "equity": 2322831,
            "current_ratio": 108.74,
            "debt_ratio": 53.49,
            "inventory_turnover_ratio": 0.44,
            "account_receivable_turnover_ratio": 1.43,
            "reinvestment_rate": 572.83,
            "research_to_sale_ratio": null,
            "price_fair": 51.8,
            "eps_avg_yearly": 1.48,
            "eps_latest_yearly": 0.92,
            "eps_growth_yearly": 98.9
        },
        "20091": {
            "year_quarter": 20091,
            "year": 2009,
            "quarter": 1,
            "eps": -0.78,
            "eps_growth_year": null,
            "eps_4q": -0.6,
            "eps_4q_growth_year": -213.29,
            "roe": -4.74,
            "roe_4q": -4.069999999999999,
            "gross_profit": -46788,
            "gross_margin": -14.84,
            "gross_margin_4q_avg": 8.63,
            "net_income": -109888,
            "net_income_4q": null,
            "revenue": 315204,
            "revenue_4q": null,
            "common_shares": 1148132,
            "book_valuer_per_share": 14.86,
            "book_valuer_per_share_4q_avg": 15.61,
            "equity": 2317110,
            "current_ratio": 98.08,
            "debt_ratio": 52.99,
            "inventory_turnover_ratio": 0.5,
            "account_receivable_turnover_ratio": 0.72,
            "reinvestment_rate": 1301.24,
            "research_to_sale_ratio": null,
            "price_fair": 51.38,
            "eps_avg_yearly": 1.47,
            "eps_latest_yearly": 0.92,
            "eps_growth_yearly": 101.73
        },
        "20092": {
            "year_quarter": 20092,
            "year": 2009,
            "quarter": 2,
            "eps": -0.49,
            "eps_growth_year": -296,
            "eps_4q": -1.32,
            "eps_4q_growth_year": -253.75,
            "roe": -3.88,
            "roe_4q": -9.320000000000002,
            "gross_profit": 1135,
            "gross_margin": 0.25,
            "gross_margin_4q_avg": 3.12,
            "net_income": -87631,
            "net_income_4q": null,
            "revenue": 456460,
            "revenue_4q": null,
            "common_shares": 1148542,
            "book_valuer_per_share": 14.25,
            "book_valuer_per_share_4q_avg": 15.09,
            "equity": 2196318,
            "current_ratio": 83.24,
            "debt_ratio": 54.86,
            "inventory_turnover_ratio": 0.71,
            "account_receivable_turnover_ratio": 0.98,
            "reinvestment_rate": 2942.54,
            "research_to_sale_ratio": null,
            "price_fair": 49.93,
            "eps_avg_yearly": 1.43,
            "eps_latest_yearly": 0.92,
            "eps_growth_yearly": 106.37
        },
        "20093": {
            "year_quarter": 20093,
            "year": 2009,
            "quarter": 3,
            "eps": -0.15,
            "eps_growth_year": -165.22,
            "eps_4q": -1.7,
            "eps_4q_growth_year": -304.58,
            "roe": -1.86,
            "roe_4q": -12.450000000000001,
            "gross_profit": 65981,
            "gross_margin": 12.96,
            "gross_margin_4q_avg": 1.67,
            "net_income": -40207,
            "net_income_4q": null,
            "revenue": 509050,
            "revenue_4q": null,
            "common_shares": 1149582,
            "book_valuer_per_share": 13.99,
            "book_valuer_per_share_4q_avg": 14.65,
            "equity": 2135751,
            "current_ratio": 82.75,
            "debt_ratio": 58.26,
            "inventory_turnover_ratio": 0.74,
            "account_receivable_turnover_ratio": 0.87,
            "reinvestment_rate": 13419.58,
            "research_to_sale_ratio": null,
            "price_fair": 43.75,
            "eps_avg_yearly": 1.25,
            "eps_latest_yearly": 0.92,
            "eps_growth_yearly": 92.49
        },
        "20094": {
            "year_quarter": 20094,
            "year": 2009,
            "quarter": 4,
            "eps": 0.25,
            "eps_growth_year": null,
            "eps_4q": -1.17,
            "eps_4q_growth_year": -814.94,
            "roe": 0.05,
            "roe_4q": -10.43,
            "gross_profit": 84996,
            "gross_margin": 16.32,
            "gross_margin_4q_avg": 3.67,
            "net_income": 1073,
            "net_income_4q": null,
            "revenue": 520816,
            "revenue_4q": null,
            "common_shares": 1152732,
            "book_valuer_per_share": 14.26,
            "book_valuer_per_share_4q_avg": 14.34,
            "equity": 2260165,
            "current_ratio": 85.7,
            "debt_ratio": 59.26,
            "inventory_turnover_ratio": 0.69,
            "account_receivable_turnover_ratio": 1.31,
            "reinvestment_rate": 20256.05,
            "research_to_sale_ratio": null,
            "price_fair": 42.4,
            "eps_avg_yearly": 1.21,
            "eps_latest_yearly": 0.92,
            "eps_growth_yearly": 132.27
        },
        "20101": {
            "year_quarter": 20101,
            "year": 2010,
            "quarter": 1,
            "eps": 0.16,
            "eps_growth_year": null,
            "eps_4q": -0.23,
            "eps_4q_growth_year": null,
            "roe": -0.13,
            "roe_4q": -5.82,
            "gross_profit": 119088,
            "gross_margin": 18.23,
            "gross_margin_4q_avg": 11.94,
            "net_income": -2941,
            "net_income_4q": null,
            "revenue": 653202,
            "revenue_4q": null,
            "common_shares": 1153432,
            "book_valuer_per_share": 14.46,
            "book_valuer_per_share_4q_avg": 14.24,
            "equity": 2336347,
            "current_ratio": 81.82,
            "debt_ratio": 59.5,
            "inventory_turnover_ratio": 0.77,
            "account_receivable_turnover_ratio": 0.8,
            "reinvestment_rate": 12539.37,
            "research_to_sale_ratio": 3.63,
            "price_fair": 38,
            "eps_avg_yearly": 1.09,
            "eps_latest_yearly": 0.64,
            "eps_growth_yearly": 111.69
        },
        "20102": {
            "year_quarter": 20102,
            "year": 2010,
            "quarter": 2,
            "eps": 0.88,
            "eps_growth_year": null,
            "eps_4q": 1.14,
            "eps_4q_growth_year": null,
            "roe": 3.9,
            "roe_4q": 1.9599999999999997,
            "gross_profit": 226790,
            "gross_margin": 26.94,
            "gross_margin_4q_avg": 18.61,
            "net_income": 93471,
            "net_income_4q": null,
            "revenue": 841704,
            "revenue_4q": null,
            "common_shares": 1154202,
            "book_valuer_per_share": 15.52,
            "book_valuer_per_share_4q_avg": 14.56,
            "equity": 2451968,
            "current_ratio": 96.23,
            "debt_ratio": 58.31,
            "inventory_turnover_ratio": 0.86,
            "account_receivable_turnover_ratio": 0.87,
            "reinvestment_rate": 3448.47,
            "research_to_sale_ratio": 3.76,
            "price_fair": 50.4,
            "eps_avg_yearly": 1.44,
            "eps_latest_yearly": 3.52,
            "eps_growth_yearly": 386.88
        },
        "20103": {
            "year_quarter": 20103,
            "year": 2010,
            "quarter": 3,
            "eps": 1.7,
            "eps_growth_year": null,
            "eps_4q": 2.99,
            "eps_4q_growth_year": null,
            "roe": 8,
            "roe_4q": 11.82,
            "gross_profit": 361611,
            "gross_margin": 38.15,
            "gross_margin_4q_avg": 24.91,
            "net_income": 204274,
            "net_income_4q": null,
            "revenue": 947910,
            "revenue_4q": null,
            "common_shares": 1155892,
            "book_valuer_per_share": 17.18,
            "book_valuer_per_share_4q_avg": 15.36,
            "equity": 2654713,
            "current_ratio": 103.61,
            "debt_ratio": 56.8,
            "inventory_turnover_ratio": 0.77,
            "account_receivable_turnover_ratio": 0.85,
            "reinvestment_rate": 1373.55,
            "research_to_sale_ratio": 3.28,
            "price_fair": 80,
            "eps_avg_yearly": 2.29,
            "eps_latest_yearly": 6.8,
            "eps_growth_yearly": 448.92
        },
        "20104": {
            "year_quarter": 20104,
            "year": 2010,
            "quarter": 4,
            "eps": 3.86,
            "eps_growth_year": 1446,
            "eps_4q": 6.6,
            "eps_4q_growth_year": null,
            "roe": 20.85,
            "roe_4q": 32.62,
            "gross_profit": 565566,
            "gross_margin": 48.06,
            "gross_margin_4q_avg": 32.85,
            "net_income": 614337,
            "net_income_4q": null,
            "revenue": 1176789,
            "revenue_4q": null,
            "common_shares": 1158682,
            "book_valuer_per_share": 20.5,
            "book_valuer_per_share_4q_avg": 16.92,
            "equity": 3236904,
            "current_ratio": 141.5,
            "debt_ratio": 48.86,
            "inventory_turnover_ratio": 0.75,
            "account_receivable_turnover_ratio": 1.01,
            "reinvestment_rate": 485.92,
            "research_to_sale_ratio": 2.86,
            "price_fair": 137.55,
            "eps_avg_yearly": 3.93,
            "eps_latest_yearly": 15.44,
            "eps_growth_yearly": 456.33
        },
        "20111": {
            "year_quarter": 20111,
            "year": 2011,
            "quarter": 1,
            "eps": 2.73,
            "eps_growth_year": 1606.25,
            "eps_4q": 9.16,
            "eps_4q_growth_year": null,
            "roe": 9.94,
            "roe_4q": 42.69,
            "gross_profit": 562384,
            "gross_margin": 46.61,
            "gross_margin_4q_avg": 39.94,
            "net_income": 340446,
            "net_income_4q": null,
            "revenue": 1206646,
            "revenue_4q": null,
            "common_shares": 1159352,
            "book_valuer_per_share": 23.41,
            "book_valuer_per_share_4q_avg": 19.15,
            "equity": 3613652,
            "current_ratio": 143.02,
            "debt_ratio": 45.84,
            "inventory_turnover_ratio": 0.78,
            "account_receivable_turnover_ratio": 0.97,
            "reinvestment_rate": 529.19,
            "research_to_sale_ratio": 3.78,
            "price_fair": 164.73,
            "eps_avg_yearly": 4.71,
            "eps_latest_yearly": 10.92,
            "eps_growth_yearly": 392.62
        },
        "20112": {
            "year_quarter": 20112,
            "year": 2011,
            "quarter": 2,
            "eps": 0.78,
            "eps_growth_year": -11.59,
            "eps_4q": 6.65,
            "eps_4q_growth_year": 482.32,
            "roe": 3.74,
            "roe_4q": 42.53,
            "gross_profit": 304366,
            "gross_margin": 33.13,
            "gross_margin_4q_avg": 41.49,
            "net_income": 135234,
            "net_income_4q": null,
            "revenue": 918584,
            "revenue_4q": null,
            "common_shares": 1172232,
            "book_valuer_per_share": 23.29,
            "book_valuer_per_share_4q_avg": 21.1,
            "equity": 3622211,
            "current_ratio": 130.21,
            "debt_ratio": 47.14,
            "inventory_turnover_ratio": 0.73,
            "account_receivable_turnover_ratio": 0.82,
            "reinvestment_rate": 499.11,
            "research_to_sale_ratio": 3.92,
            "price_fair": 173.76,
            "eps_avg_yearly": 4.96,
            "eps_latest_yearly": 3.12,
            "eps_growth_yearly": 294.21
        },
        "20113": {
            "year_quarter": 20113,
            "year": 2011,
            "quarter": 3,
            "eps": 0.02,
            "eps_growth_year": -98.84,
            "eps_4q": 5.45,
            "eps_4q_growth_year": 82.41,
            "roe": -0.31,
            "roe_4q": 34.22,
            "gross_profit": 104922,
            "gross_margin": 16.44,
            "gross_margin_4q_avg": 36.06,
            "net_income": -11318,
            "net_income_4q": null,
            "revenue": 638237,
            "revenue_4q": null,
            "common_shares": 1641785,
            "book_valuer_per_share": 17.18,
            "book_valuer_per_share_4q_avg": 21.1,
            "equity": 3779047,
            "current_ratio": 123.24,
            "debt_ratio": 46.82,
            "inventory_turnover_ratio": 0.56,
            "account_receivable_turnover_ratio": 0.68,
            "reinvestment_rate": 531.27,
            "research_to_sale_ratio": 5.72,
            "price_fair": 169.71,
            "eps_avg_yearly": 4.85,
            "eps_latest_yearly": 0.08,
            "eps_growth_yearly": 233.12
        },
        "20114": {
            "year_quarter": 20114,
            "year": 2011,
            "quarter": 4,
            "eps": 0.25,
            "eps_growth_year": -93.58,
            "eps_4q": 2.97,
            "eps_4q_growth_year": -54.99,
            "roe": 0.97,
            "roe_4q": 14.34,
            "gross_profit": 111302,
            "gross_margin": 17.41,
            "gross_margin_4q_avg": 28.4,
            "net_income": 36739,
            "net_income_4q": null,
            "revenue": 639119,
            "revenue_4q": null,
            "common_shares": 1642525,
            "book_valuer_per_share": 17.46,
            "book_valuer_per_share_4q_avg": 20.34,
            "equity": 3823704,
            "current_ratio": 120.95,
            "debt_ratio": 46.64,
            "inventory_turnover_ratio": 0.5,
            "account_receivable_turnover_ratio": 0.75,
            "reinvestment_rate": 418.44,
            "research_to_sale_ratio": 5.46,
            "price_fair": 165.04,
            "eps_avg_yearly": 4.72,
            "eps_latest_yearly": 1,
            "eps_growth_yearly": 701.38
        },
        "20121": {
            "year_quarter": 20121,
            "year": 2012,
            "quarter": 1,
            "eps": 0,
            "eps_growth_year": -100,
            "eps_4q": 1.05,
            "eps_4q_growth_year": -88.57,
            "roe": -0.33,
            "roe_4q": 4.07,
            "gross_profit": 110252,
            "gross_margin": 15.71,
            "gross_margin_4q_avg": 20.67,
            "net_income": -12576,
            "net_income_4q": null,
            "revenue": 701689,
            "revenue_4q": null,
            "common_shares": 1644405,
            "book_valuer_per_share": 17.32,
            "book_valuer_per_share_4q_avg": 18.81,
            "equity": 3779443,
            "current_ratio": 116.8,
            "debt_ratio": 46.48,
            "inventory_turnover_ratio": 0.57,
            "account_receivable_turnover_ratio": 0.87,
            "reinvestment_rate": 407.23,
            "research_to_sale_ratio": 4.09,
            "price_fair": 165.04,
            "eps_avg_yearly": 4.72,
            "eps_latest_yearly": 1,
            "eps_growth_yearly": 701.38
        },
        "20122": {
            "year_quarter": 20122,
            "year": 2012,
            "quarter": 2,
            "eps": 0.03,
            "eps_growth_year": -96.44,
            "eps_4q": 0.27,
            "eps_4q_growth_year": -95.91,
            "roe": -0.31,
            "roe_4q": 0.019999999999999962,
            "gross_profit": 137391,
            "gross_margin": 17.29,
            "gross_margin_4q_avg": 16.71,
            "net_income": -11859,
            "net_income_4q": null,
            "revenue": 794666,
            "revenue_4q": null,
            "common_shares": 1646995,
            "book_valuer_per_share": 16.9,
            "book_valuer_per_share_4q_avg": 17.22,
            "equity": 3759566,
            "current_ratio": 113.15,
            "debt_ratio": 46.7,
            "inventory_turnover_ratio": 0.65,
            "account_receivable_turnover_ratio": 0.94,
            "reinvestment_rate": 381.79,
            "research_to_sale_ratio": 4.32,
            "price_fair": 165.04,
            "eps_avg_yearly": 4.72,
            "eps_latest_yearly": 1,
            "eps_growth_yearly": 701.38
        },
        "20123": {
            "year_quarter": 20123,
            "year": 2012,
            "quarter": 3,
            "eps": -0.02,
            "eps_growth_year": -190.96,
            "eps_4q": 0.24,
            "eps_4q_growth_year": -95.67,
            "roe": -0.59,
            "roe_4q": -0.26,
            "gross_profit": 94158,
            "gross_margin": 12.35,
            "gross_margin_4q_avg": 15.69,
            "net_income": -21955,
            "net_income_4q": null,
            "revenue": 762576,
            "revenue_4q": null,
            "common_shares": 1814547,
            "book_valuer_per_share": 15.24,
            "book_valuer_per_share_4q_avg": 16.73,
            "equity": 3714626,
            "current_ratio": 118.33,
            "debt_ratio": 43.31,
            "inventory_turnover_ratio": 0.7,
            "account_receivable_turnover_ratio": 0.92,
            "reinvestment_rate": 353.1,
            "research_to_sale_ratio": 4.12,
            "price_fair": 181.65,
            "eps_avg_yearly": 5.19,
            "eps_latest_yearly": 1,
            "eps_growth_yearly": 793.05
        },
        "20124": {
            "year_quarter": 20124,
            "year": 2012,
            "quarter": 4,
            "eps": -0.01,
            "eps_growth_year": -102.6,
            "eps_4q": 0.01,
            "eps_4q_growth_year": -99.83,
            "roe": -0.49,
            "roe_4q": -1.7200000000000002,
            "gross_profit": 60093,
            "gross_margin": 10.66,
            "gross_margin_4q_avg": 14,
            "net_income": -18003,
            "net_income_4q": null,
            "revenue": 563666,
            "revenue_4q": null,
            "common_shares": 1815007,
            "book_valuer_per_share": 15.22,
            "book_valuer_per_share_4q_avg": 16.17,
            "equity": 3693927,
            "current_ratio": 122.84,
            "debt_ratio": 41.2,
            "inventory_turnover_ratio": 0.54,
            "account_receivable_turnover_ratio": 0.8,
            "reinvestment_rate": 319.92,
            "research_to_sale_ratio": 5.82,
            "price_fair": 181.65,
            "eps_avg_yearly": 5.19,
            "eps_latest_yearly": 1,
            "eps_growth_yearly": 793.05
        },
        "20131": {
            "year_quarter": 20131,
            "year": 2013,
            "quarter": 1,
            "eps": -0.18,
            "eps_growth_year": null,
            "eps_4q": -0.18,
            "eps_4q_growth_year": -116.95,
            "roe": -1.35,
            "roe_4q": -2.74,
            "gross_profit": 36826,
            "gross_margin": 6.33,
            "gross_margin_4q_avg": 11.66,
            "net_income": -49802,
            "net_income_4q": null,
            "revenue": 581350,
            "revenue_4q": null,
            "common_shares": 1815727,
            "book_valuer_per_share": 15.17,
            "book_valuer_per_share_4q_avg": 15.63,
            "equity": 3685698,
            "current_ratio": 111.67,
            "debt_ratio": 41.87,
            "inventory_turnover_ratio": 0.58,
            "account_receivable_turnover_ratio": 0.94,
            "reinvestment_rate": 64.01,
            "research_to_sale_ratio": 5.48,
            "price_fair": 181.65,
            "eps_avg_yearly": 5.19,
            "eps_latest_yearly": 1,
            "eps_growth_yearly": 793.05
        },
        "20132": {
            "year_quarter": 20132,
            "year": 2013,
            "quarter": 2,
            "eps": -0.26,
            "eps_growth_year": -1034.01,
            "eps_4q": -0.46,
            "eps_4q_growth_year": -270.84,
            "roe": -1.66,
            "roe_4q": -4.09,
            "gross_profit": 44500,
            "gross_margin": 7.01,
            "gross_margin_4q_avg": 9.09,
            "net_income": -60779,
            "net_income_4q": null,
            "revenue": 634873,
            "revenue_4q": null,
            "common_shares": 1818907,
            "book_valuer_per_share": 15,
            "book_valuer_per_share_4q_avg": 15.16,
            "equity": 3652143,
            "current_ratio": 110.64,
            "debt_ratio": 42.94,
            "inventory_turnover_ratio": 0.63,
            "account_receivable_turnover_ratio": 1.02,
            "reinvestment_rate": 58.88,
            "research_to_sale_ratio": 5.84,
            "price_fair": 181.65,
            "eps_avg_yearly": 5.19,
            "eps_latest_yearly": 1,
            "eps_growth_yearly": 793.05
        },
        "20133": {
            "year_quarter": 20133,
            "year": 2013,
            "quarter": 3,
            "eps": -0.25,
            "eps_growth_year": null,
            "eps_4q": -0.69,
            "eps_4q_growth_year": -393.17,
            "roe": -1.82,
            "roe_4q": -5.32,
            "gross_profit": 39592,
            "gross_margin": 6.07,
            "gross_margin_4q_avg": 7.52,
            "net_income": -65483,
            "net_income_4q": null,
            "revenue": 652355,
            "revenue_4q": null,
            "common_shares": 1821607,
            "book_valuer_per_share": 14.65,
            "book_valuer_per_share_4q_avg": 15.01,
            "equity": 3558073,
            "current_ratio": 118.19,
            "debt_ratio": 43.94,
            "inventory_turnover_ratio": 0.67,
            "account_receivable_turnover_ratio": 1.03,
            "reinvestment_rate": 39.68,
            "research_to_sale_ratio": 5.77,
            "price_fair": 181.65,
            "eps_avg_yearly": 5.19,
            "eps_latest_yearly": 1,
            "eps_growth_yearly": 793.05
        },
        "20134": {
            "year_quarter": 20134,
            "year": 2013,
            "quarter": 4,
            "eps": -0.07,
            "eps_growth_year": null,
            "eps_4q": -0.75,
            "eps_4q_growth_year": -14930.02,
            "roe": -0.34,
            "roe_4q": -5.17,
            "gross_profit": 99399,
            "gross_margin": 16.17,
            "gross_margin_4q_avg": 8.9,
            "net_income": -12039,
            "net_income_4q": null,
            "revenue": 614596,
            "revenue_4q": null,
            "common_shares": 1822387,
            "book_valuer_per_share": 14.67,
            "book_valuer_per_share_4q_avg": 14.87,
            "equity": 3571602,
            "current_ratio": 136.51,
            "debt_ratio": 44.55,
            "inventory_turnover_ratio": 0.54,
            "account_receivable_turnover_ratio": 0.97,
            "reinvestment_rate": -56.91,
            "research_to_sale_ratio": 6.21,
            "price_fair": 181.65,
            "eps_avg_yearly": 5.19,
            "eps_latest_yearly": 1,
            "eps_growth_yearly": 793.05
        },
        "20141": {
            "year_quarter": 20141,
            "year": 2014,
            "quarter": 1,
            "eps": -0.17,
            "eps_growth_year": null,
            "eps_4q": -0.74,
            "eps_4q_growth_year": null,
            "roe": -1.07,
            "roe_4q": -4.890000000000001,
            "gross_profit": 62416,
            "gross_margin": 9.38,
            "gross_margin_4q_avg": 9.66,
            "net_income": -38051,
            "net_income_4q": null,
            "revenue": 665088,
            "revenue_4q": null,
            "common_shares": 1822927,
            "book_valuer_per_share": 14.61,
            "book_valuer_per_share_4q_avg": 14.73,
            "equity": 3568000,
            "current_ratio": 135.48,
            "debt_ratio": 45.79,
            "inventory_turnover_ratio": 0.58,
            "account_receivable_turnover_ratio": 1.01,
            "reinvestment_rate": -88.95,
            "research_to_sale_ratio": 5.07,
            "price_fair": 204.4,
            "eps_avg_yearly": 5.84,
            "eps_latest_yearly": 1,
            "eps_growth_yearly": 926.92
        },
        "20142": {
            "year_quarter": 20142,
            "year": 2014,
            "quarter": 2,
            "eps": -0.11,
            "eps_growth_year": null,
            "eps_4q": -0.59,
            "eps_4q_growth_year": null,
            "roe": -0.72,
            "roe_4q": -3.95,
            "gross_profit": 106598,
            "gross_margin": 14.29,
            "gross_margin_4q_avg": 11.48,
            "net_income": -25536,
            "net_income_4q": null,
            "revenue": 746005,
            "revenue_4q": null,
            "common_shares": 1823027,
            "book_valuer_per_share": 14.39,
            "book_valuer_per_share_4q_avg": 14.58,
            "equity": 3512157,
            "current_ratio": 136.07,
            "debt_ratio": 46.09,
            "inventory_turnover_ratio": 0.62,
            "account_receivable_turnover_ratio": 1.05,
            "reinvestment_rate": -119.08,
            "research_to_sale_ratio": 5.14,
            "price_fair": 217.93,
            "eps_avg_yearly": 6.23,
            "eps_latest_yearly": 1,
            "eps_growth_yearly": 781.4
        },
        "20143": {
            "year_quarter": 20143,
            "year": 2014,
            "quarter": 3,
            "eps": -0.16,
            "eps_growth_year": null,
            "eps_4q": -0.5,
            "eps_4q_growth_year": null,
            "roe": -1,
            "roe_4q": -3.13,
            "gross_profit": 78362,
            "gross_margin": 10.91,
            "gross_margin_4q_avg": 12.69,
            "net_income": -34992,
            "net_income_4q": null,
            "revenue": 718380,
            "revenue_4q": null,
            "common_shares": 1823027,
            "book_valuer_per_share": 14.33,
            "book_valuer_per_share_4q_avg": 14.5,
            "equity": 3503869,
            "current_ratio": 136.44,
            "debt_ratio": 46.49,
            "inventory_turnover_ratio": 0.61,
            "account_receivable_turnover_ratio": 0.97,
            "reinvestment_rate": -172.27,
            "research_to_sale_ratio": 5.21,
            "price_fair": 213.92,
            "eps_avg_yearly": 6.11,
            "eps_latest_yearly": 1,
            "eps_growth_yearly": 863.14
        },
        "20144": {
            "year_quarter": 20144,
            "year": 2014,
            "quarter": 4,
            "eps": -0.12,
            "eps_growth_year": null,
            "eps_4q": -0.55,
            "eps_4q_growth_year": null,
            "roe": -0.74,
            "roe_4q": -3.5300000000000002,
            "gross_profit": 66242,
            "gross_margin": 10.13,
            "gross_margin_4q_avg": 11.18,
            "net_income": -26038,
            "net_income_4q": null,
            "revenue": 653894,
            "revenue_4q": null,
            "common_shares": 1823027,
            "book_valuer_per_share": 14.43,
            "book_valuer_per_share_4q_avg": 14.44,
            "equity": 3532316,
            "current_ratio": 143.3,
            "debt_ratio": 47.11,
            "inventory_turnover_ratio": 0.53,
            "account_receivable_turnover_ratio": 0.88,
            "reinvestment_rate": -816.46,
            "research_to_sale_ratio": 5.74,
            "price_fair": 132.3,
            "eps_avg_yearly": 3.78,
            "eps_latest_yearly": 1,
            "eps_growth_yearly": 951.86
        },
        "20151": {
            "year_quarter": 20151,
            "year": 2015,
            "quarter": 1,
            "eps": -0.34,
            "eps_growth_year": null,
            "eps_4q": -0.72,
            "eps_4q_growth_year": null,
            "roe": -2.11,
            "roe_4q": -4.569999999999999,
            "gross_profit": 51752,
            "gross_margin": 8.18,
            "gross_margin_4q_avg": 10.88,
            "net_income": -73099,
            "net_income_4q": null,
            "revenue": 632414,
            "revenue_4q": null,
            "common_shares": 1823777,
            "book_valuer_per_share": 13.91,
            "book_valuer_per_share_4q_avg": 14.27,
            "equity": 3402215,
            "current_ratio": 140.04,
            "debt_ratio": 48.16,
            "inventory_turnover_ratio": 0.5,
            "account_receivable_turnover_ratio": 0.88,
            "reinvestment_rate": null,
            "research_to_sale_ratio": 5.49,
            "price_fair": 49,
            "eps_avg_yearly": 1.4,
            "eps_latest_yearly": 1,
            "eps_growth_yearly": 1308.18
        },
        "20152": {
            "year_quarter": 20152,
            "year": 2015,
            "quarter": 2,
            "eps": -0.51,
            "eps_growth_year": null,
            "eps_4q": -1.13,
            "eps_4q_growth_year": null,
            "roe": -3.2,
            "roe_4q": -7.050000000000001,
            "gross_profit": 8896,
            "gross_margin": 1.49,
            "gross_margin_4q_avg": 7.68,
            "net_income": -106649,
            "net_income_4q": null,
            "revenue": 596110,
            "revenue_4q": null,
            "common_shares": 1823777,
            "book_valuer_per_share": 13.31,
            "book_valuer_per_share_4q_avg": 14,
            "equity": 3268147,
            "current_ratio": 135.83,
            "debt_ratio": 49.26,
            "inventory_turnover_ratio": 0.5,
            "account_receivable_turnover_ratio": 0.89,
            "reinvestment_rate": null,
            "research_to_sale_ratio": 6.12,
            "price_fair": 18.9,
            "eps_avg_yearly": 0.54,
            "eps_latest_yearly": 1,
            "eps_growth_yearly": 2105.13
        },
        "20153": {
            "year_quarter": 20153,
            "year": 2015,
            "quarter": 3,
            "eps": -0.55,
            "eps_growth_year": null,
            "eps_4q": -1.52,
            "eps_4q_growth_year": null,
            "roe": -3.99,
            "roe_4q": -10.040000000000001,
            "gross_profit": -30534,
            "gross_margin": -5,
            "gross_margin_4q_avg": 3.7,
            "net_income": -127610,
            "net_income_4q": null,
            "revenue": 611033,
            "revenue_4q": null,
            "common_shares": 1823777,
            "book_valuer_per_share": 12.79,
            "book_valuer_per_share_4q_avg": 13.61,
            "equity": 3134683,
            "current_ratio": 145.71,
            "debt_ratio": 49.18,
            "inventory_turnover_ratio": 0.56,
            "account_receivable_turnover_ratio": 0.91,
            "reinvestment_rate": null,
            "research_to_sale_ratio": 5.14,
            "price_fair": 35,
            "eps_avg_yearly": 1,
            "eps_latest_yearly": 1,
            "eps_growth_yearly": 4600
        },
        "20154": {
            "year_quarter": 20154,
            "year": 2015,
            "quarter": 4,
            "eps": -0.9,
            "eps_growth_year": null,
            "eps_4q": -2.3,
            "eps_4q_growth_year": null,
            "roe": -6.34,
            "roe_4q": -15.64,
            "gross_profit": 31686,
            "gross_margin": 5.71,
            "gross_margin_4q_avg": 2.6,
            "net_income": -191839,
            "net_income_4q": null,
            "revenue": 555008,
            "revenue_4q": null,
            "common_shares": 1824227,
            "book_valuer_per_share": 11.78,
            "book_valuer_per_share_4q_avg": 12.95,
            "equity": 2917076,
            "current_ratio": 156.84,
            "debt_ratio": 49.18,
            "inventory_turnover_ratio": 0.48,
            "account_receivable_turnover_ratio": 0.84,
            "reinvestment_rate": null,
            "research_to_sale_ratio": 4.96,
            "price_fair": 0,
            "eps_avg_yearly": 0,
            "eps_latest_yearly": 0,
            "eps_growth_yearly": 0
        },
        "20161": {
            "year_quarter": 20161,
            "year": 2016,
            "quarter": 1,
            "eps": -0.6,
            "eps_growth_year": null,
            "eps_4q": -2.56,
            "eps_4q_growth_year": null,
            "roe": -4.61,
            "roe_4q": -18.14,
            "gross_profit": 5595,
            "gross_margin": 0.98,
            "gross_margin_4q_avg": 0.8,
            "net_income": -131758,
            "net_income_4q": null,
            "revenue": 571059,
            "revenue_4q": null,
            "common_shares": 1824227,
            "book_valuer_per_share": 11.18,
            "book_valuer_per_share_4q_avg": 12.27,
            "equity": 2798058,
            "current_ratio": 160.24,
            "debt_ratio": 49.14,
            "inventory_turnover_ratio": 0.54,
            "account_receivable_turnover_ratio": 0.91,
            "reinvestment_rate": null,
            "research_to_sale_ratio": 4.7,
            "price_fair": 0,
            "eps_avg_yearly": 0,
            "eps_latest_yearly": 0,
            "eps_growth_yearly": 0
        },
        "20162": {
            "year_quarter": 20162,
            "year": 2016,
            "quarter": 2,
            "eps": -0.32,
            "eps_growth_year": null,
            "eps_4q": -2.37,
            "eps_4q_growth_year": null,
            "roe": -2.58,
            "roe_4q": -17.520000000000003,
            "gross_profit": 53817,
            "gross_margin": 8.57,
            "gross_margin_4q_avg": 2.57,
            "net_income": -70782,
            "net_income_4q": null,
            "revenue": 627753,
            "revenue_4q": null,
            "common_shares": 1824227,
            "book_valuer_per_share": 10.69,
            "book_valuer_per_share_4q_avg": 11.61,
            "equity": 2679675,
            "current_ratio": 146.24,
            "debt_ratio": 50.69,
            "inventory_turnover_ratio": 0.57,
            "account_receivable_turnover_ratio": 0.99,
            "reinvestment_rate": null,
            "research_to_sale_ratio": 4.33,
            "price_fair": 0,
            "eps_avg_yearly": 0,
            "eps_latest_yearly": 0,
            "eps_growth_yearly": 0
        },
        "20163": {
            "year_quarter": 20163,
            "year": 2016,
            "quarter": 3,
            "eps": -0.48,
            "eps_growth_year": null,
            "eps_4q": -2.31,
            "eps_4q_growth_year": null,
            "roe": -3.84,
            "roe_4q": -17.37,
            "gross_profit": 43524,
            "gross_margin": 7.34,
            "gross_margin_4q_avg": 5.65,
            "net_income": -99590,
            "net_income_4q": null,
            "revenue": 592742,
            "revenue_4q": null,
            "common_shares": 1824227,
            "book_valuer_per_share": 9.96,
            "book_valuer_per_share_4q_avg": 10.9,
            "equity": 2506266,
            "current_ratio": 128.8,
            "debt_ratio": 49.02,
            "inventory_turnover_ratio": 0.57,
            "account_receivable_turnover_ratio": 0.94,
            "reinvestment_rate": null,
            "research_to_sale_ratio": 4.66,
            "price_fair": 0,
            "eps_avg_yearly": 0,
            "eps_latest_yearly": 0,
            "eps_growth_yearly": 0
        },
        "20164": {
            "year_quarter": 20164,
            "year": 2016,
            "quarter": 4,
            "eps": -1.73,
            "eps_growth_year": null,
            "eps_4q": -3.13,
            "eps_4q_growth_year": null,
            "roe": -16.11,
            "roe_4q": -27.14,
            "gross_profit": -230209,
            "gross_margin": -38.53,
            "gross_margin_4q_avg": -5.41,
            "net_income": -370578,
            "net_income_4q": null,
            "revenue": 597497,
            "revenue_4q": null,
            "common_shares": 1824227,
            "book_valuer_per_share": 8.1,
            "book_valuer_per_share_4q_avg": 9.98,
            "equity": 2094423,
            "current_ratio": 133.08,
            "debt_ratio": 53.22,
            "inventory_turnover_ratio": 0.9,
            "account_receivable_turnover_ratio": 0.95,
            "reinvestment_rate": null,
            "research_to_sale_ratio": 5.17,
            "price_fair": 0,
            "eps_avg_yearly": 0,
            "eps_latest_yearly": 0,
            "eps_growth_yearly": 0
        },
        "20171": {
            "year_quarter": 20171,
            "year": 2017,
            "quarter": 1,
            "eps": -0.4,
            "eps_growth_year": null,
            "eps_4q": -2.93,
            "eps_4q_growth_year": null,
            "roe": -3.95,
            "roe_4q": -26.479999999999997,
            "gross_profit": 69828,
            "gross_margin": 12.44,
            "gross_margin_4q_avg": -2.55,
            "net_income": -79406,
            "net_income_4q": null,
            "revenue": 561096,
            "revenue_4q": null,
            "common_shares": 1824227,
            "book_valuer_per_share": 7.37,
            "book_valuer_per_share_4q_avg": 9.03,
            "equity": 1924630,
            "current_ratio": 120.72,
            "debt_ratio": 54.33,
            "inventory_turnover_ratio": 0.56,
            "account_receivable_turnover_ratio": 0.92,
            "reinvestment_rate": null,
            "research_to_sale_ratio": 5.14,
            "price_fair": 0,
            "eps_avg_yearly": 0,
            "eps_latest_yearly": 0,
            "eps_growth_yearly": 0
        },
        "20172": {
            "year_quarter": 20172,
            "year": 2017,
            "quarter": 2,
            "eps": 0.17,
            "eps_growth_year": null,
            "eps_4q": -2.44,
            "eps_4q_growth_year": null,
            "roe": 1.55,
            "roe_4q": -22.349999999999998,
            "gross_profit": 104856,
            "gross_margin": 17.46,
            "gross_margin_4q_avg": -0.32,
            "net_income": 30168,
            "net_income_4q": null,
            "revenue": 600723,
            "revenue_4q": null,
            "common_shares": 1824227,
            "book_valuer_per_share": 7.68,
            "book_valuer_per_share_4q_avg": 8.28,
            "equity": 1974270,
            "current_ratio": 120.53,
            "debt_ratio": 47.6,
            "inventory_turnover_ratio": 0.62,
            "account_receivable_turnover_ratio": 1.01,
            "reinvestment_rate": null,
            "research_to_sale_ratio": 4.42,
            "price_fair": 0,
            "eps_avg_yearly": 0,
            "eps_latest_yearly": 0,
            "eps_growth_yearly": 0
        },
        "20173": {
            "year_quarter": 20173,
            "year": 2017,
            "quarter": 3,
            "eps": -0.08,
            "eps_growth_year": null,
            "eps_4q": -2.04,
            "eps_4q_growth_year": null,
            "roe": -0.75,
            "roe_4q": -19.259999999999998,
            "gross_profit": 106719,
            "gross_margin": 17.54,
            "gross_margin_4q_avg": 2.23,
            "net_income": -14841,
            "net_income_4q": null,
            "revenue": 608558,
            "revenue_4q": null,
            "common_shares": 1824227,
            "book_valuer_per_share": 7.7,
            "book_valuer_per_share_4q_avg": 7.71,
            "equity": 1987436,
            "current_ratio": 134.64,
            "debt_ratio": 46.96,
            "inventory_turnover_ratio": 0.69,
            "account_receivable_turnover_ratio": 0.97,
            "reinvestment_rate": null,
            "research_to_sale_ratio": 3.74,
            "price_fair": 0,
            "eps_avg_yearly": 0,
            "eps_latest_yearly": 0,
            "eps_growth_yearly": 0
        },
        "20174": {
            "year_quarter": 20174,
            "year": 2017,
            "quarter": 4,
            "eps": -0.25,
            "eps_growth_year": null,
            "eps_4q": -0.57,
            "eps_4q_growth_year": null,
            "roe": -3.97,
            "roe_4q": -7.120000000000001,
            "gross_profit": 47725,
            "gross_margin": 7.95,
            "gross_margin_4q_avg": 13.85,
            "net_income": -77591,
            "net_income_4q": null,
            "revenue": 600338,
            "revenue_4q": null,
            "common_shares": 1824307,
            "book_valuer_per_share": 7.47,
            "book_valuer_per_share_4q_avg": 7.56,
            "equity": 1921632,
            "current_ratio": 148.59,
            "debt_ratio": 48.17,
            "inventory_turnover_ratio": 0.78,
            "account_receivable_turnover_ratio": 0.91,
            "reinvestment_rate": null,
            "research_to_sale_ratio": 4.04,
            "price_fair": 0,
            "eps_avg_yearly": 0,
            "eps_latest_yearly": 0,
            "eps_growth_yearly": 0
        },
        "20181": {
            "year_quarter": 20181,
            "year": 2018,
            "quarter": 1,
            "eps": -0.15,
            "eps_growth_year": null,
            "eps_4q": -0.31,
            "eps_4q_growth_year": null,
            "roe": -1.71,
            "roe_4q": -4.88,
            "gross_profit": 68493,
            "gross_margin": 11.9,
            "gross_margin_4q_avg": 13.71,
            "net_income": -32975,
            "net_income_4q": null,
            "revenue": 575404,
            "revenue_4q": null,
            "common_shares": 1824307,
            "book_valuer_per_share": 7.45,
            "book_valuer_per_share_4q_avg": 7.58,
            "equity": 1927061,
            "current_ratio": 143.01,
            "debt_ratio": 51.25,
            "inventory_turnover_ratio": 0.74,
            "account_receivable_turnover_ratio": 0.88,
            "reinvestment_rate": null,
            "research_to_sale_ratio": 3.84,
            "price_fair": 0,
            "eps_avg_yearly": 0,
            "eps_latest_yearly": 0,
            "eps_growth_yearly": 0
        },
        "20182": {
            "year_quarter": 20182,
            "year": 2018,
            "quarter": 2,
            "eps": 0.71,
            "eps_growth_year": 317.65,
            "eps_4q": 0.23,
            "eps_4q_growth_year": null,
            "roe": 12.59,
            "roe_4q": 6.159999999999998,
            "gross_profit": 123761,
            "gross_margin": 19.91,
            "gross_margin_4q_avg": 14.33,
            "net_income": 257840,
            "net_income_4q": null,
            "revenue": 621607,
            "revenue_4q": null,
            "common_shares": 1824307,
            "book_valuer_per_share": 8.11,
            "book_valuer_per_share_4q_avg": 7.68,
            "equity": 2168292,
            "current_ratio": 181.14,
            "debt_ratio": 45.07,
            "inventory_turnover_ratio": 0.71,
            "account_receivable_turnover_ratio": 0.97,
            "reinvestment_rate": null,
            "research_to_sale_ratio": 3.8,
            "price_fair": 0,
            "eps_avg_yearly": 0,
            "eps_latest_yearly": 0,
            "eps_growth_yearly": 0
        },
        "20183": {
            "year_quarter": 20183,
            "year": 2018,
            "quarter": 3,
            "eps": 0.08,
            "eps_growth_year": null,
            "eps_4q": 0.4,
            "eps_4q_growth_year": null,
            "roe": 0.75,
            "roe_4q": 7.659999999999998,
            "gross_profit": 129507,
            "gross_margin": 20.99,
            "gross_margin_4q_avg": 15.19,
            "net_income": 16011,
            "net_income_4q": null,
            "revenue": 617012,
            "revenue_4q": null,
            "common_shares": 1824307,
            "book_valuer_per_share": 7.95,
            "book_valuer_per_share_4q_avg": 7.75,
            "equity": 2115369,
            "current_ratio": 175.37,
            "debt_ratio": 44.2,
            "inventory_turnover_ratio": 0.68,
            "account_receivable_turnover_ratio": 0.95,
            "reinvestment_rate": null,
            "research_to_sale_ratio": 3.79,
            "price_fair": 0.96,
            "eps_avg_yearly": 0.32,
            "eps_latest_yearly": 0.32,
            "eps_growth_yearly": -354.93
        },
        "20184": {
            "year_quarter": 20184,
            "year": 2018,
            "quarter": 4,
            "eps": -0.34,
            "eps_growth_year": null,
            "eps_4q": 0.31,
            "eps_4q_growth_year": null,
            "roe": -5.13,
            "roe_4q": 6.500000000000001,
            "gross_profit": 53160,
            "gross_margin": 9.35,
            "gross_margin_4q_avg": 15.54,
            "net_income": -106099,
            "net_income_4q": null,
            "revenue": 568270,
            "revenue_4q": null,
            "common_shares": 1824307,
            "book_valuer_per_share": 7.65,
            "book_valuer_per_share_4q_avg": 7.79,
            "equity": 2020360,
            "current_ratio": 174.91,
            "debt_ratio": 45.04,
            "inventory_turnover_ratio": 0.7,
            "account_receivable_turnover_ratio": 0.9,
            "reinvestment_rate": null,
            "research_to_sale_ratio": 4.11,
            "price_fair": 0.96,
            "eps_avg_yearly": 0.32,
            "eps_latest_yearly": 0.32,
            "eps_growth_yearly": -354.93
        },
        "20191": {
            "year_quarter": 20191,
            "year": 2019,
            "quarter": 1,
            "eps": -0.2,
            "eps_growth_year": null,
            "eps_4q": 0.26,
            "eps_4q_growth_year": null,
            "roe": -2.37,
            "roe_4q": 5.84,
            "gross_profit": 71285,
            "gross_margin": 13.71,
            "gross_margin_4q_avg": 15.99,
            "net_income": -47948,
            "net_income_4q": null,
            "revenue": 520088,
            "revenue_4q": null,
            "common_shares": 1827857,
            "book_valuer_per_share": 7.61,
            "book_valuer_per_share_4q_avg": 7.83,
            "equity": 2019090,
            "current_ratio": 173.75,
            "debt_ratio": 45.25,
            "inventory_turnover_ratio": 0.61,
            "account_receivable_turnover_ratio": 0.88,
            "reinvestment_rate": null,
            "research_to_sale_ratio": 4.28,
            "price_fair": 0.96,
            "eps_avg_yearly": 0.32,
            "eps_latest_yearly": 0.32,
            "eps_growth_yearly": -354.93
        },
        "20192": {
            "year_quarter": 20192,
            "year": 2019,
            "quarter": 2,
            "eps": -0.01,
            "eps_growth_year": -101.41,
            "eps_4q": -0.46,
            "eps_4q_growth_year": -299.78,
            "roe": -0.04,
            "roe_4q": -6.79,
            "gross_profit": 86735,
            "gross_margin": 16.81,
            "gross_margin_4q_avg": 15.22,
            "net_income": -853,
            "net_income_4q": null,
            "revenue": 515854,
            "revenue_4q": null,
            "common_shares": 1829937,
            "book_valuer_per_share": 7.51,
            "book_valuer_per_share_4q_avg": 7.68,
            "equity": 1995888,
            "current_ratio": 171.31,
            "debt_ratio": 44.49,
            "inventory_turnover_ratio": 0.62,
            "account_receivable_turnover_ratio": 0.93,
            "reinvestment_rate": null,
            "research_to_sale_ratio": 4.36,
            "price_fair": 0.96,
            "eps_avg_yearly": 0.32,
            "eps_latest_yearly": 0.32,
            "eps_growth_yearly": -354.93
        },
        "20193": {
            "year_quarter": 20193,
            "year": 2019,
            "quarter": 3,
            "eps": -0.02,
            "eps_growth_year": -125,
            "eps_4q": -0.57,
            "eps_4q_growth_year": -243.1,
            "roe": -0.42,
            "roe_4q": -7.96,
            "gross_profit": 94166,
            "gross_margin": 17.09,
            "gross_margin_4q_avg": 14.24,
            "net_income": -8317,
            "net_income_4q": null,
            "revenue": 551071,
            "revenue_4q": null,
            "common_shares": 1829937,
            "book_valuer_per_share": 7.31,
            "book_valuer_per_share_4q_avg": 7.52,
            "equity": 1939458,
            "current_ratio": 165.62,
            "debt_ratio": 45.27,
            "inventory_turnover_ratio": 0.72,
            "account_receivable_turnover_ratio": 1.02,
            "reinvestment_rate": null,
            "research_to_sale_ratio": 4.21,
            "price_fair": 0.96,
            "eps_avg_yearly": 0.32,
            "eps_latest_yearly": 0.32,
            "eps_growth_yearly": -354.93
        },
        "20194": {
            "year_quarter": 20194,
            "year": 2019,
            "quarter": 4,
            "eps": -0.34,
            "eps_growth_year": null,
            "eps_4q": -0.57,
            "eps_4q_growth_year": -283.83,
            "roe": -3.78,
            "roe_4q": -6.61,
            "gross_profit": 83179,
            "gross_margin": 15.24,
            "gross_margin_4q_avg": 15.71,
            "net_income": -71347,
            "net_income_4q": null,
            "revenue": 545876,
            "revenue_4q": null,
            "common_shares": 1829937,
            "book_valuer_per_share": 6.84,
            "book_valuer_per_share_4q_avg": 7.32,
            "equity": 1835609,
            "current_ratio": 163.97,
            "debt_ratio": 48.06,
            "inventory_turnover_ratio": 0.8,
            "account_receivable_turnover_ratio": 1,
            "reinvestment_rate": null,
            "research_to_sale_ratio": 4.37,
            "price_fair": 0.96,
            "eps_avg_yearly": 0.32,
            "eps_latest_yearly": 0.32,
            "eps_growth_yearly": -354.93
        },
        "20201": {
            "year_quarter": 20201,
            "year": 2020,
            "quarter": 1,
            "eps": -0.03,
            "eps_growth_year": null,
            "eps_4q": -0.4,
            "eps_4q_growth_year": -254.09,
            "roe": -0.48,
            "roe_4q": -4.72,
            "gross_profit": 82762,
            "gross_margin": 16.13,
            "gross_margin_4q_avg": 16.32,
            "net_income": -8728,
            "net_income_4q": null,
            "revenue": 513035,
            "revenue_4q": null,
            "common_shares": 1829937,
            "book_valuer_per_share": 6.71,
            "book_valuer_per_share_4q_avg": 7.09,
            "equity": 1790830,
            "current_ratio": 169.11,
            "debt_ratio": 48.23,
            "inventory_turnover_ratio": 0.79,
            "account_receivable_turnover_ratio": 0.98,
            "reinvestment_rate": null,
            "research_to_sale_ratio": 4.07,
            "price_fair": 0.96,
            "eps_avg_yearly": 0.32,
            "eps_latest_yearly": 0.32,
            "eps_growth_yearly": -354.93
        },
        "20202": {
            "year_quarter": 20202,
            "year": 2020,
            "quarter": 2,
            "eps": 0.19,
            "eps_growth_year": null,
            "eps_4q": -0.2,
            "eps_4q_growth_year": null,
            "roe": 2.01,
            "roe_4q": -2.67,
            "gross_profit": 150452,
            "gross_margin": 27.39,
            "gross_margin_4q_avg": 18.96,
            "net_income": 36100,
            "net_income_4q": null,
            "revenue": 549224,
            "revenue_4q": null,
            "common_shares": 1829937,
            "book_valuer_per_share": 6.79,
            "book_valuer_per_share_4q_avg": 6.91,
            "equity": 1797357,
            "current_ratio": 164.76,
            "debt_ratio": 48.83,
            "inventory_turnover_ratio": 0.71,
            "account_receivable_turnover_ratio": 1.01,
            "reinvestment_rate": null,
            "research_to_sale_ratio": 3.85,
            "price_fair": 0.96,
            "eps_avg_yearly": 0.32,
            "eps_latest_yearly": 0.32,
            "eps_growth_yearly": -354.93
        },
        "20203": {
            "year_quarter": 20203,
            "year": 2020,
            "quarter": 3,
            "eps": 0.04,
            "eps_growth_year": null,
            "eps_4q": -0.14,
            "eps_4q_growth_year": null,
            "roe": 0.42,
            "roe_4q": -1.83,
            "gross_profit": 120793,
            "gross_margin": 23.23,
            "gross_margin_4q_avg": 20.5,
            "net_income": 7689,
            "net_income_4q": null,
            "revenue": 520064,
            "revenue_4q": null,
            "common_shares": 1829937,
            "book_valuer_per_share": 6.97,
            "book_valuer_per_share_4q_avg": 6.83,
            "equity": 1842627,
            "current_ratio": 165.44,
            "debt_ratio": 47.6,
            "inventory_turnover_ratio": 0.68,
            "account_receivable_turnover_ratio": 0.95,
            "reinvestment_rate": null,
            "research_to_sale_ratio": 4.28,
            "price_fair": 0.72,
            "eps_avg_yearly": 0.24,
            "eps_latest_yearly": 0.16,
            "eps_growth_yearly": -335.36
        },
        "20204": {
            "year_quarter": 20204,
            "year": 2020,
            "quarter": 4,
            "eps": -0.02,
            "eps_growth_year": null,
            "eps_4q": 0.18,
            "eps_4q_growth_year": null,
            "roe": 0.12,
            "roe_4q": 2.07,
            "gross_profit": 121930,
            "gross_margin": 20.77,
            "gross_margin_4q_avg": 21.88,
            "net_income": 2313,
            "net_income_4q": null,
            "revenue": 587148,
            "revenue_4q": null,
            "common_shares": 1829937,
            "book_valuer_per_share": 7.09,
            "book_valuer_per_share_4q_avg": 6.89,
            "equity": 1885075,
            "current_ratio": 162.39,
            "debt_ratio": 47.14,
            "inventory_turnover_ratio": 0.79,
            "account_receivable_turnover_ratio": 1.07,
            "reinvestment_rate": null,
            "research_to_sale_ratio": 4.54,
            "price_fair": 0.72,
            "eps_avg_yearly": 0.24,
            "eps_latest_yearly": 0.16,
            "eps_growth_yearly": -335.36
        },
        "20211": {
            "year_quarter": 20211,
            "year": 2021,
            "quarter": 1,
            "eps": 0.04,
            "eps_growth_year": null,
            "eps_4q": 0.25,
            "eps_4q_growth_year": null,
            "roe": 0.5,
            "roe_4q": 3.05,
            "gross_profit": 140730,
            "gross_margin": 20.74,
            "gross_margin_4q_avg": 23.03,
            "net_income": 9327,
            "net_income_4q": null,
            "revenue": 678598,
            "revenue_4q": null,
            "common_shares": 1829937,
            "book_valuer_per_share": 7.06,
            "book_valuer_per_share_4q_avg": 6.98,
            "equity": 1868599,
            "current_ratio": 157.64,
            "debt_ratio": 48.43,
            "inventory_turnover_ratio": 0.91,
            "account_receivable_turnover_ratio": 1.09,
            "reinvestment_rate": null,
            "research_to_sale_ratio": 3.66,
            "price_fair": 0.72,
            "eps_avg_yearly": 0.24,
            "eps_latest_yearly": 0.16,
            "eps_growth_yearly": -335.36
        },
        "20212": {
            "year_quarter": 20212,
            "year": 2021,
            "quarter": 2,
            "eps": 0.07,
            "eps_growth_year": -63.16,
            "eps_4q": 0.13,
            "eps_4q_growth_year": null,
            "roe": 1.1,
            "roe_4q": 2.14,
            "gross_profit": 150182,
            "gross_margin": 19.6,
            "gross_margin_4q_avg": 21.09,
            "net_income": 20648,
            "net_income_4q": null,
            "revenue": 766345,
            "revenue_4q": null,
            "common_shares": 1829937,
            "book_valuer_per_share": 7.07,
            "book_valuer_per_share_4q_avg": 7.05,
            "equity": 1872654,
            "current_ratio": 164.97,
            "debt_ratio": 51.64,
            "inventory_turnover_ratio": 1.03,
            "account_receivable_turnover_ratio": 1.05,
            "reinvestment_rate": null,
            "research_to_sale_ratio": 3.83,
            "price_fair": 0.76,
            "eps_avg_yearly": 0.25,
            "eps_latest_yearly": 0.28,
            "eps_growth_yearly": -123.57
        },
        "20213": {
            "year_quarter": 20213,
            "year": 2021,
            "quarter": 3,
            "eps": 0.13,
            "eps_growth_year": 225,
            "eps_4q": 0.22,
            "eps_4q_growth_year": null,
            "roe": 1.93,
            "roe_4q": 3.6500000000000004,
            "gross_profit": 169453,
            "gross_margin": 20.46,
            "gross_margin_4q_avg": 20.39,
            "net_income": 36401,
            "net_income_4q": null,
            "revenue": 828361,
            "revenue_4q": null,
            "common_shares": 1829937,
            "book_valuer_per_share": 7.16,
            "book_valuer_per_share_4q_avg": 7.1,
            "equity": 1897619,
            "current_ratio": 166.22,
            "debt_ratio": 52.99,
            "inventory_turnover_ratio": 1.1,
            "account_receivable_turnover_ratio": 1.01,
            "reinvestment_rate": null,
            "research_to_sale_ratio": 3.72,
            "price_fair": 0.96,
            "eps_avg_yearly": 0.32,
            "eps_latest_yearly": 0.52,
            "eps_growth_yearly": -6.97
        },
        "20214": {
            "year_quarter": 20214,
            "year": 2021,
            "quarter": 4,
            "eps": 0.09,
            "eps_growth_year": null,
            "eps_4q": 0.32,
            "eps_4q_growth_year": 77.67,
            "roe": 1.26,
            "roe_4q": 4.79,
            "gross_profit": 157338,
            "gross_margin": 19.74,
            "gross_margin_4q_avg": 20.14,
            "net_income": 24105,
            "net_income_4q": null,
            "revenue": 797011,
            "revenue_4q": null,
            "common_shares": 1829937,
            "book_valuer_per_share": 7.3,
            "book_valuer_per_share_4q_avg": 7.15,
            "equity": 1935142,
            "current_ratio": 145.88,
            "debt_ratio": 55.42,
            "inventory_turnover_ratio": 0.96,
            "account_receivable_turnover_ratio": 0.93,
            "reinvestment_rate": -506.15,
            "research_to_sale_ratio": 4.34,
            "price_fair": 0.98,
            "eps_avg_yearly": 0.33,
            "eps_latest_yearly": 0.36,
            "eps_growth_yearly": -30.19
        },
        "20221": {
            "year_quarter": 20221,
            "year": 2022,
            "quarter": 1,
            "eps": 0.07,
            "eps_growth_year": 75,
            "eps_4q": 0.35,
            "eps_4q_growth_year": 37.21,
            "roe": 0.91,
            "roe_4q": 5.199999999999999,
            "gross_profit": 140921,
            "gross_margin": 19.32,
            "gross_margin_4q_avg": 19.78,
            "net_income": 18093,
            "net_income_4q": null,
            "revenue": 729216,
            "revenue_4q": null,
            "common_shares": 1829937,
            "book_valuer_per_share": 7.62,
            "book_valuer_per_share_4q_avg": 7.29,
            "equity": 2021737,
            "current_ratio": 158.21,
            "debt_ratio": 55.07,
            "inventory_turnover_ratio": 0.71,
            "account_receivable_turnover_ratio": 0.87,
            "reinvestment_rate": -239.56,
            "research_to_sale_ratio": 4.05,
            "price_fair": 0.96,
            "eps_avg_yearly": 0.32,
            "eps_latest_yearly": 0.28,
            "eps_growth_yearly": -39.97
        },
        "20222": {
            "year_quarter": 20222,
            "year": 2022,
            "quarter": 2,
            "eps": 0.05,
            "eps_growth_year": -28.57,
            "eps_4q": 0.33,
            "eps_4q_growth_year": 163.29,
            "roe": 0.1,
            "roe_4q": 4.2,
            "gross_profit": 119865,
            "gross_margin": 14.99,
            "gross_margin_4q_avg": 18.63,
            "net_income": 2069,
            "net_income_4q": null,
            "revenue": 799672,
            "revenue_4q": null,
            "common_shares": 1829937,
            "book_valuer_per_share": 7.52,
            "book_valuer_per_share_4q_avg": 7.4,
            "equity": 1981640,
            "current_ratio": 172.97,
            "debt_ratio": 58.82,
            "inventory_turnover_ratio": 0.69,
            "account_receivable_turnover_ratio": 0.93,
            "reinvestment_rate": null,
            "research_to_sale_ratio": 4.11,
            "price_fair": 0.91,
            "eps_avg_yearly": 0.3,
            "eps_latest_yearly": 0.2,
            "eps_growth_yearly": -50.59
        },
        "20223": {
            "year_quarter": 20223,
            "year": 2022,
            "quarter": 3,
            "eps": 0.04,
            "eps_growth_year": -69.23,
            "eps_4q": 0.25,
            "eps_4q_growth_year": 14.18,
            "roe": 0.06,
            "roe_4q": 2.33,
            "gross_profit": 133540,
            "gross_margin": 17.04,
            "gross_margin_4q_avg": 17.77,
            "net_income": 1226,
            "net_income_4q": null,
            "revenue": 783878,
            "revenue_4q": null,
            "common_shares": 1829937,
            "book_valuer_per_share": 7.63,
            "book_valuer_per_share_4q_avg": 7.52,
            "equity": 1994902,
            "current_ratio": 154.94,
            "debt_ratio": 59.02,
            "inventory_turnover_ratio": 0.62,
            "account_receivable_turnover_ratio": 0.88,
            "reinvestment_rate": null,
            "research_to_sale_ratio": 4.8,
            "price_fair": 0.84,
            "eps_avg_yearly": 0.28,
            "eps_latest_yearly": 0.16,
            "eps_growth_yearly": -11.31
        },
        "20224": {
            "year_quarter": 20224,
            "year": 2022,
            "quarter": 4,
            "eps": -0.08,
            "eps_growth_year": -188.03,
            "eps_4q": 0.09,
            "eps_4q_growth_year": -72.45,
            "roe": -0.34,
            "roe_4q": 0.73,
            "gross_profit": 125643,
            "gross_margin": 16.88,
            "gross_margin_4q_avg": 17.06,
            "net_income": -6671,
            "net_income_4q": null,
            "revenue": 744451,
            "revenue_4q": null,
            "common_shares": 1829937,
            "book_valuer_per_share": 7.53,
            "book_valuer_per_share_4q_avg": 7.58,
            "equity": 1988079,
            "current_ratio": 199.09,
            "debt_ratio": 58.4,
            "inventory_turnover_ratio": 0.6,
            "account_receivable_turnover_ratio": 0.89,
            "reinvestment_rate": 6171.1,
            "research_to_sale_ratio": 5.22,
            "price_fair": 0.84,
            "eps_avg_yearly": 0.28,
            "eps_latest_yearly": 0.16,
            "eps_growth_yearly": -11.31
        },
        "20231": {
            "year_quarter": 20231,
            "year": 2023,
            "quarter": 1,
            "eps": -0.3,
            "eps_growth_year": -528.57,
            "eps_4q": -0.27,
            "eps_4q_growth_year": -178.57,
            "roe": -3.28,
            "roe_4q": -3.4599999999999995,
            "gross_profit": 42754,
            "gross_margin": 6.74,
            "gross_margin_4q_avg": 13.91,
            "net_income": -73909,
            "net_income_4q": null,
            "revenue": 634587,
            "revenue_4q": null,
            "common_shares": 2129937,
            "book_valuer_per_share": 9,
            "book_valuer_per_share_4q_avg": 7.92,
            "equity": 2513917,
            "current_ratio": 231.76,
            "debt_ratio": 46.88,
            "inventory_turnover_ratio": 0.62,
            "account_receivable_turnover_ratio": 0.83,
            "reinvestment_rate": null,
            "research_to_sale_ratio": 6.66,
            "price_fair": 0.84,
            "eps_avg_yearly": 0.28,
            "eps_latest_yearly": 0.16,
            "eps_growth_yearly": -11.31
        },
        "20232": {
            "year_quarter": 20232,
            "year": 2023,
            "quarter": 2,
            "eps": -0.31,
            "eps_growth_year": -720,
            "eps_4q": -0.62,
            "eps_4q_growth_year": -287.95,
            "roe": -3.04,
            "roe_4q": -6.6000000000000005,
            "gross_profit": 45328,
            "gross_margin": 7.41,
            "gross_margin_4q_avg": 12.02,
            "net_income": -74231,
            "net_income_4q": null,
            "revenue": 611923,
            "revenue_4q": null,
            "common_shares": 2129937,
            "book_valuer_per_share": 8.47,
            "book_valuer_per_share_4q_avg": 8.16,
            "equity": 2376128,
            "current_ratio": 269.94,
            "debt_ratio": 49.54,
            "inventory_turnover_ratio": 0.66,
            "account_receivable_turnover_ratio": 0.88,
            "reinvestment_rate": null,
            "research_to_sale_ratio": 7.49,
            "price_fair": 0.84,
            "eps_avg_yearly": 0.28,
            "eps_latest_yearly": 0.16,
            "eps_growth_yearly": -11.31
        },
        "20233": {
            "year_quarter": 20233,
            "year": 2023,
            "quarter": 3,
            "eps": -0.14,
            "eps_growth_year": -450,
            "eps_4q": -0.8,
            "eps_4q_growth_year": -420.79,
            "roe": -1.79,
            "roe_4q": -8.45,
            "gross_profit": 49417,
            "gross_margin": 7.96,
            "gross_margin_4q_avg": 9.75,
            "net_income": -42798,
            "net_income_4q": null,
            "revenue": 620681,
            "revenue_4q": null,
            "common_shares": 2129937,
            "book_valuer_per_share": 8.61,
            "book_valuer_per_share_4q_avg": 8.4,
            "equity": 2412404,
            "current_ratio": 266.73,
            "debt_ratio": 48.65,
            "inventory_turnover_ratio": 0.75,
            "account_receivable_turnover_ratio": 0.92,
            "reinvestment_rate": null,
            "research_to_sale_ratio": 6.56,
            "price_fair": 0.84,
            "eps_avg_yearly": 0.28,
            "eps_latest_yearly": 0.16,
            "eps_growth_yearly": -11.31
        }
    },
    "months": {
        "2004-04": {
            "month": "2004-04",
            "price": "23.55",
            "revenue": 73327
        },
        "2004-05": {
            "month": "2004-05",
            "price": "22.02",
            "revenue": 69039
        },
        "2004-06": {
            "month": "2004-06",
            "price": "22.05",
            "revenue": 69926
        },
        "2004-08": {
            "month": "2004-08",
            "price": "21.06",
            "revenue": 63374
        },
        "2004-09": {
            "month": "2004-09",
            "price": "20.06",
            "revenue": 73924
        },
        "2004-11": {
            "month": "2004-11",
            "price": "18.30",
            "revenue": 75382
        },
        "2004-12": {
            "month": "2004-12",
            "price": "17.03",
            "revenue": 68721
        },
        "2005-01": {
            "month": "2005-01",
            "price": "15.85",
            "revenue": 69423
        },
        "2005-02": {
            "month": "2005-02",
            "price": "18.34",
            "revenue": 60335
        },
        "2005-03": {
            "month": "2005-03",
            "price": "17.56",
            "revenue": 81314
        },
        "2005-04": {
            "month": "2005-04",
            "price": "16.92",
            "revenue": 80081
        },
        "2005-05": {
            "month": "2005-05",
            "price": "15.92",
            "revenue": 80624
        },
        "2005-06": {
            "month": "2005-06",
            "price": "16.40",
            "revenue": 67123
        },
        "2005-07": {
            "month": "2005-07",
            "price": "17.11",
            "revenue": 72950
        },
        "2005-08": {
            "month": "2005-08",
            "price": "16.72",
            "revenue": 86455
        },
        "2005-09": {
            "month": "2005-09",
            "price": "14.87",
            "revenue": 83435
        },
        "2005-10": {
            "month": "2005-10",
            "price": "15.26",
            "revenue": 88581
        },
        "2005-11": {
            "month": "2005-11",
            "price": "16.47",
            "revenue": 87620
        },
        "2005-12": {
            "month": "2005-12",
            "price": "19.43",
            "revenue": 86025
        },
        "2006-01": {
            "month": "2006-01",
            "price": "24.22",
            "revenue": 84607
        },
        "2006-02": {
            "month": "2006-02",
            "price": "26.29",
            "revenue": 83689
        },
        "2006-03": {
            "month": "2006-03",
            "price": "27.02",
            "revenue": 100531
        },
        "2006-04": {
            "month": "2006-04",
            "price": "38.07",
            "revenue": 105304
        },
        "2006-05": {
            "month": "2006-05",
            "price": "45.33",
            "revenue": 95872
        },
        "2006-06": {
            "month": "2006-06",
            "price": "35.65",
            "revenue": 98069
        },
        "2006-07": {
            "month": "2006-07",
            "price": "36.90",
            "revenue": 85258
        },
        "2006-08": {
            "month": "2006-08",
            "price": "35.11",
            "revenue": 94469
        },
        "2006-09": {
            "month": "2006-09",
            "price": "32.15",
            "revenue": 93020
        },
        "2006-10": {
            "month": "2006-10",
            "price": "32.18",
            "revenue": 101646
        },
        "2006-11": {
            "month": "2006-11",
            "price": "31.16",
            "revenue": 121459
        },
        "2006-12": {
            "month": "2006-12",
            "price": "34.55",
            "revenue": 83993
        },
        "2007-01": {
            "month": "2007-01",
            "price": "47.98",
            "revenue": 88341
        },
        "2007-02": {
            "month": "2007-02",
            "price": "47.65",
            "revenue": 65413
        },
        "2007-03": {
            "month": "2007-03",
            "price": "46.02",
            "revenue": 93703
        },
        "2007-04": {
            "month": "2007-04",
            "price": "47.25",
            "revenue": 113390
        },
        "2007-05": {
            "month": "2007-05",
            "price": "42.22",
            "revenue": 101535
        },
        "2007-06": {
            "month": "2007-06",
            "price": "45.04",
            "revenue": 92712
        },
        "2007-07": {
            "month": "2007-07",
            "price": "53.68",
            "revenue": 111933
        },
        "2007-08": {
            "month": "2007-08",
            "price": "50.28",
            "revenue": 114108
        },
        "2007-09": {
            "month": "2007-09",
            "price": "47.92",
            "revenue": 107634
        },
        "2007-10": {
            "month": "2007-10",
            "price": "46.70",
            "revenue": 121749
        },
        "2007-11": {
            "month": "2007-11",
            "price": "35.16",
            "revenue": 116925
        },
        "2007-12": {
            "month": "2007-12",
            "price": "31.11",
            "revenue": 100231
        },
        "2008-01": {
            "month": "2008-01",
            "price": "25.42",
            "revenue": 111835
        },
        "2008-02": {
            "month": "2008-02",
            "price": "24.10",
            "revenue": 99492
        },
        "2008-03": {
            "month": "2008-03",
            "price": "30.96",
            "revenue": 120194
        },
        "2008-04": {
            "month": "2008-04",
            "price": "32.23",
            "revenue": 118149
        },
        "2008-05": {
            "month": "2008-05",
            "price": "31.51",
            "revenue": 115908
        },
        "2008-06": {
            "month": "2008-06",
            "price": "27.53",
            "revenue": 112688
        },
        "2008-07": {
            "month": "2008-07",
            "price": "23.59",
            "revenue": 130143
        },
        "2008-08": {
            "month": "2008-08",
            "price": "24.37",
            "revenue": 122280
        },
        "2008-09": {
            "month": "2008-09",
            "price": "19.40",
            "revenue": 126156
        },
        "2008-10": {
            "month": "2008-10",
            "price": "13.46",
            "revenue": 123673
        },
        "2008-11": {
            "month": "2008-11",
            "price": "11.35",
            "revenue": 62795
        },
        "2008-12": {
            "month": "2008-12",
            "price": "9.48",
            "revenue": 51132
        },
        "2009-01": {
            "month": "2009-01",
            "price": "8.96",
            "revenue": 36797
        },
        "2009-02": {
            "month": "2009-02",
            "price": "9.27",
            "revenue": 63204
        },
        "2009-03": {
            "month": "2009-03",
            "price": "12.58",
            "revenue": 94446
        },
        "2009-04": {
            "month": "2009-04",
            "price": "13.71",
            "revenue": 103878
        },
        "2009-05": {
            "month": "2009-05",
            "price": "14.67",
            "revenue": 108967
        },
        "2009-06": {
            "month": "2009-06",
            "price": "22.17",
            "revenue": 104710
        },
        "2009-07": {
            "month": "2009-07",
            "price": "29.91",
            "revenue": 115811
        },
        "2009-08": {
            "month": "2009-08",
            "price": "25.76",
            "revenue": 124782
        },
        "2009-09": {
            "month": "2009-09",
            "price": "27.80",
            "revenue": 128606
        },
        "2009-10": {
            "month": "2009-10",
            "price": "34.05",
            "revenue": 117632
        },
        "2009-11": {
            "month": "2009-11",
            "price": "31.00",
            "revenue": 131709
        },
        "2009-12": {
            "month": "2009-12",
            "price": "39.49",
            "revenue": 139880
        },
        "2010-01": {
            "month": "2010-01",
            "price": "43.53",
            "revenue": 231537
        },
        "2010-02": {
            "month": "2010-02",
            "price": "36.76",
            "revenue": 184265
        },
        "2010-03": {
            "month": "2010-03",
            "price": "46.66",
            "revenue": 230799
        },
        "2010-04": {
            "month": "2010-04",
            "price": "70.60",
            "revenue": 270989
        },
        "2010-05": {
            "month": "2010-05",
            "price": "68.33",
            "revenue": 285867
        },
        "2010-06": {
            "month": "2010-06",
            "price": "78.31",
            "revenue": 282019
        },
        "2010-07": {
            "month": "2010-07",
            "price": "71.12",
            "revenue": 322537
        },
        "2010-08": {
            "month": "2010-08",
            "price": "82.69",
            "revenue": 326799
        },
        "2010-09": {
            "month": "2010-09",
            "price": "87.91",
            "revenue": 293055
        },
        "2010-10": {
            "month": "2010-10",
            "price": "72.46",
            "revenue": 386643
        },
        "2010-11": {
            "month": "2010-11",
            "price": "81.60",
            "revenue": 407876
        },
        "2010-12": {
            "month": "2010-12",
            "price": "97.30",
            "revenue": 375368
        },
        "2011-01": {
            "month": "2011-01",
            "price": "132.02",
            "revenue": 428304
        },
        "2011-02": {
            "month": "2011-02",
            "price": "139.64",
            "revenue": 348421
        },
        "2011-03": {
            "month": "2011-03",
            "price": "149.67",
            "revenue": 430069
        },
        "2011-04": {
            "month": "2011-04",
            "price": "137.71",
            "revenue": 370474
        },
        "2011-05": {
            "month": "2011-05",
            "price": "105.45",
            "revenue": 281327
        },
        "2011-06": {
            "month": "2011-06",
            "price": "92.68",
            "revenue": 258459
        },
        "2011-07": {
            "month": "2011-07",
            "price": "84.36",
            "revenue": 213006
        },
        "2011-08": {
            "month": "2011-08",
            "price": "70.38",
            "revenue": 218717
        },
        "2011-09": {
            "month": "2011-09",
            "price": "53.58",
            "revenue": 207154
        },
        "2011-10": {
            "month": "2011-10",
            "price": "56.62",
            "revenue": 197161
        },
        "2011-11": {
            "month": "2011-11",
            "price": "47.09",
            "revenue": 237374
        },
        "2011-12": {
            "month": "2011-12",
            "price": "39.42",
            "revenue": 212172
        },
        "2012-01": {
            "month": "2012-01",
            "price": "42.66",
            "revenue": 203437
        },
        "2012-02": {
            "month": "2012-02",
            "price": "61.12",
            "revenue": 237199
        },
        "2012-03": {
            "month": "2012-03",
            "price": "65.32",
            "revenue": 261329
        },
        "2012-04": {
            "month": "2012-04",
            "price": "56.44",
            "revenue": 266509
        },
        "2012-05": {
            "month": "2012-05",
            "price": "52.07",
            "revenue": 274716
        },
        "2012-06": {
            "month": "2012-06",
            "price": "49.67",
            "revenue": 254909
        },
        "2012-07": {
            "month": "2012-07",
            "price": "44.17",
            "revenue": 259682
        },
        "2012-08": {
            "month": "2012-08",
            "price": "37.17",
            "revenue": 263802
        },
        "2012-09": {
            "month": "2012-09",
            "price": "42.97",
            "revenue": 239590
        },
        "2012-10": {
            "month": "2012-10",
            "price": "39.29",
            "revenue": 194897
        },
        "2012-11": {
            "month": "2012-11",
            "price": "33.35",
            "revenue": 183350
        },
        "2012-12": {
            "month": "2012-12",
            "price": "35.85",
            "revenue": 187429
        },
        "2013-01": {
            "month": "2013-01",
            "price": "38.02",
            "revenue": 205692
        },
        "2013-02": {
            "month": "2013-02",
            "price": "37.39",
            "revenue": 164606
        },
        "2013-03": {
            "month": "2013-03",
            "price": "38.60",
            "revenue": 211580
        },
        "2013-04": {
            "month": "2013-04",
            "price": "37.11",
            "revenue": 209095
        },
        "2013-05": {
            "month": "2013-05",
            "price": "37.01",
            "revenue": 227243
        },
        "2013-06": {
            "month": "2013-06",
            "price": "36.81",
            "revenue": 203369
        },
        "2013-07": {
            "month": "2013-07",
            "price": "40.20",
            "revenue": 220750
        },
        "2013-08": {
            "month": "2013-08",
            "price": "42.87",
            "revenue": 216394
        },
        "2013-09": {
            "month": "2013-09",
            "price": "45.42",
            "revenue": 213850
        },
        "2013-10": {
            "month": "2013-10",
            "price": "41.39",
            "revenue": 210158
        },
        "2013-11": {
            "month": "2013-11",
            "price": "37.04",
            "revenue": 209136
        },
        "2013-12": {
            "month": "2013-12",
            "price": "38.03",
            "revenue": 198909
        },
        "2014-01": {
            "month": "2014-01",
            "price": "43.76",
            "revenue": 221254
        },
        "2014-02": {
            "month": "2014-02",
            "price": "51.20",
            "revenue": 200252
        },
        "2014-03": {
            "month": "2014-03",
            "price": "50.54",
            "revenue": 243674
        },
        "2014-04": {
            "month": "2014-04",
            "price": "54.61",
            "revenue": 253778
        },
        "2014-05": {
            "month": "2014-05",
            "price": "47.16",
            "revenue": 257184
        },
        "2014-06": {
            "month": "2014-06",
            "price": "52.25",
            "revenue": 241068
        },
        "2014-07": {
            "month": "2014-07",
            "price": "50.47",
            "revenue": 244732
        },
        "2014-08": {
            "month": "2014-08",
            "price": "45.04",
            "revenue": 241002
        },
        "2014-09": {
            "month": "2014-09",
            "price": "42.85",
            "revenue": 228766
        },
        "2014-10": {
            "month": "2014-10",
            "price": "32.38",
            "revenue": 238928
        },
        "2014-11": {
            "month": "2014-11",
            "price": "30.46",
            "revenue": 206348
        },
        "2014-12": {
            "month": "2014-12",
            "price": "32.74",
            "revenue": 209286
        },
        "2015-01": {
            "month": "2015-01",
            "price": "33.02",
            "revenue": 248129
        },
        "2015-02": {
            "month": "2015-02",
            "price": "31.28",
            "revenue": 163929
        },
        "2015-03": {
            "month": "2015-03",
            "price": "34.47",
            "revenue": 220734
        },
        "2015-04": {
            "month": "2015-04",
            "price": "29.32",
            "revenue": 213237
        },
        "2015-05": {
            "month": "2015-05",
            "price": "23.03",
            "revenue": 190895
        },
        "2015-06": {
            "month": "2015-06",
            "price": "18.68",
            "revenue": 193624
        },
        "2015-07": {
            "month": "2015-07",
            "price": "16.29",
            "revenue": 211761
        },
        "2015-08": {
            "month": "2015-08",
            "price": "11.90",
            "revenue": 206033
        },
        "2015-09": {
            "month": "2015-09",
            "price": "13.08",
            "revenue": 193747
        },
        "2015-10": {
            "month": "2015-10",
            "price": "15.37",
            "revenue": 181033
        },
        "2015-11": {
            "month": "2015-11",
            "price": "15.50",
            "revenue": 188940
        },
        "2015-12": {
            "month": "2015-12",
            "price": "16.33",
            "revenue": 188418
        },
        "2016-01": {
            "month": "2016-01",
            "price": "14.64",
            "revenue": 217987
        },
        "2016-02": {
            "month": "2016-02",
            "price": "14.67",
            "revenue": 150738
        },
        "2016-03": {
            "month": "2016-03",
            "price": "15.29",
            "revenue": 204003
        },
        "2016-04": {
            "month": "2016-04",
            "price": "13.45",
            "revenue": 213673
        },
        "2016-05": {
            "month": "2016-05",
            "price": "11.37",
            "revenue": 211600
        },
        "2016-06": {
            "month": "2016-06",
            "price": "12.08",
            "revenue": 201632
        },
        "2016-07": {
            "month": "2016-07",
            "price": "12.72",
            "revenue": 197497
        },
        "2016-08": {
            "month": "2016-08",
            "price": "12.29",
            "revenue": 204439
        },
        "2016-09": {
            "month": "2016-09",
            "price": "12.56",
            "revenue": 192163
        },
        "2016-10": {
            "month": "2016-10",
            "price": "13.14",
            "revenue": 192201
        },
        "2016-11": {
            "month": "2016-11",
            "price": "12.25",
            "revenue": 207467
        },
        "2016-12": {
            "month": "2016-12",
            "price": "12.07",
            "revenue": 198703
        },
        "2017-01": {
            "month": "2017-01",
            "price": "12.69",
            "revenue": 189972
        },
        "2017-02": {
            "month": "2017-02",
            "price": "12.79",
            "revenue": 172777
        },
        "2017-03": {
            "month": "2017-03",
            "price": "12.18",
            "revenue": 198684
        },
        "2017-04": {
            "month": "2017-04",
            "price": "10.98",
            "revenue": 207695
        },
        "2017-05": {
            "month": "2017-05",
            "price": "10.39",
            "revenue": 197334
        },
        "2017-06": {
            "month": "2017-06",
            "price": "10.18",
            "revenue": 197194
        },
        "2017-07": {
            "month": "2017-07",
            "price": "10.02",
            "revenue": 196254
        },
        "2017-08": {
            "month": "2017-08",
            "price": "10.76",
            "revenue": 207565
        },
        "2017-09": {
            "month": "2017-09",
            "price": "16.89",
            "revenue": 204664
        },
        "2017-10": {
            "month": "2017-10",
            "price": "26.51",
            "revenue": 184960
        },
        "2017-11": {
            "month": "2017-11",
            "price": "22.17",
            "revenue": 206387
        },
        "2017-12": {
            "month": "2017-12",
            "price": "18.70",
            "revenue": 211414
        },
        "2018-01": {
            "month": "2018-01",
            "price": "22.00",
            "revenue": 214871
        },
        "2018-02": {
            "month": "2018-02",
            "price": "19.78",
            "revenue": 158055
        },
        "2018-03": {
            "month": "2018-03",
            "price": "18.73",
            "revenue": 202556
        },
        "2018-04": {
            "month": "2018-04",
            "price": "17.58",
            "revenue": 221614
        },
        "2018-05": {
            "month": "2018-05",
            "price": "17.28",
            "revenue": 193327
        },
        "2018-06": {
            "month": "2018-06",
            "price": "22.19",
            "revenue": 206237
        },
        "2018-07": {
            "month": "2018-07",
            "price": "21.22",
            "revenue": 211216
        },
        "2018-08": {
            "month": "2018-08",
            "price": "20.14",
            "revenue": 211518
        },
        "2018-09": {
            "month": "2018-09",
            "price": "18.74",
            "revenue": 195556
        },
        "2018-10": {
            "month": "2018-10",
            "price": "15.16",
            "revenue": 208189
        },
        "2018-11": {
            "month": "2018-11",
            "price": "14.10",
            "revenue": 191277
        },
        "2018-12": {
            "month": "2018-12",
            "price": "14.14",
            "revenue": 174306
        },
        "2019-01": {
            "month": "2019-01",
            "price": "12.95",
            "revenue": 200173
        },
        "2019-02": {
            "month": "2019-02",
            "price": "14.18",
            "revenue": 128794
        },
        "2019-03": {
            "month": "2019-03",
            "price": "14.76",
            "revenue": 191385
        },
        "2019-04": {
            "month": "2019-04",
            "price": "14.08",
            "revenue": 159873
        },
        "2019-05": {
            "month": "2019-05",
            "price": "12.73",
            "revenue": 179775
        },
        "2019-06": {
            "month": "2019-06",
            "price": "12.26",
            "revenue": 177523
        },
        "2019-07": {
            "month": "2019-07",
            "price": "13.37",
            "revenue": 179620
        },
        "2019-08": {
            "month": "2019-08",
            "price": "12.66",
            "revenue": 184841
        },
        "2019-09": {
            "month": "2019-09",
            "price": "12.83",
            "revenue": 186788
        },
        "2019-10": {
            "month": "2019-10",
            "price": "12.49",
            "revenue": 173631
        },
        "2019-11": {
            "month": "2019-11",
            "price": "11.96",
            "revenue": 188500
        },
        "2019-12": {
            "month": "2019-12",
            "price": "12.29",
            "revenue": 184066
        },
        "2020-01": {
            "month": "2020-01",
            "price": "11.76",
            "revenue": 178987
        },
        "2020-02": {
            "month": "2020-02",
            "price": "10.96",
            "revenue": 130866
        },
        "2020-03": {
            "month": "2020-03",
            "price": "9.60",
            "revenue": 203220
        },
        "2020-04": {
            "month": "2020-04",
            "price": "9.20",
            "revenue": 188539
        },
        "2020-05": {
            "month": "2020-05",
            "price": "10.23",
            "revenue": 185030
        },
        "2020-06": {
            "month": "2020-06",
            "price": "10.48",
            "revenue": 177886
        },
        "2020-07": {
            "month": "2020-07",
            "price": "10.85",
            "revenue": 177186
        },
        "2020-08": {
            "month": "2020-08",
            "price": "12.41",
            "revenue": 168391
        },
        "2020-09": {
            "month": "2020-09",
            "price": "15.30",
            "revenue": 176363
        },
        "2020-10": {
            "month": "2020-10",
            "price": "16.63",
            "revenue": 180889
        },
        "2020-11": {
            "month": "2020-11",
            "price": "16.52",
            "revenue": 196181
        },
        "2020-12": {
            "month": "2020-12",
            "price": "18.65",
            "revenue": 210972
        },
        "2021-01": {
            "month": "2021-01",
            "price": "18.30",
            "revenue": 242890
        },
        "2021-02": {
            "month": "2021-02",
            "price": "17.40",
            "revenue": 191923
        },
        "2021-03": {
            "month": "2021-03",
            "price": "18.16",
            "revenue": 245826
        },
        "2021-04": {
            "month": "2021-04",
            "price": "20.76",
            "revenue": 262727
        },
        "2021-05": {
            "month": "2021-05",
            "price": "16.46",
            "revenue": 248731
        },
        "2021-06": {
            "month": "2021-06",
            "price": "17.27",
            "revenue": 256872
        },
        "2021-07": {
            "month": "2021-07",
            "price": "19.22",
            "revenue": 266204
        },
        "2021-08": {
            "month": "2021-08",
            "price": "19.00",
            "revenue": 280494
        },
        "2021-09": {
            "month": "2021-09",
            "price": "37.71",
            "revenue": 284042
        },
        "2021-10": {
            "month": "2021-10",
            "price": "42.23",
            "revenue": 251013
        },
        "2021-11": {
            "month": "2021-11",
            "price": "50.76",
            "revenue": 277322
        },
        "2021-12": {
            "month": "2021-12",
            "price": "54.94",
            "revenue": 274534
        },
        "2022-01": {
            "month": "2022-01",
            "price": "46.38",
            "revenue": 229733
        },
        "2022-02": {
            "month": "2022-02",
            "price": "42.99",
            "revenue": 203211
        },
        "2022-03": {
            "month": "2022-03",
            "price": "37.53",
            "revenue": 299559
        },
        "2022-04": {
            "month": "2022-04",
            "price": "34.83",
            "revenue": 230753
        },
        "2022-05": {
            "month": "2022-05",
            "price": "30.52",
            "revenue": 300195
        },
        "2022-06": {
            "month": "2022-06",
            "price": "32.20",
            "revenue": 269701
        },
        "2022-07": {
            "month": "2022-07",
            "price": "31.60",
            "revenue": 246464
        },
        "2022-08": {
            "month": "2022-08",
            "price": "32.06",
            "revenue": 277668
        },
        "2022-09": {
            "month": "2022-09",
            "price": "30.61",
            "revenue": 260470
        },
        "2022-10": {
            "month": "2022-10",
            "price": "25.95",
            "revenue": 226646
        },
        "2022-11": {
            "month": "2022-11",
            "price": "25.52",
            "revenue": 262963
        },
        "2022-12": {
            "month": "2022-12",
            "price": "26.92",
            "revenue": 255757
        },
        "2023-01": {
            "month": "2023-01",
            "price": "24.40",
            "revenue": 189795
        },
        "2023-02": {
            "month": "2023-02",
            "price": "26.21",
            "revenue": 213023
        },
        "2023-03": {
            "month": "2023-03",
            "price": "26.77",
            "revenue": 232474
        },
        "2023-04": {
            "month": "2023-04",
            "price": "28.74",
            "revenue": 194517
        },
        "2023-05": {
            "month": "2023-05",
            "price": "30.09",
            "revenue": 210465
        },
        "2023-06": {
            "month": "2023-06",
            "price": "29.38",
            "revenue": 207626
        },
        "2023-07": {
            "month": "2023-07",
            "price": "27.94",
            "revenue": 193353
        },
        "2023-08": {
            "month": "2023-08",
            "price": "24.79",
            "revenue": 217122
        },
        "2023-09": {
            "month": "2023-09",
            "price": "25.47",
            "revenue": 210728
        },
        "2023-10": {
            "month": "2023-10",
            "price": "24.08",
            "revenue": 209855
        },
        "2023-11": {
            "month": "2023-11",
            "price": "24.15",
            "revenue": 239659
        },
        "2023-12": {
            "month": "2023-12",
            "price": "25.15",
            "revenue": 236521
        }
    }
}
