{
    "summary": {
        "stock_name": "福懋科",
        "stock_id": "8131",
        "category": "半導體",
        "main_business": "接受委託各型積體電路之封裝、測試與模組之加工及研究開發業務<br>CC01080電子零組件製造業",
        "website_url": "https://www.fatc.com.tw/",
        "ceo": "張憲正",
        "pe_ratio": 30,
        "report_year_from": 2001,
        "report_year_to": 2023,
        "age": 23,
        "eps_negative_percentage": 0,
        "eps_growth_avg": {
            "last_all": 1.22,
            "last_2y": -10.44,
            "last_4y": -6.26,
            "last_8y": 3.45,
            "last_12y": -2.1,
            "last_16y": 1.22,
            "last_20y": null,
            "at_2006_last_3y": null,
            "at_2007_last_3y": null,
            "at_2008_last_3y": null,
            "at_2009_last_3y": null,
            "at_2010_last_3y": 12.02,
            "at_2011_last_3y": -14.85,
            "at_2012_last_3y": -22.57,
            "at_2013_last_3y": -14.58,
            "at_2014_last_3y": -14.58,
            "at_2015_last_3y": -0.64,
            "at_2016_last_3y": 15.87,
            "at_2017_last_3y": 40.11,
            "at_2018_last_3y": 15.59,
            "at_2019_last_3y": 4.41,
            "at_2020_last_3y": 9.57,
            "at_2021_last_3y": 3.32,
            "at_2022_last_3y": 10.77,
            "at_2023_last_3y": -5.02,
            "at_2024_last_3y": -5.02,
            "at_2006_last_all": null,
            "at_2007_last_all": null,
            "at_2008_last_all": 20.32,
            "at_2009_last_all": -17.31,
            "at_2010_last_all": 12.02,
            "at_2011_last_all": 5.16,
            "at_2012_last_all": -8.27,
            "at_2013_last_all": -15.75,
            "at_2014_last_all": -1.28,
            "at_2015_last_all": 2.58,
            "at_2016_last_all": 1.38,
            "at_2017_last_all": 4.56,
            "at_2018_last_all": 4.34,
            "at_2019_last_all": 3.15,
            "at_2020_last_all": 3.72,
            "at_2021_last_all": 4.23,
            "at_2022_last_all": 5.95,
            "at_2023_last_all": 1.22,
            "at_2024_last_all": 1.22
        },
        "latest_eps": 1.2,
        "latest_price": 35.9,
        "latest_roe": 4.32,
        "latest_gross_margin": 6.86,
        "latest_equity": 11807236,
        "latest_revenue": 1956852,
        "latest_gross_profit": 134158,
        "latest_net_income": 23949,
        "latest_debt_ratio": 10.98,
        "latest_current_ratio": 1102.3,
        "latest_account_receivable_turnover_ratio": 1.58,
        "latest_inventory_turnover_ratio": 2.46,
        "latest_reinvestment_rate": -50.92,
        "latest_research_to_sale_ratio": 2.2
    },
    "eps_dividends": {
        "2001": {
            "cash": 0,
            "stock": 0,
            "eps": 0
        },
        "2002": {
            "cash": 0,
            "stock": 0,
            "eps": 0
        },
        "2003": {
            "cash": 0,
            "stock": 0,
            "eps": 0
        },
        "2004": {
            "cash": 0,
            "stock": 0,
            "eps": 0
        },
        "2005": {
            "cash": 0,
            "stock": 0,
            "eps": 0
        },
        "2006": {
            "cash": 0,
            "stock": 0,
            "eps": 2.23
        },
        "2007": {
            "cash": 2,
            "stock": 0.5,
            "eps": 4.13
        },
        "2008": {
            "cash": 3.2,
            "stock": 0,
            "eps": 2.29
        },
        "2009": {
            "cash": 1,
            "stock": 0,
            "eps": 0.17
        },
        "2010": {
            "cash": 0.9,
            "stock": 0,
            "eps": 3.46
        },
        "2011": {
            "cash": 4.1,
            "stock": 0,
            "eps": 2.69
        },
        "2012": {
            "cash": 0,
            "stock": 0,
            "eps": 0.66
        },
        "2013": {
            "cash": 1,
            "stock": 0,
            "eps": 0.26
        },
        "2014": {
            "cash": 0.4,
            "stock": 0,
            "eps": 1.91
        },
        "2015": {
            "cash": 1.4,
            "stock": 0,
            "eps": 2.55
        },
        "2016": {
            "cash": 2,
            "stock": 0,
            "eps": 2.31
        },
        "2017": {
            "cash": 2,
            "stock": 0,
            "eps": 3.15
        },
        "2018": {
            "cash": 2.5,
            "stock": 0,
            "eps": 3.21
        },
        "2019": {
            "cash": 2.5,
            "stock": 0,
            "eps": 2.85
        },
        "2020": {
            "cash": 2.2,
            "stock": 0,
            "eps": 3.17
        },
        "2021": {
            "cash": 2.3,
            "stock": 0,
            "eps": 3.53
        },
        "2022": {
            "cash": 2.5,
            "stock": 0,
            "eps": 4.65
        },
        "2023": {
            "cash": 3.3,
            "stock": 0,
            "eps": 1.19
        },
        "2024": {
            "cash": 0.9,
            "stock": 0,
            "eps": 0
        }
    },
    "dividends": {
        "2007-03-29": {
            "cash": 2,
            "stock": 0.5
        },
        "2008-03-27": {
            "cash": 3.2,
            "stock": 0
        },
        "2009-03-27": {
            "cash": 1,
            "stock": 0
        },
        "2010-03-30": {
            "cash": 0.9,
            "stock": 0
        },
        "2011-01-01": {
            "cash": 1.6,
            "stock": 0
        },
        "2011-03-29": {
            "cash": 2.5,
            "stock": 0
        },
        "2013-03-25": {
            "cash": 1,
            "stock": 0
        },
        "2014-08-13": {
            "cash": 0.4,
            "stock": 0
        },
        "2015-08-13": {
            "cash": 1.4,
            "stock": 0
        },
        "2016-08-12": {
            "cash": 2,
            "stock": 0
        },
        "2017-08-18": {
            "cash": 2,
            "stock": 0
        },
        "2018-08-15": {
            "cash": 2.5,
            "stock": 0
        },
        "2019-08-14": {
            "cash": 2.5,
            "stock": 0
        },
        "2020-08-07": {
            "cash": 2.2,
            "stock": 0
        },
        "2021-08-31": {
            "cash": 2.3,
            "stock": 0
        },
        "2022-08-19": {
            "cash": 2.5,
            "stock": 0
        },
        "2023-08-16": {
            "cash": 3.3,
            "stock": 0
        },
        "2024-02-23": {
            "cash": 0.9,
            "stock": 0
        }
    },
    "prices": {
        "200101": "無",
        "200102": "無",
        "200103": "無",
        "200104": "無",
        "200105": "無",
        "200106": "無",
        "200107": "無",
        "200108": "無",
        "200109": "無",
        "200110": "無",
        "200111": "無",
        "200112": "無",
        "200201": "無",
        "200202": "無",
        "200203": "無",
        "200204": "無",
        "200205": "無",
        "200206": "無",
        "200207": "無",
        "200208": "無",
        "200209": "無",
        "200210": "無",
        "200211": "無",
        "200212": "無",
        "200301": "無",
        "200302": "無",
        "200303": "無",
        "200304": "無",
        "200305": "無",
        "200306": "無",
        "200307": "無",
        "200308": "無",
        "200309": "無",
        "200310": "無",
        "200311": "無",
        "200312": "無",
        "200401": "無",
        "200402": "無",
        "200403": "無",
        "200404": "無",
        "200405": "無",
        "200406": "無",
        "200407": "無",
        "200408": "無",
        "200409": "無",
        "200410": "無",
        "200411": "無",
        "200412": "無",
        "200501": "無",
        "200502": "無",
        "200503": "無",
        "200504": "無",
        "200505": "無",
        "200506": "無",
        "200507": "無",
        "200508": "無",
        "200509": "無",
        "200510": "無",
        "200511": "無",
        "200512": "無",
        "200601": "無",
        "200602": "無",
        "200603": "無",
        "200604": "無",
        "200605": "無",
        "200606": "無",
        "200607": "無",
        "200608": "無",
        "200609": "無",
        "200610": "無",
        "200611": "56.52",
        "200612": "49.21",
        "200701": "55.39",
        "200702": "61.67",
        "200703": "71.54",
        "200704": "85.59",
        "200705": "80.03",
        "200706": "82.55",
        "200707": "88.50",
        "200708": "84.96",
        "200709": "78.50",
        "200710": "73.76",
        "200711": "55.45",
        "200712": "56.40",
        "200801": "47.86",
        "200802": "41.82",
        "200803": "42.39",
        "200804": "48.60",
        "200805": "50.92",
        "200806": "45.31",
        "200807": "40.69",
        "200808": "37.08",
        "200809": "29.50",
        "200810": "23.65",
        "200811": "18.77",
        "200812": "20.54",
        "200901": "20.36",
        "200902": "22.76",
        "200903": "24.08",
        "200904": "27.61",
        "200905": "29.23",
        "200906": "25.85",
        "200907": "29.93",
        "200908": "31.33",
        "200909": "32.00",
        "200910": "35.08",
        "200911": "39.99",
        "200912": "41.44",
        "201001": "49.60",
        "201002": "47.03",
        "201003": "52.93",
        "201004": "53.16",
        "201005": "43.92",
        "201006": "43.23",
        "201007": "42.41",
        "201008": "39.68",
        "201009": "37.95",
        "201010": "34.92",
        "201011": "35.20",
        "201012": "38.46",
        "201101": "41.11",
        "201102": "38.62",
        "201103": "36.08",
        "201104": "36.82",
        "201105": "37.57",
        "201106": "36.69",
        "201107": "35.55",
        "201108": "26.43",
        "201109": "28.32",
        "201110": "28.63",
        "201111": "25.16",
        "201112": "22.94",
        "201201": "23.26",
        "201202": "26.98",
        "201203": "31.80",
        "201204": "30.24",
        "201205": "28.24",
        "201206": "24.47",
        "201207": "24.45",
        "201208": "21.83",
        "201209": "21.67",
        "201210": "18.50",
        "201211": "15.54",
        "201212": "16.96",
        "201301": "16.85",
        "201302": "16.58",
        "201303": "17.57",
        "201304": "21.59",
        "201305": "20.90",
        "201306": "21.01",
        "201307": "20.20",
        "201308": "17.35",
        "201309": "17.26",
        "201310": "17.75",
        "201311": "17.07",
        "201312": "16.89",
        "201401": "18.25",
        "201402": "18.35",
        "201403": "19.02",
        "201404": "21.96",
        "201405": "23.49",
        "201406": "25.90",
        "201407": "24.58",
        "201408": "23.66",
        "201409": "23.85",
        "201410": "20.31",
        "201411": "19.92",
        "201412": "20.79",
        "201501": "21.94",
        "201502": "21.68",
        "201503": "22.52",
        "201504": "24.64",
        "201505": "23.83",
        "201506": "22.71",
        "201507": "20.09",
        "201508": "17.66",
        "201509": "19.15",
        "201510": "20.45",
        "201511": "20.96",
        "201512": "20.60",
        "201601": "19.04",
        "201602": "20.00",
        "201603": "22.15",
        "201604": "22.77",
        "201605": "22.01",
        "201606": "22.29",
        "201607": "22.66",
        "201608": "22.12",
        "201609": "21.96",
        "201610": "22.29",
        "201611": "22.53",
        "201612": "23.40",
        "201701": "23.19",
        "201702": "24.00",
        "201703": "25.14",
        "201704": "27.01",
        "201705": "27.98",
        "201706": "27.76",
        "201707": "28.02",
        "201708": "27.97",
        "201709": "31.99",
        "201710": "35.06",
        "201711": "32.72",
        "201712": "30.91",
        "201801": "31.55",
        "201802": "30.53",
        "201803": "31.73",
        "201804": "33.17",
        "201805": "37.29",
        "201806": "38.88",
        "201807": "36.11",
        "201808": "35.11",
        "201809": "34.04",
        "201810": "31.68",
        "201811": "31.89",
        "201812": "32.15",
        "201901": "32.54",
        "201902": "33.70",
        "201903": "35.34",
        "201904": "35.43",
        "201905": "34.52",
        "201906": "34.73",
        "201907": "34.97",
        "201908": "32.97",
        "201909": "34.24",
        "201910": "33.72",
        "201911": "34.38",
        "201912": "35.93",
        "202001": "37.33",
        "202002": "39.68",
        "202003": "34.83",
        "202004": "35.46",
        "202005": "37.32",
        "202006": "37.90",
        "202007": "37.08",
        "202008": "35.50",
        "202009": "35.10",
        "202010": "35.38",
        "202011": "36.19",
        "202012": "37.68",
        "202101": "37.63",
        "202102": "37.53",
        "202103": "39.54",
        "202104": "42.40",
        "202105": "39.40",
        "202106": "39.82",
        "202107": "41.59",
        "202108": "38.04",
        "202109": "37.93",
        "202110": "37.54",
        "202111": "38.86",
        "202112": "38.82",
        "202201": "38.79",
        "202202": "39.24",
        "202203": "40.97",
        "202204": "40.00",
        "202205": "39.89",
        "202206": "40.79",
        "202207": "37.19",
        "202208": "38.36",
        "202209": "38.07",
        "202210": "36.79",
        "202211": "38.97",
        "202212": "38.87",
        "202301": "39.24",
        "202302": "41.08",
        "202303": "43.93",
        "202304": "43.87",
        "202305": "42.44",
        "202306": "43.98",
        "202307": "41.88",
        "202308": "39.40",
        "202309": "39.36",
        "202310": "38.80",
        "202311": "39.06",
        "202312": "39.11"
    },
    "quarters": {
        "20011": {
            "year_quarter": 20011,
            "year": 2001,
            "quarter": 1,
            "eps": null,
            "eps_growth_year": null,
            "eps_4q": null,
            "eps_4q_growth_year": null,
            "roe": null,
            "roe_4q": 0,
            "gross_profit": null,
            "gross_margin": null,
            "gross_margin_4q_avg": 0,
            "net_income": null,
            "net_income_4q": null,
            "revenue": null,
            "revenue_4q": null,
            "common_shares": null,
            "book_valuer_per_share": null,
            "book_valuer_per_share_4q_avg": 0,
            "equity": null,
            "current_ratio": null,
            "debt_ratio": null,
            "inventory_turnover_ratio": null,
            "account_receivable_turnover_ratio": null,
            "reinvestment_rate": null,
            "research_to_sale_ratio": null,
            "price_fair": 0,
            "eps_avg_yearly": 0,
            "eps_latest_yearly": 0,
            "eps_growth_yearly": 0
        },
        "20012": {
            "year_quarter": 20012,
            "year": 2001,
            "quarter": 2,
            "eps": null,
            "eps_growth_year": null,
            "eps_4q": null,
            "eps_4q_growth_year": null,
            "roe": null,
            "roe_4q": 0,
            "gross_profit": null,
            "gross_margin": null,
            "gross_margin_4q_avg": 0,
            "net_income": null,
            "net_income_4q": null,
            "revenue": null,
            "revenue_4q": null,
            "common_shares": null,
            "book_valuer_per_share": null,
            "book_valuer_per_share_4q_avg": 0,
            "equity": null,
            "current_ratio": null,
            "debt_ratio": null,
            "inventory_turnover_ratio": null,
            "account_receivable_turnover_ratio": null,
            "reinvestment_rate": null,
            "research_to_sale_ratio": null,
            "price_fair": 0,
            "eps_avg_yearly": 0,
            "eps_latest_yearly": 0,
            "eps_growth_yearly": 0
        },
        "20013": {
            "year_quarter": 20013,
            "year": 2001,
            "quarter": 3,
            "eps": null,
            "eps_growth_year": null,
            "eps_4q": null,
            "eps_4q_growth_year": null,
            "roe": null,
            "roe_4q": 0,
            "gross_profit": null,
            "gross_margin": null,
            "gross_margin_4q_avg": 0,
            "net_income": null,
            "net_income_4q": null,
            "revenue": null,
            "revenue_4q": null,
            "common_shares": null,
            "book_valuer_per_share": null,
            "book_valuer_per_share_4q_avg": 0,
            "equity": null,
            "current_ratio": null,
            "debt_ratio": null,
            "inventory_turnover_ratio": null,
            "account_receivable_turnover_ratio": null,
            "reinvestment_rate": null,
            "research_to_sale_ratio": null,
            "price_fair": 0,
            "eps_avg_yearly": 0,
            "eps_latest_yearly": 0,
            "eps_growth_yearly": 0
        },
        "20014": {
            "year_quarter": 20014,
            "year": 2001,
            "quarter": 4,
            "eps": null,
            "eps_growth_year": null,
            "eps_4q": null,
            "eps_4q_growth_year": null,
            "roe": null,
            "roe_4q": 0,
            "gross_profit": null,
            "gross_margin": null,
            "gross_margin_4q_avg": 0,
            "net_income": null,
            "net_income_4q": null,
            "revenue": null,
            "revenue_4q": null,
            "common_shares": 2500000,
            "book_valuer_per_share": 6.3,
            "book_valuer_per_share_4q_avg": 1.58,
            "equity": 1575065,
            "current_ratio": 81.38,
            "debt_ratio": 58.27,
            "inventory_turnover_ratio": null,
            "account_receivable_turnover_ratio": null,
            "reinvestment_rate": null,
            "research_to_sale_ratio": null,
            "price_fair": 0,
            "eps_avg_yearly": 0,
            "eps_latest_yearly": 0,
            "eps_growth_yearly": 0
        },
        "20021": {
            "year_quarter": 20021,
            "year": 2002,
            "quarter": 1,
            "eps": null,
            "eps_growth_year": null,
            "eps_4q": null,
            "eps_4q_growth_year": null,
            "roe": null,
            "roe_4q": 0,
            "gross_profit": null,
            "gross_margin": null,
            "gross_margin_4q_avg": 0,
            "net_income": null,
            "net_income_4q": null,
            "revenue": null,
            "revenue_4q": null,
            "common_shares": null,
            "book_valuer_per_share": null,
            "book_valuer_per_share_4q_avg": 1.58,
            "equity": null,
            "current_ratio": null,
            "debt_ratio": null,
            "inventory_turnover_ratio": null,
            "account_receivable_turnover_ratio": null,
            "reinvestment_rate": null,
            "research_to_sale_ratio": null,
            "price_fair": 0,
            "eps_avg_yearly": 0,
            "eps_latest_yearly": 0,
            "eps_growth_yearly": 0
        },
        "20022": {
            "year_quarter": 20022,
            "year": 2002,
            "quarter": 2,
            "eps": null,
            "eps_growth_year": null,
            "eps_4q": null,
            "eps_4q_growth_year": null,
            "roe": null,
            "roe_4q": 0,
            "gross_profit": null,
            "gross_margin": null,
            "gross_margin_4q_avg": 0,
            "net_income": null,
            "net_income_4q": null,
            "revenue": null,
            "revenue_4q": null,
            "common_shares": null,
            "book_valuer_per_share": null,
            "book_valuer_per_share_4q_avg": 1.58,
            "equity": null,
            "current_ratio": null,
            "debt_ratio": null,
            "inventory_turnover_ratio": null,
            "account_receivable_turnover_ratio": null,
            "reinvestment_rate": null,
            "research_to_sale_ratio": null,
            "price_fair": 0,
            "eps_avg_yearly": 0,
            "eps_latest_yearly": 0,
            "eps_growth_yearly": 0
        },
        "20023": {
            "year_quarter": 20023,
            "year": 2002,
            "quarter": 3,
            "eps": null,
            "eps_growth_year": null,
            "eps_4q": null,
            "eps_4q_growth_year": null,
            "roe": null,
            "roe_4q": 0,
            "gross_profit": null,
            "gross_margin": null,
            "gross_margin_4q_avg": 0,
            "net_income": null,
            "net_income_4q": null,
            "revenue": null,
            "revenue_4q": null,
            "common_shares": null,
            "book_valuer_per_share": null,
            "book_valuer_per_share_4q_avg": 1.58,
            "equity": null,
            "current_ratio": null,
            "debt_ratio": null,
            "inventory_turnover_ratio": null,
            "account_receivable_turnover_ratio": null,
            "reinvestment_rate": null,
            "research_to_sale_ratio": null,
            "price_fair": 0,
            "eps_avg_yearly": 0,
            "eps_latest_yearly": 0,
            "eps_growth_yearly": 0
        },
        "20024": {
            "year_quarter": 20024,
            "year": 2002,
            "quarter": 4,
            "eps": null,
            "eps_growth_year": null,
            "eps_4q": null,
            "eps_4q_growth_year": null,
            "roe": null,
            "roe_4q": 0,
            "gross_profit": null,
            "gross_margin": null,
            "gross_margin_4q_avg": 0,
            "net_income": null,
            "net_income_4q": null,
            "revenue": null,
            "revenue_4q": null,
            "common_shares": 2500000,
            "book_valuer_per_share": 6.97,
            "book_valuer_per_share_4q_avg": 1.74,
            "equity": 1741944,
            "current_ratio": 56.94,
            "debt_ratio": 55.16,
            "inventory_turnover_ratio": null,
            "account_receivable_turnover_ratio": null,
            "reinvestment_rate": null,
            "research_to_sale_ratio": null,
            "price_fair": 0,
            "eps_avg_yearly": 0,
            "eps_latest_yearly": 0,
            "eps_growth_yearly": 0
        },
        "20031": {
            "year_quarter": 20031,
            "year": 2003,
            "quarter": 1,
            "eps": null,
            "eps_growth_year": null,
            "eps_4q": null,
            "eps_4q_growth_year": null,
            "roe": null,
            "roe_4q": 0,
            "gross_profit": null,
            "gross_margin": null,
            "gross_margin_4q_avg": 0,
            "net_income": null,
            "net_income_4q": null,
            "revenue": null,
            "revenue_4q": null,
            "common_shares": null,
            "book_valuer_per_share": null,
            "book_valuer_per_share_4q_avg": 1.74,
            "equity": null,
            "current_ratio": null,
            "debt_ratio": null,
            "inventory_turnover_ratio": null,
            "account_receivable_turnover_ratio": null,
            "reinvestment_rate": null,
            "research_to_sale_ratio": null,
            "price_fair": 0,
            "eps_avg_yearly": 0,
            "eps_latest_yearly": 0,
            "eps_growth_yearly": 0
        },
        "20032": {
            "year_quarter": 20032,
            "year": 2003,
            "quarter": 2,
            "eps": null,
            "eps_growth_year": null,
            "eps_4q": null,
            "eps_4q_growth_year": null,
            "roe": null,
            "roe_4q": 0,
            "gross_profit": null,
            "gross_margin": null,
            "gross_margin_4q_avg": 0,
            "net_income": null,
            "net_income_4q": null,
            "revenue": null,
            "revenue_4q": null,
            "common_shares": null,
            "book_valuer_per_share": null,
            "book_valuer_per_share_4q_avg": 1.74,
            "equity": null,
            "current_ratio": null,
            "debt_ratio": null,
            "inventory_turnover_ratio": null,
            "account_receivable_turnover_ratio": null,
            "reinvestment_rate": null,
            "research_to_sale_ratio": null,
            "price_fair": 0,
            "eps_avg_yearly": 0,
            "eps_latest_yearly": 0,
            "eps_growth_yearly": 0
        },
        "20033": {
            "year_quarter": 20033,
            "year": 2003,
            "quarter": 3,
            "eps": null,
            "eps_growth_year": null,
            "eps_4q": null,
            "eps_4q_growth_year": null,
            "roe": null,
            "roe_4q": 0,
            "gross_profit": null,
            "gross_margin": null,
            "gross_margin_4q_avg": 0,
            "net_income": null,
            "net_income_4q": null,
            "revenue": null,
            "revenue_4q": null,
            "common_shares": null,
            "book_valuer_per_share": null,
            "book_valuer_per_share_4q_avg": 1.74,
            "equity": null,
            "current_ratio": null,
            "debt_ratio": null,
            "inventory_turnover_ratio": null,
            "account_receivable_turnover_ratio": null,
            "reinvestment_rate": null,
            "research_to_sale_ratio": null,
            "price_fair": 0,
            "eps_avg_yearly": 0,
            "eps_latest_yearly": 0,
            "eps_growth_yearly": 0
        },
        "20034": {
            "year_quarter": 20034,
            "year": 2003,
            "quarter": 4,
            "eps": null,
            "eps_growth_year": null,
            "eps_4q": null,
            "eps_4q_growth_year": null,
            "roe": null,
            "roe_4q": 0,
            "gross_profit": null,
            "gross_margin": null,
            "gross_margin_4q_avg": 0,
            "net_income": null,
            "net_income_4q": null,
            "revenue": null,
            "revenue_4q": null,
            "common_shares": 2500000,
            "book_valuer_per_share": 7.6,
            "book_valuer_per_share_4q_avg": 1.9,
            "equity": 1899147,
            "current_ratio": 94.26,
            "debt_ratio": 54.62,
            "inventory_turnover_ratio": null,
            "account_receivable_turnover_ratio": null,
            "reinvestment_rate": null,
            "research_to_sale_ratio": null,
            "price_fair": 0,
            "eps_avg_yearly": 0,
            "eps_latest_yearly": 0,
            "eps_growth_yearly": 0
        },
        "20041": {
            "year_quarter": 20041,
            "year": 2004,
            "quarter": 1,
            "eps": null,
            "eps_growth_year": null,
            "eps_4q": null,
            "eps_4q_growth_year": null,
            "roe": null,
            "roe_4q": 0,
            "gross_profit": null,
            "gross_margin": null,
            "gross_margin_4q_avg": 0,
            "net_income": null,
            "net_income_4q": null,
            "revenue": null,
            "revenue_4q": null,
            "common_shares": null,
            "book_valuer_per_share": null,
            "book_valuer_per_share_4q_avg": 1.9,
            "equity": null,
            "current_ratio": null,
            "debt_ratio": null,
            "inventory_turnover_ratio": null,
            "account_receivable_turnover_ratio": null,
            "reinvestment_rate": null,
            "research_to_sale_ratio": null,
            "price_fair": 0,
            "eps_avg_yearly": 0,
            "eps_latest_yearly": 0,
            "eps_growth_yearly": 0
        },
        "20042": {
            "year_quarter": 20042,
            "year": 2004,
            "quarter": 2,
            "eps": null,
            "eps_growth_year": null,
            "eps_4q": null,
            "eps_4q_growth_year": null,
            "roe": null,
            "roe_4q": 0,
            "gross_profit": null,
            "gross_margin": null,
            "gross_margin_4q_avg": 0,
            "net_income": null,
            "net_income_4q": null,
            "revenue": null,
            "revenue_4q": null,
            "common_shares": null,
            "book_valuer_per_share": null,
            "book_valuer_per_share_4q_avg": 1.9,
            "equity": null,
            "current_ratio": null,
            "debt_ratio": null,
            "inventory_turnover_ratio": null,
            "account_receivable_turnover_ratio": null,
            "reinvestment_rate": null,
            "research_to_sale_ratio": null,
            "price_fair": 0,
            "eps_avg_yearly": 0,
            "eps_latest_yearly": 0,
            "eps_growth_yearly": 0
        },
        "20043": {
            "year_quarter": 20043,
            "year": 2004,
            "quarter": 3,
            "eps": null,
            "eps_growth_year": null,
            "eps_4q": null,
            "eps_4q_growth_year": null,
            "roe": null,
            "roe_4q": 0,
            "gross_profit": null,
            "gross_margin": null,
            "gross_margin_4q_avg": 0,
            "net_income": null,
            "net_income_4q": null,
            "revenue": null,
            "revenue_4q": null,
            "common_shares": null,
            "book_valuer_per_share": null,
            "book_valuer_per_share_4q_avg": 1.9,
            "equity": null,
            "current_ratio": null,
            "debt_ratio": null,
            "inventory_turnover_ratio": null,
            "account_receivable_turnover_ratio": null,
            "reinvestment_rate": null,
            "research_to_sale_ratio": null,
            "price_fair": 0,
            "eps_avg_yearly": 0,
            "eps_latest_yearly": 0,
            "eps_growth_yearly": 0
        },
        "20044": {
            "year_quarter": 20044,
            "year": 2004,
            "quarter": 4,
            "eps": null,
            "eps_growth_year": null,
            "eps_4q": null,
            "eps_4q_growth_year": null,
            "roe": null,
            "roe_4q": 0,
            "gross_profit": null,
            "gross_margin": null,
            "gross_margin_4q_avg": 0,
            "net_income": null,
            "net_income_4q": null,
            "revenue": null,
            "revenue_4q": null,
            "common_shares": 2500000,
            "book_valuer_per_share": 8.37,
            "book_valuer_per_share_4q_avg": 2.09,
            "equity": 2093600,
            "current_ratio": 53.5,
            "debt_ratio": 65.46,
            "inventory_turnover_ratio": null,
            "account_receivable_turnover_ratio": null,
            "reinvestment_rate": null,
            "research_to_sale_ratio": null,
            "price_fair": 0,
            "eps_avg_yearly": 0,
            "eps_latest_yearly": 0,
            "eps_growth_yearly": 0
        },
        "20051": {
            "year_quarter": 20051,
            "year": 2005,
            "quarter": 1,
            "eps": null,
            "eps_growth_year": null,
            "eps_4q": null,
            "eps_4q_growth_year": null,
            "roe": null,
            "roe_4q": 0,
            "gross_profit": null,
            "gross_margin": null,
            "gross_margin_4q_avg": 0,
            "net_income": null,
            "net_income_4q": null,
            "revenue": null,
            "revenue_4q": null,
            "common_shares": null,
            "book_valuer_per_share": null,
            "book_valuer_per_share_4q_avg": 2.09,
            "equity": null,
            "current_ratio": null,
            "debt_ratio": null,
            "inventory_turnover_ratio": null,
            "account_receivable_turnover_ratio": null,
            "reinvestment_rate": null,
            "research_to_sale_ratio": null,
            "price_fair": 0,
            "eps_avg_yearly": 0,
            "eps_latest_yearly": 0,
            "eps_growth_yearly": 0
        },
        "20052": {
            "year_quarter": 20052,
            "year": 2005,
            "quarter": 2,
            "eps": null,
            "eps_growth_year": null,
            "eps_4q": null,
            "eps_4q_growth_year": null,
            "roe": null,
            "roe_4q": 0,
            "gross_profit": null,
            "gross_margin": null,
            "gross_margin_4q_avg": 0,
            "net_income": null,
            "net_income_4q": null,
            "revenue": null,
            "revenue_4q": null,
            "common_shares": null,
            "book_valuer_per_share": null,
            "book_valuer_per_share_4q_avg": 2.09,
            "equity": null,
            "current_ratio": null,
            "debt_ratio": null,
            "inventory_turnover_ratio": null,
            "account_receivable_turnover_ratio": null,
            "reinvestment_rate": null,
            "research_to_sale_ratio": null,
            "price_fair": 0,
            "eps_avg_yearly": 0,
            "eps_latest_yearly": 0,
            "eps_growth_yearly": 0
        },
        "20053": {
            "year_quarter": 20053,
            "year": 2005,
            "quarter": 3,
            "eps": null,
            "eps_growth_year": null,
            "eps_4q": null,
            "eps_4q_growth_year": null,
            "roe": null,
            "roe_4q": 0,
            "gross_profit": null,
            "gross_margin": null,
            "gross_margin_4q_avg": 0,
            "net_income": null,
            "net_income_4q": null,
            "revenue": null,
            "revenue_4q": null,
            "common_shares": null,
            "book_valuer_per_share": null,
            "book_valuer_per_share_4q_avg": 2.09,
            "equity": null,
            "current_ratio": null,
            "debt_ratio": null,
            "inventory_turnover_ratio": null,
            "account_receivable_turnover_ratio": null,
            "reinvestment_rate": null,
            "research_to_sale_ratio": null,
            "price_fair": 0,
            "eps_avg_yearly": 0,
            "eps_latest_yearly": 0,
            "eps_growth_yearly": 0
        },
        "20054": {
            "year_quarter": 20054,
            "year": 2005,
            "quarter": 4,
            "eps": null,
            "eps_growth_year": null,
            "eps_4q": null,
            "eps_4q_growth_year": null,
            "roe": null,
            "roe_4q": 0,
            "gross_profit": null,
            "gross_margin": null,
            "gross_margin_4q_avg": 0,
            "net_income": null,
            "net_income_4q": null,
            "revenue": null,
            "revenue_4q": null,
            "common_shares": 2500000,
            "book_valuer_per_share": 11.2,
            "book_valuer_per_share_4q_avg": 2.8,
            "equity": 2799537,
            "current_ratio": 82.31,
            "debt_ratio": 63.3,
            "inventory_turnover_ratio": null,
            "account_receivable_turnover_ratio": null,
            "reinvestment_rate": null,
            "research_to_sale_ratio": null,
            "price_fair": 0,
            "eps_avg_yearly": 0,
            "eps_latest_yearly": 0,
            "eps_growth_yearly": 0
        },
        "20061": {
            "year_quarter": 20061,
            "year": 2006,
            "quarter": 1,
            "eps": null,
            "eps_growth_year": null,
            "eps_4q": null,
            "eps_4q_growth_year": null,
            "roe": null,
            "roe_4q": 0,
            "gross_profit": null,
            "gross_margin": null,
            "gross_margin_4q_avg": 0,
            "net_income": null,
            "net_income_4q": null,
            "revenue": null,
            "revenue_4q": null,
            "common_shares": null,
            "book_valuer_per_share": null,
            "book_valuer_per_share_4q_avg": 2.8,
            "equity": null,
            "current_ratio": null,
            "debt_ratio": null,
            "inventory_turnover_ratio": null,
            "account_receivable_turnover_ratio": null,
            "reinvestment_rate": null,
            "research_to_sale_ratio": null,
            "price_fair": 0,
            "eps_avg_yearly": 0,
            "eps_latest_yearly": 0,
            "eps_growth_yearly": 0
        },
        "20062": {
            "year_quarter": 20062,
            "year": 2006,
            "quarter": 2,
            "eps": null,
            "eps_growth_year": null,
            "eps_4q": null,
            "eps_4q_growth_year": null,
            "roe": null,
            "roe_4q": 0,
            "gross_profit": null,
            "gross_margin": null,
            "gross_margin_4q_avg": 0,
            "net_income": null,
            "net_income_4q": null,
            "revenue": null,
            "revenue_4q": null,
            "common_shares": null,
            "book_valuer_per_share": null,
            "book_valuer_per_share_4q_avg": 2.8,
            "equity": null,
            "current_ratio": null,
            "debt_ratio": null,
            "inventory_turnover_ratio": null,
            "account_receivable_turnover_ratio": null,
            "reinvestment_rate": null,
            "research_to_sale_ratio": null,
            "price_fair": 0,
            "eps_avg_yearly": 0,
            "eps_latest_yearly": 0,
            "eps_growth_yearly": 0
        },
        "20063": {
            "year_quarter": 20063,
            "year": 2006,
            "quarter": 3,
            "eps": 1.28,
            "eps_growth_year": null,
            "eps_4q": null,
            "eps_4q_growth_year": null,
            "roe": 9.85,
            "roe_4q": 9.85,
            "gross_profit": 347314,
            "gross_margin": 20.39,
            "gross_margin_4q_avg": 5.1,
            "net_income": 372039,
            "net_income_4q": null,
            "revenue": 1703708,
            "revenue_4q": null,
            "common_shares": 2700000,
            "book_valuer_per_share": 13.99,
            "book_valuer_per_share_4q_avg": 6.3,
            "equity": 3776943,
            "current_ratio": 73.94,
            "debt_ratio": 60.86,
            "inventory_turnover_ratio": 2.54,
            "account_receivable_turnover_ratio": null,
            "reinvestment_rate": null,
            "research_to_sale_ratio": null,
            "price_fair": 0,
            "eps_avg_yearly": 0,
            "eps_latest_yearly": 0,
            "eps_growth_yearly": 0
        },
        "20064": {
            "year_quarter": 20064,
            "year": 2006,
            "quarter": 4,
            "eps": 0.95,
            "eps_growth_year": null,
            "eps_4q": null,
            "eps_4q_growth_year": null,
            "roe": 5.36,
            "roe_4q": 15.21,
            "gross_profit": 249935,
            "gross_margin": 14.4,
            "gross_margin_4q_avg": 8.7,
            "net_income": 282633,
            "net_income_4q": null,
            "revenue": 1735962,
            "revenue_4q": null,
            "common_shares": 4000000,
            "book_valuer_per_share": 16.92,
            "book_valuer_per_share_4q_avg": 7.73,
            "equity": 6769762,
            "current_ratio": 112.37,
            "debt_ratio": 35.21,
            "inventory_turnover_ratio": 2.41,
            "account_receivable_turnover_ratio": null,
            "reinvestment_rate": null,
            "research_to_sale_ratio": null,
            "price_fair": 11.4,
            "eps_avg_yearly": 3.8,
            "eps_latest_yearly": 3.8,
            "eps_growth_yearly": -103.13
        },
        "20071": {
            "year_quarter": 20071,
            "year": 2007,
            "quarter": 1,
            "eps": 0.98,
            "eps_growth_year": null,
            "eps_4q": null,
            "eps_4q_growth_year": null,
            "roe": 5.87,
            "roe_4q": 21.08,
            "gross_profit": 416642,
            "gross_margin": 21.54,
            "gross_margin_4q_avg": 14.08,
            "net_income": 410254,
            "net_income_4q": null,
            "revenue": 1934226,
            "revenue_4q": null,
            "common_shares": 4000000,
            "book_valuer_per_share": 18.02,
            "book_valuer_per_share_4q_avg": 12.23,
            "equity": 7207064,
            "current_ratio": 130.55,
            "debt_ratio": 34.87,
            "inventory_turnover_ratio": 2.03,
            "account_receivable_turnover_ratio": null,
            "reinvestment_rate": null,
            "research_to_sale_ratio": null,
            "price_fair": 11.58,
            "eps_avg_yearly": 3.86,
            "eps_latest_yearly": 3.92,
            "eps_growth_yearly": -45.25
        },
        "20072": {
            "year_quarter": 20072,
            "year": 2007,
            "quarter": 2,
            "eps": 0.8,
            "eps_growth_year": null,
            "eps_4q": 3.35,
            "eps_4q_growth_year": null,
            "roe": 4.77,
            "roe_4q": 25.85,
            "gross_profit": 408459,
            "gross_margin": 19.57,
            "gross_margin_4q_avg": 18.98,
            "net_income": 334073,
            "net_income_4q": null,
            "revenue": 2087602,
            "revenue_4q": null,
            "common_shares": 4000000,
            "book_valuer_per_share": 17.02,
            "book_valuer_per_share_4q_avg": 16.49,
            "equity": 6808580,
            "current_ratio": 98.43,
            "debt_ratio": 41.12,
            "inventory_turnover_ratio": 2.24,
            "account_receivable_turnover_ratio": null,
            "reinvestment_rate": null,
            "research_to_sale_ratio": null,
            "price_fair": 10.92,
            "eps_avg_yearly": 3.64,
            "eps_latest_yearly": 3.2,
            "eps_growth_yearly": -54.65
        },
        "20073": {
            "year_quarter": 20073,
            "year": 2007,
            "quarter": 3,
            "eps": 1.32,
            "eps_growth_year": 3.12,
            "eps_4q": 3.77,
            "eps_4q_growth_year": null,
            "roe": 7.91,
            "roe_4q": 23.91,
            "gross_profit": 502517,
            "gross_margin": 21.17,
            "gross_margin_4q_avg": 19.17,
            "net_income": 554177,
            "net_income_4q": null,
            "revenue": 2373896,
            "revenue_4q": null,
            "common_shares": 4200000,
            "book_valuer_per_share": 17.14,
            "book_valuer_per_share_4q_avg": 17.28,
            "equity": 7199503,
            "current_ratio": 103.24,
            "debt_ratio": 43.27,
            "inventory_turnover_ratio": 2.45,
            "account_receivable_turnover_ratio": null,
            "reinvestment_rate": null,
            "research_to_sale_ratio": null,
            "price_fair": 137.74,
            "eps_avg_yearly": 4.05,
            "eps_latest_yearly": 5.28,
            "eps_growth_yearly": 24.01
        },
        "20074": {
            "year_quarter": 20074,
            "year": 2007,
            "quarter": 4,
            "eps": 1.03,
            "eps_growth_year": 8.42,
            "eps_4q": 4.11,
            "eps_4q_growth_year": null,
            "roe": 5.4,
            "roe_4q": 23.95,
            "gross_profit": 515015,
            "gross_margin": 20.48,
            "gross_margin_4q_avg": 20.69,
            "net_income": 434420,
            "net_income_4q": null,
            "revenue": 2514738,
            "revenue_4q": null,
            "common_shares": 4422222,
            "book_valuer_per_share": 20.07,
            "book_valuer_per_share_4q_avg": 18.06,
            "equity": 8877240,
            "current_ratio": 103.05,
            "debt_ratio": 44.09,
            "inventory_turnover_ratio": 2.56,
            "account_receivable_turnover_ratio": null,
            "reinvestment_rate": null,
            "research_to_sale_ratio": null,
            "price_fair": 47.27,
            "eps_avg_yearly": 4.06,
            "eps_latest_yearly": 4.12,
            "eps_growth_yearly": 1.63
        },
        "20081": {
            "year_quarter": 20081,
            "year": 2008,
            "quarter": 1,
            "eps": 0.77,
            "eps_growth_year": -21.43,
            "eps_4q": 3.75,
            "eps_4q_growth_year": null,
            "roe": 3.79,
            "roe_4q": 21.87,
            "gross_profit": 411557,
            "gross_margin": 16.04,
            "gross_margin_4q_avg": 19.32,
            "net_income": 341942,
            "net_income_4q": null,
            "revenue": 2565630,
            "revenue_4q": null,
            "common_shares": 4422222,
            "book_valuer_per_share": 20.78,
            "book_valuer_per_share_4q_avg": 18.75,
            "equity": 9187794,
            "current_ratio": 118.5,
            "debt_ratio": 41.14,
            "inventory_turnover_ratio": 2.76,
            "account_receivable_turnover_ratio": null,
            "reinvestment_rate": null,
            "research_to_sale_ratio": null,
            "price_fair": 11.7,
            "eps_avg_yearly": 3.9,
            "eps_latest_yearly": 3.08,
            "eps_growth_yearly": -15.47
        },
        "20082": {
            "year_quarter": 20082,
            "year": 2008,
            "quarter": 2,
            "eps": 0.82,
            "eps_growth_year": 2.5,
            "eps_4q": 3.83,
            "eps_4q_growth_year": 14.24,
            "roe": 4.24,
            "roe_4q": 21.340000000000003,
            "gross_profit": 464020,
            "gross_margin": 16.39,
            "gross_margin_4q_avg": 18.52,
            "net_income": 362802,
            "net_income_4q": null,
            "revenue": 2831675,
            "revenue_4q": null,
            "common_shares": 4422222,
            "book_valuer_per_share": 17.88,
            "book_valuer_per_share_4q_avg": 18.97,
            "equity": 7907165,
            "current_ratio": 84.9,
            "debt_ratio": 50.12,
            "inventory_turnover_ratio": 2.53,
            "account_receivable_turnover_ratio": null,
            "reinvestment_rate": null,
            "research_to_sale_ratio": null,
            "price_fair": 11.43,
            "eps_avg_yearly": 3.81,
            "eps_latest_yearly": 3.28,
            "eps_growth_yearly": -9.55
        },
        "20083": {
            "year_quarter": 20083,
            "year": 2008,
            "quarter": 3,
            "eps": 0.92,
            "eps_growth_year": -30.3,
            "eps_4q": 3.49,
            "eps_4q_growth_year": -7.4,
            "roe": 5.09,
            "roe_4q": 18.520000000000003,
            "gross_profit": 494164,
            "gross_margin": 16.59,
            "gross_margin_4q_avg": 17.38,
            "net_income": 408215,
            "net_income_4q": null,
            "revenue": 2978182,
            "revenue_4q": null,
            "common_shares": 4422222,
            "book_valuer_per_share": 18.36,
            "book_valuer_per_share_4q_avg": 19.27,
            "equity": 8117612,
            "current_ratio": 102.4,
            "debt_ratio": 48.58,
            "inventory_turnover_ratio": 2.47,
            "account_receivable_turnover_ratio": null,
            "reinvestment_rate": null,
            "research_to_sale_ratio": null,
            "price_fair": 11.39,
            "eps_avg_yearly": 3.8,
            "eps_latest_yearly": 3.68,
            "eps_growth_yearly": -2.26
        },
        "20084": {
            "year_quarter": 20084,
            "year": 2008,
            "quarter": 4,
            "eps": -0.22,
            "eps_growth_year": -121.36,
            "eps_4q": 2.29,
            "eps_4q_growth_year": -44.26,
            "roe": -1.23,
            "roe_4q": 11.89,
            "gross_profit": -75326,
            "gross_margin": -4.18,
            "gross_margin_4q_avg": 11.21,
            "net_income": -98715,
            "net_income_4q": null,
            "revenue": 1801743,
            "revenue_4q": null,
            "common_shares": 4422222,
            "book_valuer_per_share": 17.84,
            "book_valuer_per_share_4q_avg": 18.72,
            "equity": 7890271,
            "current_ratio": 112.09,
            "debt_ratio": 48.02,
            "inventory_turnover_ratio": 2.17,
            "account_receivable_turnover_ratio": 2.25,
            "reinvestment_rate": null,
            "research_to_sale_ratio": null,
            "price_fair": 11.39,
            "eps_avg_yearly": 3.8,
            "eps_latest_yearly": 3.68,
            "eps_growth_yearly": -2.26
        },
        "20091": {
            "year_quarter": 20091,
            "year": 2009,
            "quarter": 1,
            "eps": -0.34,
            "eps_growth_year": -144.16,
            "eps_4q": 1.18,
            "eps_4q_growth_year": -68.48,
            "roe": -1.91,
            "roe_4q": 6.19,
            "gross_profit": -202375,
            "gross_margin": -13.48,
            "gross_margin_4q_avg": 3.83,
            "net_income": -149870,
            "net_income_4q": null,
            "revenue": 1501096,
            "revenue_4q": null,
            "common_shares": 4422222,
            "book_valuer_per_share": 17.6,
            "book_valuer_per_share_4q_avg": 17.92,
            "equity": 7784478,
            "current_ratio": 125.79,
            "debt_ratio": 43.38,
            "inventory_turnover_ratio": 2.29,
            "account_receivable_turnover_ratio": 0.96,
            "reinvestment_rate": null,
            "research_to_sale_ratio": null,
            "price_fair": 11.39,
            "eps_avg_yearly": 3.8,
            "eps_latest_yearly": 3.68,
            "eps_growth_yearly": -2.26
        },
        "20092": {
            "year_quarter": 20092,
            "year": 2009,
            "quarter": 2,
            "eps": -0.77,
            "eps_growth_year": -193.9,
            "eps_4q": -0.41,
            "eps_4q_growth_year": -110.76,
            "roe": -4.5,
            "roe_4q": -2.5500000000000007,
            "gross_profit": 109459,
            "gross_margin": 4.85,
            "gross_margin_4q_avg": 0.95,
            "net_income": -341811,
            "net_income_4q": null,
            "revenue": 2257625,
            "revenue_4q": null,
            "common_shares": 4422222,
            "book_valuer_per_share": 16.76,
            "book_valuer_per_share_4q_avg": 17.64,
            "equity": 7413332,
            "current_ratio": 119.59,
            "debt_ratio": 46.2,
            "inventory_turnover_ratio": 3.15,
            "account_receivable_turnover_ratio": 1.23,
            "reinvestment_rate": null,
            "research_to_sale_ratio": null,
            "price_fair": 11.39,
            "eps_avg_yearly": 3.8,
            "eps_latest_yearly": 3.68,
            "eps_growth_yearly": -2.26
        },
        "20093": {
            "year_quarter": 20093,
            "year": 2009,
            "quarter": 3,
            "eps": 0.47,
            "eps_growth_year": -48.91,
            "eps_4q": -0.86,
            "eps_4q_growth_year": -124.68,
            "roe": 2.75,
            "roe_4q": -4.890000000000001,
            "gross_profit": 243109,
            "gross_margin": 9.83,
            "gross_margin_4q_avg": -0.75,
            "net_income": 208519,
            "net_income_4q": null,
            "revenue": 2473499,
            "revenue_4q": null,
            "common_shares": 4422222,
            "book_valuer_per_share": 17.55,
            "book_valuer_per_share_4q_avg": 17.44,
            "equity": 7761195,
            "current_ratio": 115.22,
            "debt_ratio": 45.84,
            "inventory_turnover_ratio": 3.19,
            "account_receivable_turnover_ratio": 1.14,
            "reinvestment_rate": null,
            "research_to_sale_ratio": null,
            "price_fair": 11.39,
            "eps_avg_yearly": 3.8,
            "eps_latest_yearly": 3.68,
            "eps_growth_yearly": -2.26
        },
        "20094": {
            "year_quarter": 20094,
            "year": 2009,
            "quarter": 4,
            "eps": 0.81,
            "eps_growth_year": null,
            "eps_4q": 0.17,
            "eps_4q_growth_year": -92.72,
            "roe": 4.45,
            "roe_4q": 0.7900000000000003,
            "gross_profit": 373391,
            "gross_margin": 13.71,
            "gross_margin_4q_avg": 3.73,
            "net_income": 356894,
            "net_income_4q": null,
            "revenue": 2723925,
            "revenue_4q": null,
            "common_shares": 4422222,
            "book_valuer_per_share": 18.76,
            "book_valuer_per_share_4q_avg": 17.67,
            "equity": 8296128,
            "current_ratio": 121.02,
            "debt_ratio": 45.77,
            "inventory_turnover_ratio": 2.82,
            "account_receivable_turnover_ratio": 2.47,
            "reinvestment_rate": null,
            "research_to_sale_ratio": null,
            "price_fair": 130.67,
            "eps_avg_yearly": 3.73,
            "eps_latest_yearly": 3.24,
            "eps_growth_yearly": 30.14
        },
        "20101": {
            "year_quarter": 20101,
            "year": 2010,
            "quarter": 1,
            "eps": 0.61,
            "eps_growth_year": null,
            "eps_4q": 1.12,
            "eps_4q_growth_year": -5.4,
            "roe": 3.21,
            "roe_4q": 5.91,
            "gross_profit": 301701,
            "gross_margin": 10.59,
            "gross_margin_4q_avg": 9.75,
            "net_income": 270616,
            "net_income_4q": null,
            "revenue": 2848099,
            "revenue_4q": null,
            "common_shares": 4422222,
            "book_valuer_per_share": 19.39,
            "book_valuer_per_share_4q_avg": 18.12,
            "equity": 8574287,
            "current_ratio": 102.49,
            "debt_ratio": 45.22,
            "inventory_turnover_ratio": 2.63,
            "account_receivable_turnover_ratio": 1.3,
            "reinvestment_rate": null,
            "research_to_sale_ratio": 0.38,
            "price_fair": 98.22,
            "eps_avg_yearly": 3.6,
            "eps_latest_yearly": 2.44,
            "eps_growth_yearly": 17.25
        },
        "20102": {
            "year_quarter": 20102,
            "year": 2010,
            "quarter": 2,
            "eps": 0.92,
            "eps_growth_year": null,
            "eps_4q": 2.81,
            "eps_4q_growth_year": null,
            "roe": 4.74,
            "roe_4q": 15.15,
            "gross_profit": 480169,
            "gross_margin": 16.29,
            "gross_margin_4q_avg": 12.61,
            "net_income": 404774,
            "net_income_4q": null,
            "revenue": 2948283,
            "revenue_4q": null,
            "common_shares": 4422222,
            "book_valuer_per_share": 19.26,
            "book_valuer_per_share_4q_avg": 18.74,
            "equity": 8517638,
            "current_ratio": 101.69,
            "debt_ratio": 48,
            "inventory_turnover_ratio": 2.33,
            "account_receivable_turnover_ratio": 1.32,
            "reinvestment_rate": 254.32,
            "research_to_sale_ratio": 0.33,
            "price_fair": 126.38,
            "eps_avg_yearly": 3.61,
            "eps_latest_yearly": 3.68,
            "eps_growth_yearly": 34.17
        },
        "20103": {
            "year_quarter": 20103,
            "year": 2010,
            "quarter": 3,
            "eps": 0.85,
            "eps_growth_year": 80.78,
            "eps_4q": 3.18,
            "eps_4q_growth_year": null,
            "roe": 4.32,
            "roe_4q": 16.72,
            "gross_profit": 442273,
            "gross_margin": 15.81,
            "gross_margin_4q_avg": 14.1,
            "net_income": 375739,
            "net_income_4q": null,
            "revenue": 2796582,
            "revenue_4q": null,
            "common_shares": 4422222,
            "book_valuer_per_share": 20.05,
            "book_valuer_per_share_4q_avg": 19.37,
            "equity": 8865457,
            "current_ratio": 97.15,
            "debt_ratio": 47.94,
            "inventory_turnover_ratio": 2.13,
            "account_receivable_turnover_ratio": 1.27,
            "reinvestment_rate": 138.22,
            "research_to_sale_ratio": 0.36,
            "price_fair": 125.77,
            "eps_avg_yearly": 3.59,
            "eps_latest_yearly": 3.4,
            "eps_growth_yearly": 28.78
        },
        "20104": {
            "year_quarter": 20104,
            "year": 2010,
            "quarter": 4,
            "eps": 1.08,
            "eps_growth_year": 33.14,
            "eps_4q": 3.46,
            "eps_4q_growth_year": 1972.4,
            "roe": 5.22,
            "roe_4q": 17.49,
            "gross_profit": 627852,
            "gross_margin": 19.46,
            "gross_margin_4q_avg": 15.54,
            "net_income": 476893,
            "net_income_4q": null,
            "revenue": 3226808,
            "revenue_4q": null,
            "common_shares": 4422222,
            "book_valuer_per_share": 21.28,
            "book_valuer_per_share_4q_avg": 20,
            "equity": 9410663,
            "current_ratio": 111.86,
            "debt_ratio": 46.38,
            "inventory_turnover_ratio": 2.5,
            "account_receivable_turnover_ratio": 1.47,
            "reinvestment_rate": 112.38,
            "research_to_sale_ratio": 0.33,
            "price_fair": 127.28,
            "eps_avg_yearly": 3.64,
            "eps_latest_yearly": 4.32,
            "eps_growth_yearly": 46.4
        },
        "20111": {
            "year_quarter": 20111,
            "year": 2011,
            "quarter": 1,
            "eps": 0.78,
            "eps_growth_year": 27.87,
            "eps_4q": 3.63,
            "eps_4q_growth_year": 224.65,
            "roe": 3.61,
            "roe_4q": 17.89,
            "gross_profit": 450353,
            "gross_margin": 14.89,
            "gross_margin_4q_avg": 16.61,
            "net_income": 347062,
            "net_income_4q": null,
            "revenue": 3024871,
            "revenue_4q": null,
            "common_shares": 4422222,
            "book_valuer_per_share": 22.23,
            "book_valuer_per_share_4q_avg": 20.71,
            "equity": 9831036,
            "current_ratio": 143.81,
            "debt_ratio": 43.12,
            "inventory_turnover_ratio": 2.72,
            "account_receivable_turnover_ratio": 1.34,
            "reinvestment_rate": 115.36,
            "research_to_sale_ratio": 0.34,
            "price_fair": 124.95,
            "eps_avg_yearly": 3.57,
            "eps_latest_yearly": 3.12,
            "eps_growth_yearly": 36.08
        },
        "20112": {
            "year_quarter": 20112,
            "year": 2011,
            "quarter": 2,
            "eps": 1.35,
            "eps_growth_year": 46.97,
            "eps_4q": 4.06,
            "eps_4q_growth_year": 44.63,
            "roe": 6.25,
            "roe_4q": 19.4,
            "gross_profit": 712508,
            "gross_margin": 21.36,
            "gross_margin_4q_avg": 17.88,
            "net_income": 594916,
            "net_income_4q": null,
            "revenue": 3335998,
            "revenue_4q": null,
            "common_shares": 4422222,
            "book_valuer_per_share": 20.82,
            "book_valuer_per_share_4q_avg": 21.1,
            "equity": 9205037,
            "current_ratio": 102.32,
            "debt_ratio": 48.58,
            "inventory_turnover_ratio": 2.68,
            "account_receivable_turnover_ratio": 1.36,
            "reinvestment_rate": 97.85,
            "research_to_sale_ratio": 0.37,
            "price_fair": 131.37,
            "eps_avg_yearly": 3.75,
            "eps_latest_yearly": 5.4,
            "eps_growth_yearly": 66.56
        },
        "20113": {
            "year_quarter": 20113,
            "year": 2011,
            "quarter": 3,
            "eps": 0.18,
            "eps_growth_year": -78.38,
            "eps_4q": 3.39,
            "eps_4q_growth_year": 6.54,
            "roe": 0.88,
            "roe_4q": 15.96,
            "gross_profit": 315823,
            "gross_margin": 11.26,
            "gross_margin_4q_avg": 16.74,
            "net_income": 81246,
            "net_income_4q": null,
            "revenue": 2805303,
            "revenue_4q": null,
            "common_shares": 4422222,
            "book_valuer_per_share": 20.94,
            "book_valuer_per_share_4q_avg": 21.32,
            "equity": 9262061,
            "current_ratio": 134.09,
            "debt_ratio": 44.95,
            "inventory_turnover_ratio": 2.36,
            "account_receivable_turnover_ratio": 1.14,
            "reinvestment_rate": 80.47,
            "research_to_sale_ratio": 0.45,
            "price_fair": 87.74,
            "eps_avg_yearly": 3.37,
            "eps_latest_yearly": 0.72,
            "eps_growth_yearly": 16.01
        },
        "20114": {
            "year_quarter": 20114,
            "year": 2011,
            "quarter": 4,
            "eps": 0.38,
            "eps_growth_year": -65.04,
            "eps_4q": 2.69,
            "eps_4q_growth_year": -22.13,
            "roe": 1.79,
            "roe_4q": 12.53,
            "gross_profit": 210638,
            "gross_margin": 7.82,
            "gross_margin_4q_avg": 13.83,
            "net_income": 166703,
            "net_income_4q": null,
            "revenue": 2694722,
            "revenue_4q": null,
            "common_shares": 4422222,
            "book_valuer_per_share": 21.27,
            "book_valuer_per_share_4q_avg": 21.32,
            "equity": 9408249,
            "current_ratio": 116.5,
            "debt_ratio": 41.68,
            "inventory_turnover_ratio": 2.24,
            "account_receivable_turnover_ratio": 1.28,
            "reinvestment_rate": 36.59,
            "research_to_sale_ratio": 0.44,
            "price_fair": 110.48,
            "eps_avg_yearly": 3.16,
            "eps_latest_yearly": 1.52,
            "eps_growth_yearly": 60.37
        },
        "20121": {
            "year_quarter": 20121,
            "year": 2012,
            "quarter": 1,
            "eps": 0.13,
            "eps_growth_year": -83.33,
            "eps_4q": 2.03,
            "eps_4q_growth_year": -43.95,
            "roe": 0.6,
            "roe_4q": 9.52,
            "gross_profit": 114575,
            "gross_margin": 4.13,
            "gross_margin_4q_avg": 11.14,
            "net_income": 56394,
            "net_income_4q": null,
            "revenue": 2771119,
            "revenue_4q": null,
            "common_shares": 4422222,
            "book_valuer_per_share": 21.53,
            "book_valuer_per_share_4q_avg": 21.14,
            "equity": 9519268,
            "current_ratio": 143.53,
            "debt_ratio": 38.28,
            "inventory_turnover_ratio": 2.29,
            "account_receivable_turnover_ratio": 1.34,
            "reinvestment_rate": 10.77,
            "research_to_sale_ratio": 0.42,
            "price_fair": 103.02,
            "eps_avg_yearly": 2.94,
            "eps_latest_yearly": 0.52,
            "eps_growth_yearly": 46.85
        },
        "20122": {
            "year_quarter": 20122,
            "year": 2012,
            "quarter": 2,
            "eps": 0.31,
            "eps_growth_year": -76.81,
            "eps_4q": 1,
            "eps_4q_growth_year": -75.35,
            "roe": 1.5,
            "roe_4q": 4.7700000000000005,
            "gross_profit": 244488,
            "gross_margin": 8.15,
            "gross_margin_4q_avg": 7.84,
            "net_income": 137953,
            "net_income_4q": null,
            "revenue": 2999746,
            "revenue_4q": null,
            "common_shares": 4422222,
            "book_valuer_per_share": 20.07,
            "book_valuer_per_share_4q_avg": 20.95,
            "equity": 8875859,
            "current_ratio": 139.92,
            "debt_ratio": 39.89,
            "inventory_turnover_ratio": 2.4,
            "account_receivable_turnover_ratio": 1.37,
            "reinvestment_rate": -18.18,
            "research_to_sale_ratio": 0.42,
            "price_fair": 97.07,
            "eps_avg_yearly": 2.77,
            "eps_latest_yearly": 1.24,
            "eps_growth_yearly": 90.84
        },
        "20123": {
            "year_quarter": 20123,
            "year": 2012,
            "quarter": 3,
            "eps": 0.12,
            "eps_growth_year": -32.94,
            "eps_4q": 0.94,
            "eps_4q_growth_year": -72.3,
            "roe": 0.61,
            "roe_4q": 4.5,
            "gross_profit": 111497,
            "gross_margin": 4.31,
            "gross_margin_4q_avg": 6.1,
            "net_income": 54486,
            "net_income_4q": null,
            "revenue": 2585642,
            "revenue_4q": null,
            "common_shares": 4422222,
            "book_valuer_per_share": 20.19,
            "book_valuer_per_share_4q_avg": 20.77,
            "equity": 8930395,
            "current_ratio": 168.82,
            "debt_ratio": 33.85,
            "inventory_turnover_ratio": 2.28,
            "account_receivable_turnover_ratio": 1.26,
            "reinvestment_rate": -50.06,
            "research_to_sale_ratio": 0.47,
            "price_fair": 87.73,
            "eps_avg_yearly": 2.51,
            "eps_latest_yearly": 0.48,
            "eps_growth_yearly": 66.35
        },
        "20124": {
            "year_quarter": 20124,
            "year": 2012,
            "quarter": 4,
            "eps": 0.1,
            "eps_growth_year": -74.78,
            "eps_4q": 0.66,
            "eps_4q_growth_year": -75.55,
            "roe": 0.47,
            "roe_4q": 3.18,
            "gross_profit": 94616,
            "gross_margin": 4.12,
            "gross_margin_4q_avg": 5.18,
            "net_income": 42049,
            "net_income_4q": null,
            "revenue": 2297006,
            "revenue_4q": null,
            "common_shares": 4422222,
            "book_valuer_per_share": 20.22,
            "book_valuer_per_share_4q_avg": 20.5,
            "equity": 8941368,
            "current_ratio": 229.25,
            "debt_ratio": 28.05,
            "inventory_turnover_ratio": 2.3,
            "account_receivable_turnover_ratio": 1.21,
            "reinvestment_rate": -70.35,
            "research_to_sale_ratio": 0.47,
            "price_fair": 82.06,
            "eps_avg_yearly": 2.34,
            "eps_latest_yearly": 0.4,
            "eps_growth_yearly": 56.12
        },
        "20131": {
            "year_quarter": 20131,
            "year": 2013,
            "quarter": 1,
            "eps": 0.1,
            "eps_growth_year": -23.08,
            "eps_4q": 0.63,
            "eps_4q_growth_year": -68.87,
            "roe": 0.51,
            "roe_4q": 3.09,
            "gross_profit": 74477,
            "gross_margin": 3.42,
            "gross_margin_4q_avg": 5,
            "net_income": 45489,
            "net_income_4q": null,
            "revenue": 2178097,
            "revenue_4q": null,
            "common_shares": 4422222,
            "book_valuer_per_share": 20.25,
            "book_valuer_per_share_4q_avg": 20.18,
            "equity": 8957076,
            "current_ratio": 303.77,
            "debt_ratio": 23.79,
            "inventory_turnover_ratio": 2.26,
            "account_receivable_turnover_ratio": 1.18,
            "reinvestment_rate": -74.22,
            "research_to_sale_ratio": 0.59,
            "price_fair": 77.2,
            "eps_avg_yearly": 2.21,
            "eps_latest_yearly": 0.4,
            "eps_growth_yearly": 52.11
        },
        "20132": {
            "year_quarter": 20132,
            "year": 2013,
            "quarter": 2,
            "eps": 0.07,
            "eps_growth_year": -77.56,
            "eps_4q": 0.39,
            "eps_4q_growth_year": -60.61,
            "roe": 0.37,
            "roe_4q": 1.96,
            "gross_profit": 35824,
            "gross_margin": 1.62,
            "gross_margin_4q_avg": 3.37,
            "net_income": 32180,
            "net_income_4q": null,
            "revenue": 2207641,
            "revenue_4q": null,
            "common_shares": 4422222,
            "book_valuer_per_share": 19.46,
            "book_valuer_per_share_4q_avg": 20.03,
            "equity": 8606323,
            "current_ratio": 259.31,
            "debt_ratio": 23.82,
            "inventory_turnover_ratio": 2.36,
            "account_receivable_turnover_ratio": 1.34,
            "reinvestment_rate": -73.69,
            "research_to_sale_ratio": 0.53,
            "price_fair": 72.71,
            "eps_avg_yearly": 2.08,
            "eps_latest_yearly": 0.28,
            "eps_growth_yearly": 40.63
        },
        "20133": {
            "year_quarter": 20133,
            "year": 2013,
            "quarter": 3,
            "eps": -0.16,
            "eps_growth_year": -229.86,
            "eps_4q": 0.11,
            "eps_4q_growth_year": -88.62,
            "roe": -0.84,
            "roe_4q": 0.51,
            "gross_profit": -61327,
            "gross_margin": -2.95,
            "gross_margin_4q_avg": 1.55,
            "net_income": -72428,
            "net_income_4q": null,
            "revenue": 2076428,
            "revenue_4q": null,
            "common_shares": 4422222,
            "book_valuer_per_share": 19.38,
            "book_valuer_per_share_4q_avg": 19.83,
            "equity": 8569966,
            "current_ratio": 422.53,
            "debt_ratio": 15.23,
            "inventory_turnover_ratio": 2.62,
            "account_receivable_turnover_ratio": 1.41,
            "reinvestment_rate": -87.53,
            "research_to_sale_ratio": 0.6,
            "price_fair": 72.71,
            "eps_avg_yearly": 2.08,
            "eps_latest_yearly": 0.28,
            "eps_growth_yearly": 40.63
        },
        "20134": {
            "year_quarter": 20134,
            "year": 2013,
            "quarter": 4,
            "eps": 0.25,
            "eps_growth_year": 165.63,
            "eps_4q": 0.26,
            "eps_4q_growth_year": -59.8,
            "roe": 1.3,
            "roe_4q": 1.34,
            "gross_profit": 59957,
            "gross_margin": 2.72,
            "gross_margin_4q_avg": 1.2,
            "net_income": 111695,
            "net_income_4q": null,
            "revenue": 2204989,
            "revenue_4q": null,
            "common_shares": 4422222,
            "book_valuer_per_share": 19.49,
            "book_valuer_per_share_4q_avg": 19.65,
            "equity": 8619536,
            "current_ratio": 519.51,
            "debt_ratio": 7.91,
            "inventory_turnover_ratio": 2.48,
            "account_receivable_turnover_ratio": 1.5,
            "reinvestment_rate": -138.15,
            "research_to_sale_ratio": 0.52,
            "price_fair": 65.55,
            "eps_avg_yearly": 1.99,
            "eps_latest_yearly": 0.28,
            "eps_growth_yearly": 22.87
        },
        "20141": {
            "year_quarter": 20141,
            "year": 2014,
            "quarter": 1,
            "eps": 0.3,
            "eps_growth_year": 200,
            "eps_4q": 0.47,
            "eps_4q_growth_year": -26.42,
            "roe": 1.55,
            "roe_4q": 2.3800000000000003,
            "gross_profit": 221986,
            "gross_margin": 10.27,
            "gross_margin_4q_avg": 2.92,
            "net_income": 134548,
            "net_income_4q": null,
            "revenue": 2161034,
            "revenue_4q": null,
            "common_shares": 4422222,
            "book_valuer_per_share": 19.79,
            "book_valuer_per_share_4q_avg": 19.53,
            "equity": 8753193,
            "current_ratio": 508.6,
            "debt_ratio": 9.53,
            "inventory_turnover_ratio": 1.88,
            "account_receivable_turnover_ratio": 1.38,
            "reinvestment_rate": -169.39,
            "research_to_sale_ratio": 0.61,
            "price_fair": 66.7,
            "eps_avg_yearly": 1.91,
            "eps_latest_yearly": 1.2,
            "eps_growth_yearly": 35.64
        },
        "20142": {
            "year_quarter": 20142,
            "year": 2014,
            "quarter": 2,
            "eps": 0.44,
            "eps_growth_year": 528.57,
            "eps_4q": 0.83,
            "eps_4q_growth_year": 110.68,
            "roe": 2.2,
            "roe_4q": 4.21,
            "gross_profit": 265794,
            "gross_margin": 11.87,
            "gross_margin_4q_avg": 5.48,
            "net_income": 193193,
            "net_income_4q": null,
            "revenue": 2240047,
            "revenue_4q": null,
            "common_shares": 4422222,
            "book_valuer_per_share": 19.94,
            "book_valuer_per_share_4q_avg": 19.65,
            "equity": 8818087,
            "current_ratio": 494.7,
            "debt_ratio": 10.65,
            "inventory_turnover_ratio": 1.78,
            "account_receivable_turnover_ratio": 1.39,
            "reinvestment_rate": -210.94,
            "research_to_sale_ratio": 0.52,
            "price_fair": 61.9,
            "eps_avg_yearly": 1.77,
            "eps_latest_yearly": 1.76,
            "eps_growth_yearly": 34.45
        },
        "20143": {
            "year_quarter": 20143,
            "year": 2014,
            "quarter": 3,
            "eps": 0.42,
            "eps_growth_year": null,
            "eps_4q": 1.41,
            "eps_4q_growth_year": 1222.33,
            "roe": 2.09,
            "roe_4q": 7.14,
            "gross_profit": 272061,
            "gross_margin": 11.42,
            "gross_margin_4q_avg": 9.07,
            "net_income": 185891,
            "net_income_4q": null,
            "revenue": 2381693,
            "revenue_4q": null,
            "common_shares": 4422222,
            "book_valuer_per_share": 20.3,
            "book_valuer_per_share_4q_avg": 19.88,
            "equity": 8975605,
            "current_ratio": 481.06,
            "debt_ratio": 11.64,
            "inventory_turnover_ratio": 1.83,
            "account_receivable_turnover_ratio": 1.39,
            "reinvestment_rate": -265.14,
            "research_to_sale_ratio": 0.49,
            "price_fair": 57.6,
            "eps_avg_yearly": 1.65,
            "eps_latest_yearly": 1.68,
            "eps_growth_yearly": 35.33
        },
        "20144": {
            "year_quarter": 20144,
            "year": 2014,
            "quarter": 4,
            "eps": 0.75,
            "eps_growth_year": 195.26,
            "eps_4q": 1.91,
            "eps_4q_growth_year": 621.27,
            "roe": 3.61,
            "roe_4q": 9.45,
            "gross_profit": 416911,
            "gross_margin": 17.22,
            "gross_margin_4q_avg": 12.7,
            "net_income": 329795,
            "net_income_4q": null,
            "revenue": 2421610,
            "revenue_4q": null,
            "common_shares": 4422222,
            "book_valuer_per_share": 21.07,
            "book_valuer_per_share_4q_avg": 20.28,
            "equity": 9317725,
            "current_ratio": 528.99,
            "debt_ratio": 11.49,
            "inventory_turnover_ratio": 1.64,
            "account_receivable_turnover_ratio": 1.31,
            "reinvestment_rate": -294.17,
            "research_to_sale_ratio": 0.57,
            "price_fair": 54.3,
            "eps_avg_yearly": 1.55,
            "eps_latest_yearly": 3,
            "eps_growth_yearly": 50.04
        },
        "20151": {
            "year_quarter": 20151,
            "year": 2015,
            "quarter": 1,
            "eps": 0.64,
            "eps_growth_year": 113.33,
            "eps_4q": 2.24,
            "eps_4q_growth_year": 381.03,
            "roe": 2.98,
            "roe_4q": 10.879999999999999,
            "gross_profit": 362865,
            "gross_margin": 15.73,
            "gross_margin_4q_avg": 14.06,
            "net_income": 282028,
            "net_income_4q": null,
            "revenue": 2307500,
            "revenue_4q": null,
            "common_shares": 4422222,
            "book_valuer_per_share": 21.73,
            "book_valuer_per_share_4q_avg": 20.76,
            "equity": 9610697,
            "current_ratio": 661.4,
            "debt_ratio": 9.89,
            "inventory_turnover_ratio": 1.65,
            "account_receivable_turnover_ratio": 1.26,
            "reinvestment_rate": -305.94,
            "research_to_sale_ratio": 0.54,
            "price_fair": 52.9,
            "eps_avg_yearly": 1.51,
            "eps_latest_yearly": 2.56,
            "eps_growth_yearly": 53.79
        },
        "20152": {
            "year_quarter": 20152,
            "year": 2015,
            "quarter": 2,
            "eps": 0.52,
            "eps_growth_year": 18.18,
            "eps_4q": 2.32,
            "eps_4q_growth_year": 180.1,
            "roe": 2.45,
            "roe_4q": 11.129999999999999,
            "gross_profit": 466331,
            "gross_margin": 22.21,
            "gross_margin_4q_avg": 16.65,
            "net_income": 230288,
            "net_income_4q": null,
            "revenue": 2099925,
            "revenue_4q": null,
            "common_shares": 4422222,
            "book_valuer_per_share": 20.81,
            "book_valuer_per_share_4q_avg": 20.98,
            "equity": 9203186,
            "current_ratio": 445.38,
            "debt_ratio": 15.59,
            "inventory_turnover_ratio": 1.48,
            "account_receivable_turnover_ratio": 1.23,
            "reinvestment_rate": -409.33,
            "research_to_sale_ratio": 0.6,
            "price_fair": 44.6,
            "eps_avg_yearly": 1.27,
            "eps_latest_yearly": 2.08,
            "eps_growth_yearly": 27.55
        },
        "20153": {
            "year_quarter": 20153,
            "year": 2015,
            "quarter": 3,
            "eps": 0.66,
            "eps_growth_year": 57.14,
            "eps_4q": 2.57,
            "eps_4q_growth_year": 81.68,
            "roe": 3.16,
            "roe_4q": 12.2,
            "gross_profit": 333488,
            "gross_margin": 15.93,
            "gross_margin_4q_avg": 17.77,
            "net_income": 293985,
            "net_income_4q": null,
            "revenue": 2093266,
            "revenue_4q": null,
            "common_shares": 4422222,
            "book_valuer_per_share": 21.33,
            "book_valuer_per_share_4q_avg": 21.24,
            "equity": 9432846,
            "current_ratio": 603.69,
            "debt_ratio": 11.54,
            "inventory_turnover_ratio": 1.59,
            "account_receivable_turnover_ratio": 1.25,
            "reinvestment_rate": -352.41,
            "research_to_sale_ratio": 0.63,
            "price_fair": 49.4,
            "eps_avg_yearly": 1.41,
            "eps_latest_yearly": 2.64,
            "eps_growth_yearly": 60.01
        },
        "20154": {
            "year_quarter": 20154,
            "year": 2015,
            "quarter": 4,
            "eps": 0.73,
            "eps_growth_year": -2.73,
            "eps_4q": 2.55,
            "eps_4q_growth_year": 33.63,
            "roe": 3.33,
            "roe_4q": 11.920000000000002,
            "gross_profit": 407370,
            "gross_margin": 18.02,
            "gross_margin_4q_avg": 17.97,
            "net_income": 320780,
            "net_income_4q": null,
            "revenue": 2260098,
            "revenue_4q": null,
            "common_shares": 4422222,
            "book_valuer_per_share": 22.18,
            "book_valuer_per_share_4q_avg": 21.51,
            "equity": 9809024,
            "current_ratio": 734.53,
            "debt_ratio": 10.14,
            "inventory_turnover_ratio": 1.69,
            "account_receivable_turnover_ratio": 1.34,
            "reinvestment_rate": -325.8,
            "research_to_sale_ratio": 0.62,
            "price_fair": 52.9,
            "eps_avg_yearly": 1.51,
            "eps_latest_yearly": 2.92,
            "eps_growth_yearly": 31.29
        },
        "20161": {
            "year_quarter": 20161,
            "year": 2016,
            "quarter": 1,
            "eps": 0.56,
            "eps_growth_year": -12.5,
            "eps_4q": 2.47,
            "eps_4q_growth_year": 10.21,
            "roe": 2.48,
            "roe_4q": 11.420000000000002,
            "gross_profit": 353365,
            "gross_margin": 16.31,
            "gross_margin_4q_avg": 18.12,
            "net_income": 247008,
            "net_income_4q": null,
            "revenue": 2167035,
            "revenue_4q": null,
            "common_shares": 4422222,
            "book_valuer_per_share": 22.94,
            "book_valuer_per_share_4q_avg": 21.82,
            "equity": 10146610,
            "current_ratio": 717.64,
            "debt_ratio": 10.11,
            "inventory_turnover_ratio": 1.63,
            "account_receivable_turnover_ratio": 1.31,
            "reinvestment_rate": -259.5,
            "research_to_sale_ratio": 0.6,
            "price_fair": 57.2,
            "eps_avg_yearly": 1.63,
            "eps_latest_yearly": 2.24,
            "eps_growth_yearly": 43.43
        },
        "20162": {
            "year_quarter": 20162,
            "year": 2016,
            "quarter": 2,
            "eps": 0.46,
            "eps_growth_year": -11.54,
            "eps_4q": 2.41,
            "eps_4q_growth_year": 3.8,
            "roe": 2.09,
            "roe_4q": 11.06,
            "gross_profit": 379975,
            "gross_margin": 17.93,
            "gross_margin_4q_avg": 17.05,
            "net_income": 205328,
            "net_income_4q": null,
            "revenue": 2119019,
            "revenue_4q": null,
            "common_shares": 4422222,
            "book_valuer_per_share": 21.4,
            "book_valuer_per_share_4q_avg": 21.96,
            "equity": 9462863,
            "current_ratio": 432.75,
            "debt_ratio": 16.83,
            "inventory_turnover_ratio": 1.61,
            "account_receivable_turnover_ratio": 1.3,
            "reinvestment_rate": -235.15,
            "research_to_sale_ratio": 0.67,
            "price_fair": 5.03,
            "eps_avg_yearly": 1.68,
            "eps_latest_yearly": 1.84,
            "eps_growth_yearly": -1.23
        },
        "20163": {
            "year_quarter": 20163,
            "year": 2016,
            "quarter": 3,
            "eps": 0.67,
            "eps_growth_year": 1.52,
            "eps_4q": 2.41,
            "eps_4q_growth_year": -6.01,
            "roe": 3.06,
            "roe_4q": 10.96,
            "gross_profit": 324514,
            "gross_margin": 15.28,
            "gross_margin_4q_avg": 16.89,
            "net_income": 294720,
            "net_income_4q": null,
            "revenue": 2123988,
            "revenue_4q": null,
            "common_shares": 4422222,
            "book_valuer_per_share": 22.12,
            "book_valuer_per_share_4q_avg": 22.16,
            "equity": 9779782,
            "current_ratio": 779.48,
            "debt_ratio": 9.61,
            "inventory_turnover_ratio": 1.73,
            "account_receivable_turnover_ratio": 1.28,
            "reinvestment_rate": -193.2,
            "research_to_sale_ratio": 0.6,
            "price_fair": 64.2,
            "eps_avg_yearly": 1.83,
            "eps_latest_yearly": 2.68,
            "eps_growth_yearly": 29.33
        },
        "20164": {
            "year_quarter": 20164,
            "year": 2016,
            "quarter": 4,
            "eps": 0.62,
            "eps_growth_year": -14.12,
            "eps_4q": 2.31,
            "eps_4q_growth_year": -9.27,
            "roe": 2.75,
            "roe_4q": 10.38,
            "gross_profit": 316433,
            "gross_margin": 15.2,
            "gross_margin_4q_avg": 16.18,
            "net_income": 275500,
            "net_income_4q": null,
            "revenue": 2081354,
            "revenue_4q": null,
            "common_shares": 4422222,
            "book_valuer_per_share": 23.23,
            "book_valuer_per_share_4q_avg": 22.42,
            "equity": 10270670,
            "current_ratio": 802.21,
            "debt_ratio": 9.57,
            "inventory_turnover_ratio": 1.64,
            "account_receivable_turnover_ratio": 1.26,
            "reinvestment_rate": -153.64,
            "research_to_sale_ratio": 0.66,
            "price_fair": 69.4,
            "eps_avg_yearly": 1.98,
            "eps_latest_yearly": 2.48,
            "eps_growth_yearly": 31.96
        },
        "20171": {
            "year_quarter": 20171,
            "year": 2017,
            "quarter": 1,
            "eps": 0.52,
            "eps_growth_year": -7.14,
            "eps_4q": 2.27,
            "eps_4q_growth_year": -7.98,
            "roe": 2.21,
            "roe_4q": 10.11,
            "gross_profit": 349899,
            "gross_margin": 16.75,
            "gross_margin_4q_avg": 16.29,
            "net_income": 229410,
            "net_income_4q": null,
            "revenue": 2089305,
            "revenue_4q": null,
            "common_shares": 4422222,
            "book_valuer_per_share": 23.72,
            "book_valuer_per_share_4q_avg": 22.62,
            "equity": 10487999,
            "current_ratio": 817.29,
            "debt_ratio": 9.41,
            "inventory_turnover_ratio": 1.62,
            "account_receivable_turnover_ratio": 1.3,
            "reinvestment_rate": -122.42,
            "research_to_sale_ratio": 0.68,
            "price_fair": 73.6,
            "eps_avg_yearly": 2.1,
            "eps_latest_yearly": 2.08,
            "eps_growth_yearly": 27.35
        },
        "20172": {
            "year_quarter": 20172,
            "year": 2017,
            "quarter": 2,
            "eps": 0.65,
            "eps_growth_year": 41.3,
            "eps_4q": 2.46,
            "eps_4q_growth_year": 2.01,
            "roe": 2.82,
            "roe_4q": 10.84,
            "gross_profit": 317169,
            "gross_margin": 15.7,
            "gross_margin_4q_avg": 15.73,
            "net_income": 288963,
            "net_income_4q": null,
            "revenue": 2020707,
            "revenue_4q": null,
            "common_shares": 4422222,
            "book_valuer_per_share": 22.67,
            "book_valuer_per_share_4q_avg": 22.94,
            "equity": 10023136,
            "current_ratio": 471.4,
            "debt_ratio": 15.97,
            "inventory_turnover_ratio": 1.72,
            "account_receivable_turnover_ratio": 1.28,
            "reinvestment_rate": -96.44,
            "research_to_sale_ratio": 0.73,
            "price_fair": 79.4,
            "eps_avg_yearly": 2.27,
            "eps_latest_yearly": 2.6,
            "eps_growth_yearly": 43.06
        },
        "20173": {
            "year_quarter": 20173,
            "year": 2017,
            "quarter": 3,
            "eps": 1.08,
            "eps_growth_year": 61.19,
            "eps_4q": 2.88,
            "eps_4q_growth_year": 19.13,
            "roe": 4.61,
            "roe_4q": 12.39,
            "gross_profit": 283093,
            "gross_margin": 15.15,
            "gross_margin_4q_avg": 15.7,
            "net_income": 478293,
            "net_income_4q": null,
            "revenue": 1868517,
            "revenue_4q": null,
            "common_shares": 4422222,
            "book_valuer_per_share": 24.21,
            "book_valuer_per_share_4q_avg": 23.46,
            "equity": 10705798,
            "current_ratio": 966.87,
            "debt_ratio": 7.91,
            "inventory_turnover_ratio": 1.78,
            "account_receivable_turnover_ratio": 1.23,
            "reinvestment_rate": -64,
            "research_to_sale_ratio": 0.76,
            "price_fair": 84.19,
            "eps_avg_yearly": 2.41,
            "eps_latest_yearly": 4.32,
            "eps_growth_yearly": 57.83
        },
        "20174": {
            "year_quarter": 20174,
            "year": 2017,
            "quarter": 4,
            "eps": 0.9,
            "eps_growth_year": 43.89,
            "eps_4q": 3.15,
            "eps_4q_growth_year": 36.24,
            "roe": 3.64,
            "roe_4q": 13.280000000000001,
            "gross_profit": 358244,
            "gross_margin": 18.76,
            "gross_margin_4q_avg": 16.59,
            "net_income": 396420,
            "net_income_4q": null,
            "revenue": 1909965,
            "revenue_4q": null,
            "common_shares": 4422222,
            "book_valuer_per_share": 25.06,
            "book_valuer_per_share_4q_avg": 23.92,
            "equity": 11081493,
            "current_ratio": 819.5,
            "debt_ratio": 8.98,
            "inventory_turnover_ratio": 1.85,
            "account_receivable_turnover_ratio": 1.3,
            "reinvestment_rate": -39,
            "research_to_sale_ratio": 0.87,
            "price_fair": 86.8,
            "eps_avg_yearly": 2.48,
            "eps_latest_yearly": 3.6,
            "eps_growth_yearly": 50.05
        },
        "20181": {
            "year_quarter": 20181,
            "year": 2018,
            "quarter": 1,
            "eps": 0.64,
            "eps_growth_year": 23.08,
            "eps_4q": 3.27,
            "eps_4q_growth_year": 43.88,
            "roe": 2.48,
            "roe_4q": 13.55,
            "gross_profit": 389393,
            "gross_margin": 19.02,
            "gross_margin_4q_avg": 17.16,
            "net_income": 282289,
            "net_income_4q": null,
            "revenue": 2047736,
            "revenue_4q": null,
            "common_shares": 4422222,
            "book_valuer_per_share": 26.41,
            "book_valuer_per_share_4q_avg": 24.59,
            "equity": 11678920,
            "current_ratio": 725.93,
            "debt_ratio": 9.41,
            "inventory_turnover_ratio": 2.57,
            "account_receivable_turnover_ratio": 1.36,
            "reinvestment_rate": -24.99,
            "research_to_sale_ratio": 0.87,
            "price_fair": 89.78,
            "eps_avg_yearly": 2.57,
            "eps_latest_yearly": 2.56,
            "eps_growth_yearly": 37.83
        },
        "20182": {
            "year_quarter": 20182,
            "year": 2018,
            "quarter": 2,
            "eps": 1,
            "eps_growth_year": 53.85,
            "eps_4q": 3.62,
            "eps_4q_growth_year": 46.99,
            "roe": 3.88,
            "roe_4q": 14.61,
            "gross_profit": 525599,
            "gross_margin": 23.6,
            "gross_margin_4q_avg": 19.13,
            "net_income": 443118,
            "net_income_4q": null,
            "revenue": 2227335,
            "revenue_4q": null,
            "common_shares": 4422222,
            "book_valuer_per_share": 25.24,
            "book_valuer_per_share_4q_avg": 25.23,
            "equity": 11162097,
            "current_ratio": 364.72,
            "debt_ratio": 18.06,
            "inventory_turnover_ratio": 3.36,
            "account_receivable_turnover_ratio": 1.42,
            "reinvestment_rate": -10.82,
            "research_to_sale_ratio": 0.91,
            "price_fair": 94.68,
            "eps_avg_yearly": 2.71,
            "eps_latest_yearly": 4,
            "eps_growth_yearly": 40.23
        },
        "20183": {
            "year_quarter": 20183,
            "year": 2018,
            "quarter": 3,
            "eps": 1.05,
            "eps_growth_year": -2.78,
            "eps_4q": 3.58,
            "eps_4q_growth_year": 24.57,
            "roe": 4.07,
            "roe_4q": 14.07,
            "gross_profit": 447090,
            "gross_margin": 19.6,
            "gross_margin_4q_avg": 20.25,
            "net_income": 462866,
            "net_income_4q": null,
            "revenue": 2281452,
            "revenue_4q": null,
            "common_shares": 4422222,
            "book_valuer_per_share": 26.16,
            "book_valuer_per_share_4q_avg": 25.72,
            "equity": 11568131,
            "current_ratio": 610.75,
            "debt_ratio": 9.94,
            "inventory_turnover_ratio": 3.42,
            "account_receivable_turnover_ratio": 1.36,
            "reinvestment_rate": 6.48,
            "research_to_sale_ratio": 0.89,
            "price_fair": 100.19,
            "eps_avg_yearly": 2.86,
            "eps_latest_yearly": 4.2,
            "eps_growth_yearly": 42.61
        },
        "20184": {
            "year_quarter": 20184,
            "year": 2018,
            "quarter": 4,
            "eps": 0.52,
            "eps_growth_year": -41.47,
            "eps_4q": 3.21,
            "eps_4q_growth_year": 1.95,
            "roe": 2.02,
            "roe_4q": 12.45,
            "gross_profit": 311855,
            "gross_margin": 13.99,
            "gross_margin_4q_avg": 19.05,
            "net_income": 232020,
            "net_income_4q": null,
            "revenue": 2229002,
            "revenue_4q": null,
            "common_shares": 4422222,
            "book_valuer_per_share": 25.68,
            "book_valuer_per_share_4q_avg": 25.87,
            "equity": 11356479,
            "current_ratio": 551.42,
            "debt_ratio": 10.4,
            "inventory_turnover_ratio": 3.7,
            "account_receivable_turnover_ratio": 1.35,
            "reinvestment_rate": 20.39,
            "research_to_sale_ratio": 1.02,
            "price_fair": 57.08,
            "eps_avg_yearly": 2.81,
            "eps_latest_yearly": 2.08,
            "eps_growth_yearly": 10.35
        },
        "20191": {
            "year_quarter": 20191,
            "year": 2019,
            "quarter": 1,
            "eps": 0.58,
            "eps_growth_year": -9.38,
            "eps_4q": 3.15,
            "eps_4q_growth_year": -3.58,
            "roe": 2.21,
            "roe_4q": 12.18,
            "gross_profit": 345319,
            "gross_margin": 15.89,
            "gross_margin_4q_avg": 18.27,
            "net_income": 256214,
            "net_income_4q": null,
            "revenue": 2172966,
            "revenue_4q": null,
            "common_shares": 4422222,
            "book_valuer_per_share": 26.66,
            "book_valuer_per_share_4q_avg": 25.94,
            "equity": 11788124,
            "current_ratio": 629.67,
            "debt_ratio": 12.64,
            "inventory_turnover_ratio": 3.74,
            "account_receivable_turnover_ratio": 1.4,
            "reinvestment_rate": 28.35,
            "research_to_sale_ratio": 1.04,
            "price_fair": 75.05,
            "eps_avg_yearly": 2.79,
            "eps_latest_yearly": 2.32,
            "eps_growth_yearly": 16.9
        },
        "20192": {
            "year_quarter": 20192,
            "year": 2019,
            "quarter": 2,
            "eps": 0.78,
            "eps_growth_year": -22,
            "eps_4q": 2.93,
            "eps_4q_growth_year": -19.06,
            "roe": 3.03,
            "roe_4q": 11.33,
            "gross_profit": 401318,
            "gross_margin": 17.68,
            "gross_margin_4q_avg": 16.79,
            "net_income": 343975,
            "net_income_4q": null,
            "revenue": 2269832,
            "revenue_4q": null,
            "common_shares": 4422222,
            "book_valuer_per_share": 24.67,
            "book_valuer_per_share_4q_avg": 25.79,
            "equity": 10909720,
            "current_ratio": 330.63,
            "debt_ratio": 20.12,
            "inventory_turnover_ratio": 4.26,
            "account_receivable_turnover_ratio": 1.44,
            "reinvestment_rate": 37.45,
            "research_to_sale_ratio": 1.06,
            "price_fair": 99.93,
            "eps_avg_yearly": 2.86,
            "eps_latest_yearly": 3.12,
            "eps_growth_yearly": 30.21
        },
        "20193": {
            "year_quarter": 20193,
            "year": 2019,
            "quarter": 3,
            "eps": 0.8,
            "eps_growth_year": -23.81,
            "eps_4q": 2.69,
            "eps_4q_growth_year": -25.03,
            "roe": 3.24,
            "roe_4q": 10.5,
            "gross_profit": 400246,
            "gross_margin": 16.29,
            "gross_margin_4q_avg": 15.96,
            "net_income": 355817,
            "net_income_4q": null,
            "revenue": 2456336,
            "revenue_4q": null,
            "common_shares": 4422222,
            "book_valuer_per_share": 25.06,
            "book_valuer_per_share_4q_avg": 25.52,
            "equity": 11083846,
            "current_ratio": 511.25,
            "debt_ratio": 14.15,
            "inventory_turnover_ratio": 4.82,
            "account_receivable_turnover_ratio": 1.25,
            "reinvestment_rate": 35.97,
            "research_to_sale_ratio": 1.12,
            "price_fair": 98.61,
            "eps_avg_yearly": 2.89,
            "eps_latest_yearly": 3.2,
            "eps_growth_yearly": 24.12
        },
        "20194": {
            "year_quarter": 20194,
            "year": 2019,
            "quarter": 4,
            "eps": 0.69,
            "eps_growth_year": 32.1,
            "eps_4q": 2.85,
            "eps_4q_growth_year": -11.11,
            "roe": 2.72,
            "roe_4q": 11.2,
            "gross_profit": 505504,
            "gross_margin": 19.76,
            "gross_margin_4q_avg": 17.41,
            "net_income": 306490,
            "net_income_4q": null,
            "revenue": 2558715,
            "revenue_4q": null,
            "common_shares": 4422222,
            "book_valuer_per_share": 25.85,
            "book_valuer_per_share_4q_avg": 25.56,
            "equity": 11430073,
            "current_ratio": 530.39,
            "debt_ratio": 13.9,
            "inventory_turnover_ratio": 4.64,
            "account_receivable_turnover_ratio": 1.23,
            "reinvestment_rate": 42.6,
            "research_to_sale_ratio": 0.96,
            "price_fair": 80.73,
            "eps_avg_yearly": 2.88,
            "eps_latest_yearly": 2.76,
            "eps_growth_yearly": 18.03
        },
        "20201": {
            "year_quarter": 20201,
            "year": 2020,
            "quarter": 1,
            "eps": 0.88,
            "eps_growth_year": 51.72,
            "eps_4q": 3.15,
            "eps_4q_growth_year": -0.02,
            "roe": 3.44,
            "roe_4q": 12.43,
            "gross_profit": 511356,
            "gross_margin": 19.87,
            "gross_margin_4q_avg": 18.4,
            "net_income": 387656,
            "net_income_4q": null,
            "revenue": 2574022,
            "revenue_4q": null,
            "common_shares": 4422222,
            "book_valuer_per_share": 25.15,
            "book_valuer_per_share_4q_avg": 25.18,
            "equity": 11120624,
            "current_ratio": 499.36,
            "debt_ratio": 14.85,
            "inventory_turnover_ratio": 4.25,
            "account_receivable_turnover_ratio": 1.4,
            "reinvestment_rate": 33.89,
            "research_to_sale_ratio": 1.14,
            "price_fair": 103.6,
            "eps_avg_yearly": 2.96,
            "eps_latest_yearly": 3.52,
            "eps_growth_yearly": 30.74
        },
        "20202": {
            "year_quarter": 20202,
            "year": 2020,
            "quarter": 2,
            "eps": 0.78,
            "eps_growth_year": 0,
            "eps_4q": 3.15,
            "eps_4q_growth_year": 7.65,
            "roe": 3.15,
            "roe_4q": 12.55,
            "gross_profit": 466391,
            "gross_margin": 19.53,
            "gross_margin_4q_avg": 18.86,
            "net_income": 344127,
            "net_income_4q": null,
            "revenue": 2387614,
            "revenue_4q": null,
            "common_shares": 4422222,
            "book_valuer_per_share": 24.34,
            "book_valuer_per_share_4q_avg": 25.1,
            "equity": 10761619,
            "current_ratio": 349.18,
            "debt_ratio": 19.85,
            "inventory_turnover_ratio": 3.66,
            "account_receivable_turnover_ratio": 1.37,
            "reinvestment_rate": 32.91,
            "research_to_sale_ratio": 1.31,
            "price_fair": 106.4,
            "eps_avg_yearly": 3.04,
            "eps_latest_yearly": 3.12,
            "eps_growth_yearly": 32.36
        },
        "20203": {
            "year_quarter": 20203,
            "year": 2020,
            "quarter": 3,
            "eps": 0.8,
            "eps_growth_year": 0,
            "eps_4q": 3.15,
            "eps_4q_growth_year": 17.27,
            "roe": 3.28,
            "roe_4q": 12.59,
            "gross_profit": 415903,
            "gross_margin": 17.47,
            "gross_margin_4q_avg": 19.16,
            "net_income": 354902,
            "net_income_4q": null,
            "revenue": 2380770,
            "revenue_4q": null,
            "common_shares": 4422222,
            "book_valuer_per_share": 24.64,
            "book_valuer_per_share_4q_avg": 25,
            "equity": 10896542,
            "current_ratio": 563.49,
            "debt_ratio": 13.95,
            "inventory_turnover_ratio": 3.58,
            "account_receivable_turnover_ratio": 1.44,
            "reinvestment_rate": 31.23,
            "research_to_sale_ratio": 1.33,
            "price_fair": 97.05,
            "eps_avg_yearly": 3.07,
            "eps_latest_yearly": 3.2,
            "eps_growth_yearly": 21.59
        },
        "20204": {
            "year_quarter": 20204,
            "year": 2020,
            "quarter": 4,
            "eps": 0.71,
            "eps_growth_year": 3.1,
            "eps_4q": 3.17,
            "eps_4q_growth_year": 11.1,
            "roe": 2.78,
            "roe_4q": 12.649999999999999,
            "gross_profit": 496064,
            "gross_margin": 20.98,
            "gross_margin_4q_avg": 19.46,
            "net_income": 315992,
            "net_income_4q": null,
            "revenue": 2364370,
            "revenue_4q": null,
            "common_shares": 4422222,
            "book_valuer_per_share": 26.72,
            "book_valuer_per_share_4q_avg": 25.21,
            "equity": 11815167,
            "current_ratio": 631.25,
            "debt_ratio": 13.18,
            "inventory_turnover_ratio": 3.16,
            "account_receivable_turnover_ratio": 1.45,
            "reinvestment_rate": 24.5,
            "research_to_sale_ratio": 1.38,
            "price_fair": 94.83,
            "eps_avg_yearly": 3.1,
            "eps_latest_yearly": 2.84,
            "eps_growth_yearly": 20.64
        },
        "20211": {
            "year_quarter": 20211,
            "year": 2021,
            "quarter": 1,
            "eps": 0.82,
            "eps_growth_year": -6.82,
            "eps_4q": 3.11,
            "eps_4q_growth_year": -1.27,
            "roe": 2.99,
            "roe_4q": 12.2,
            "gross_profit": 500431,
            "gross_margin": 19.75,
            "gross_margin_4q_avg": 19.43,
            "net_income": 361236,
            "net_income_4q": null,
            "revenue": 2534354,
            "revenue_4q": null,
            "common_shares": 4422222,
            "book_valuer_per_share": 27.83,
            "book_valuer_per_share_4q_avg": 25.88,
            "equity": 12308691,
            "current_ratio": 654.52,
            "debt_ratio": 13.2,
            "inventory_turnover_ratio": 3.03,
            "account_receivable_turnover_ratio": 1.51,
            "reinvestment_rate": 17.8,
            "research_to_sale_ratio": 1.26,
            "price_fair": 110.95,
            "eps_avg_yearly": 3.17,
            "eps_latest_yearly": 3.28,
            "eps_growth_yearly": 28.55
        },
        "20212": {
            "year_quarter": 20212,
            "year": 2021,
            "quarter": 2,
            "eps": 0.81,
            "eps_growth_year": 3.85,
            "eps_4q": 3.14,
            "eps_4q_growth_year": -0.25,
            "roe": 3,
            "roe_4q": 12.049999999999999,
            "gross_profit": 518117,
            "gross_margin": 21,
            "gross_margin_4q_avg": 19.8,
            "net_income": 358515,
            "net_income_4q": null,
            "revenue": 2466909,
            "revenue_4q": null,
            "common_shares": 4422222,
            "book_valuer_per_share": 26.16,
            "book_valuer_per_share_4q_avg": 26.34,
            "equity": 11566943,
            "current_ratio": 399.88,
            "debt_ratio": 19.76,
            "inventory_turnover_ratio": 2.63,
            "account_receivable_turnover_ratio": 1.42,
            "reinvestment_rate": 12.08,
            "research_to_sale_ratio": 1.37,
            "price_fair": 102.69,
            "eps_avg_yearly": 3.21,
            "eps_latest_yearly": 3.24,
            "eps_growth_yearly": 21.99
        },
        "20213": {
            "year_quarter": 20213,
            "year": 2021,
            "quarter": 3,
            "eps": 0.94,
            "eps_growth_year": 17.5,
            "eps_4q": 3.28,
            "eps_4q_growth_year": 4.04,
            "roe": 3.53,
            "roe_4q": 12.299999999999999,
            "gross_profit": 476070,
            "gross_margin": 19.44,
            "gross_margin_4q_avg": 20.29,
            "net_income": 413701,
            "net_income_4q": null,
            "revenue": 2448632,
            "revenue_4q": null,
            "common_shares": 4422222,
            "book_valuer_per_share": 26.88,
            "book_valuer_per_share_4q_avg": 26.9,
            "equity": 11885834,
            "current_ratio": 690.35,
            "debt_ratio": 13.28,
            "inventory_turnover_ratio": 2.62,
            "account_receivable_turnover_ratio": 1.42,
            "reinvestment_rate": 4.03,
            "research_to_sale_ratio": 1.41,
            "price_fair": 61.8,
            "eps_avg_yearly": 3.18,
            "eps_latest_yearly": 3.76,
            "eps_growth_yearly": 9.47
        },
        "20214": {
            "year_quarter": 20214,
            "year": 2021,
            "quarter": 4,
            "eps": 0.96,
            "eps_growth_year": 34.04,
            "eps_4q": 3.52,
            "eps_4q_growth_year": 11,
            "roe": 3.5,
            "roe_4q": 13.02,
            "gross_profit": 594258,
            "gross_margin": 23.87,
            "gross_margin_4q_avg": 21.02,
            "net_income": 423556,
            "net_income_4q": null,
            "revenue": 2489297,
            "revenue_4q": null,
            "common_shares": 4422222,
            "book_valuer_per_share": 27.82,
            "book_valuer_per_share_4q_avg": 27.17,
            "equity": 12302014,
            "current_ratio": 680.15,
            "debt_ratio": 13.56,
            "inventory_turnover_ratio": 2.45,
            "account_receivable_turnover_ratio": 1.47,
            "reinvestment_rate": -5.62,
            "research_to_sale_ratio": 1.49,
            "price_fair": 77.08,
            "eps_avg_yearly": 3.19,
            "eps_latest_yearly": 3.84,
            "eps_growth_yearly": 14.16
        },
        "20221": {
            "year_quarter": 20221,
            "year": 2022,
            "quarter": 1,
            "eps": 1.04,
            "eps_growth_year": 26.83,
            "eps_4q": 3.75,
            "eps_4q_growth_year": 20.39,
            "roe": 3.69,
            "roe_4q": 13.719999999999999,
            "gross_profit": 514189,
            "gross_margin": 20.06,
            "gross_margin_4q_avg": 21.09,
            "net_income": 461139,
            "net_income_4q": null,
            "revenue": 2562634,
            "revenue_4q": null,
            "common_shares": 4422222,
            "book_valuer_per_share": 28.74,
            "book_valuer_per_share_4q_avg": 27.4,
            "equity": 12711202,
            "current_ratio": 656.9,
            "debt_ratio": 14.16,
            "inventory_turnover_ratio": 2.34,
            "account_receivable_turnover_ratio": 1.47,
            "reinvestment_rate": -8.71,
            "research_to_sale_ratio": 1.81,
            "price_fair": 110.12,
            "eps_avg_yearly": 3.29,
            "eps_latest_yearly": 4.16,
            "eps_growth_yearly": 23.47
        },
        "20222": {
            "year_quarter": 20222,
            "year": 2022,
            "quarter": 2,
            "eps": 1.55,
            "eps_growth_year": 91.36,
            "eps_4q": 4.49,
            "eps_4q_growth_year": 42.65,
            "roe": 5.54,
            "roe_4q": 16.26,
            "gross_profit": 608027,
            "gross_margin": 22.53,
            "gross_margin_4q_avg": 21.48,
            "net_income": 685307,
            "net_income_4q": null,
            "revenue": 2699094,
            "revenue_4q": null,
            "common_shares": 4422222,
            "book_valuer_per_share": 27.17,
            "book_valuer_per_share_4q_avg": 27.65,
            "equity": 12014446,
            "current_ratio": 407.71,
            "debt_ratio": 21.49,
            "inventory_turnover_ratio": 1.98,
            "account_receivable_turnover_ratio": 1.46,
            "reinvestment_rate": -18.08,
            "research_to_sale_ratio": 1.33,
            "price_fair": 108.54,
            "eps_avg_yearly": 3.43,
            "eps_latest_yearly": 6.2,
            "eps_growth_yearly": 21.67
        },
        "20223": {
            "year_quarter": 20223,
            "year": 2022,
            "quarter": 3,
            "eps": 1.42,
            "eps_growth_year": 51.06,
            "eps_4q": 4.97,
            "eps_4q_growth_year": 51.56,
            "roe": 5.13,
            "roe_4q": 17.86,
            "gross_profit": 559455,
            "gross_margin": 20.95,
            "gross_margin_4q_avg": 21.85,
            "net_income": 626817,
            "net_income_4q": null,
            "revenue": 2670776,
            "revenue_4q": null,
            "common_shares": 4422222,
            "book_valuer_per_share": 28.06,
            "book_valuer_per_share_4q_avg": 27.95,
            "equity": 12410865,
            "current_ratio": 746.74,
            "debt_ratio": 14.01,
            "inventory_turnover_ratio": 1.81,
            "account_receivable_turnover_ratio": 1.47,
            "reinvestment_rate": -29.8,
            "research_to_sale_ratio": 1.48,
            "price_fair": 99.69,
            "eps_avg_yearly": 3.52,
            "eps_latest_yearly": 5.68,
            "eps_growth_yearly": 18.32
        },
        "20224": {
            "year_quarter": 20224,
            "year": 2022,
            "quarter": 4,
            "eps": 0.64,
            "eps_growth_year": -33.41,
            "eps_4q": 4.65,
            "eps_4q_growth_year": 32,
            "roe": 2.25,
            "roe_4q": 16.61,
            "gross_profit": 509517,
            "gross_margin": 20.37,
            "gross_margin_4q_avg": 20.98,
            "net_income": 282026,
            "net_income_4q": null,
            "revenue": 2500939,
            "revenue_4q": null,
            "common_shares": 4422222,
            "book_valuer_per_share": 28.74,
            "book_valuer_per_share_4q_avg": 28.18,
            "equity": 12711289,
            "current_ratio": 767.22,
            "debt_ratio": 13.94,
            "inventory_turnover_ratio": 1.88,
            "account_receivable_turnover_ratio": 1.4,
            "reinvestment_rate": -37.2,
            "research_to_sale_ratio": 1.64,
            "price_fair": 96.58,
            "eps_avg_yearly": 3.55,
            "eps_latest_yearly": 2.56,
            "eps_growth_yearly": 17.21
        },
        "20231": {
            "year_quarter": 20231,
            "year": 2023,
            "quarter": 1,
            "eps": 0.52,
            "eps_growth_year": -50,
            "eps_4q": 4.13,
            "eps_4q_growth_year": 10.19,
            "roe": 1.9,
            "roe_4q": 14.82,
            "gross_profit": 335744,
            "gross_margin": 15.47,
            "gross_margin_4q_avg": 19.83,
            "net_income": 231593,
            "net_income_4q": null,
            "revenue": 2169797,
            "revenue_4q": null,
            "common_shares": 4422222,
            "book_valuer_per_share": 26.29,
            "book_valuer_per_share_4q_avg": 27.57,
            "equity": 11627625,
            "current_ratio": 436.66,
            "debt_ratio": 21.07,
            "inventory_turnover_ratio": 1.94,
            "account_receivable_turnover_ratio": 1.23,
            "reinvestment_rate": -41.91,
            "research_to_sale_ratio": 1.74,
            "price_fair": 69.41,
            "eps_avg_yearly": 3.54,
            "eps_latest_yearly": 2.08,
            "eps_growth_yearly": 9.63
        },
        "20232": {
            "year_quarter": 20232,
            "year": 2023,
            "quarter": 2,
            "eps": 0.52,
            "eps_growth_year": -66.45,
            "eps_4q": 3.1,
            "eps_4q_growth_year": -30.87,
            "roe": 1.97,
            "roe_4q": 11.25,
            "gross_profit": 132211,
            "gross_margin": 7.03,
            "gross_margin_4q_avg": 15.96,
            "net_income": 230908,
            "net_income_4q": null,
            "revenue": 1880837,
            "revenue_4q": null,
            "common_shares": 4422222,
            "book_valuer_per_share": 26.71,
            "book_valuer_per_share_4q_avg": 27.45,
            "equity": 11809726,
            "current_ratio": 507.19,
            "debt_ratio": 18.79,
            "inventory_turnover_ratio": 1.94,
            "account_receivable_turnover_ratio": 1.32,
            "reinvestment_rate": -42.89,
            "research_to_sale_ratio": 2.16,
            "price_fair": 38.22,
            "eps_avg_yearly": 3.47,
            "eps_latest_yearly": 2.08,
            "eps_growth_yearly": 1.01
        },
        "20233": {
            "year_quarter": 20233,
            "year": 2023,
            "quarter": 3,
            "eps": 0.1,
            "eps_growth_year": -92.96,
            "eps_4q": 1.78,
            "eps_4q_growth_year": -64.12,
            "roe": 0.37,
            "roe_4q": 6.49,
            "gross_profit": 788,
            "gross_margin": 0.05,
            "gross_margin_4q_avg": 10.73,
            "net_income": 43765,
            "net_income_4q": null,
            "revenue": 1641108,
            "revenue_4q": null,
            "common_shares": 4422222,
            "book_valuer_per_share": 26.44,
            "book_valuer_per_share_4q_avg": 27.05,
            "equity": 11690770,
            "current_ratio": 1225.33,
            "debt_ratio": 10.66,
            "inventory_turnover_ratio": 2.01,
            "account_receivable_turnover_ratio": 1.46,
            "reinvestment_rate": -46.34,
            "research_to_sale_ratio": 2.59,
            "price_fair": 9.89,
            "eps_avg_yearly": 3.3,
            "eps_latest_yearly": 0.4,
            "eps_growth_yearly": -19.82
        },
        "20234": {
            "year_quarter": 20234,
            "year": 2023,
            "quarter": 4,
            "eps": 0.05,
            "eps_growth_year": -91.51,
            "eps_4q": 1.2,
            "eps_4q_growth_year": -74.2,
            "roe": 0.2,
            "roe_4q": 4.4399999999999995,
            "gross_profit": 134158,
            "gross_margin": 6.86,
            "gross_margin_4q_avg": 7.35,
            "net_income": 23949,
            "net_income_4q": null,
            "revenue": 1956852,
            "revenue_4q": null,
            "common_shares": 4422222,
            "book_valuer_per_share": 26.7,
            "book_valuer_per_share_4q_avg": 26.54,
            "equity": 11807236,
            "current_ratio": 1102.3,
            "debt_ratio": 10.98,
            "inventory_turnover_ratio": 2.46,
            "account_receivable_turnover_ratio": 1.58,
            "reinvestment_rate": -50.92,
            "research_to_sale_ratio": 2.2,
            "price_fair": 9.41,
            "eps_avg_yearly": 3.14,
            "eps_latest_yearly": 0.2,
            "eps_growth_yearly": -28.88
        }
    },
    "months": {
        "2006-11": {
            "month": "2006-11",
            "price": "56.52",
            "revenue": 578813
        },
        "2006-12": {
            "month": "2006-12",
            "price": "49.21",
            "revenue": 624020
        },
        "2007-01": {
            "month": "2007-01",
            "price": "55.39",
            "revenue": 620232
        },
        "2007-02": {
            "month": "2007-02",
            "price": "61.67",
            "revenue": 611047
        },
        "2007-03": {
            "month": "2007-03",
            "price": "71.54",
            "revenue": 702947
        },
        "2007-04": {
            "month": "2007-04",
            "price": "85.59",
            "revenue": 714965
        },
        "2007-05": {
            "month": "2007-05",
            "price": "80.03",
            "revenue": 674508
        },
        "2007-06": {
            "month": "2007-06",
            "price": "82.55",
            "revenue": 704131
        },
        "2007-07": {
            "month": "2007-07",
            "price": "88.50",
            "revenue": 760199
        },
        "2007-08": {
            "month": "2007-08",
            "price": "84.96",
            "revenue": 807237
        },
        "2007-09": {
            "month": "2007-09",
            "price": "78.50",
            "revenue": 800459
        },
        "2007-10": {
            "month": "2007-10",
            "price": "73.76",
            "revenue": 849091
        },
        "2007-11": {
            "month": "2007-11",
            "price": "55.45",
            "revenue": 826490
        },
        "2007-12": {
            "month": "2007-12",
            "price": "56.40",
            "revenue": 839911
        },
        "2008-01": {
            "month": "2008-01",
            "price": "47.86",
            "revenue": 847343
        },
        "2008-02": {
            "month": "2008-02",
            "price": "41.82",
            "revenue": 812484
        },
        "2008-03": {
            "month": "2008-03",
            "price": "42.39",
            "revenue": 905803
        },
        "2008-04": {
            "month": "2008-04",
            "price": "48.60",
            "revenue": 930760
        },
        "2008-05": {
            "month": "2008-05",
            "price": "50.92",
            "revenue": 936892
        },
        "2008-06": {
            "month": "2008-06",
            "price": "45.31",
            "revenue": 972448
        },
        "2008-07": {
            "month": "2008-07",
            "price": "40.69",
            "revenue": 956728
        },
        "2008-08": {
            "month": "2008-08",
            "price": "37.08",
            "revenue": 1000902
        },
        "2008-09": {
            "month": "2008-09",
            "price": "29.50",
            "revenue": 1028956
        },
        "2008-10": {
            "month": "2008-10",
            "price": "23.65",
            "revenue": 872694
        },
        "2008-11": {
            "month": "2008-11",
            "price": "18.77",
            "revenue": 517861
        },
        "2008-12": {
            "month": "2008-12",
            "price": "20.54",
            "revenue": 409990
        },
        "2009-01": {
            "month": "2009-01",
            "price": "20.36",
            "revenue": 431817
        },
        "2009-02": {
            "month": "2009-02",
            "price": "22.76",
            "revenue": 473856
        },
        "2009-03": {
            "month": "2009-03",
            "price": "24.08",
            "revenue": 595424
        },
        "2009-04": {
            "month": "2009-04",
            "price": "27.61",
            "revenue": 711857
        },
        "2009-05": {
            "month": "2009-05",
            "price": "29.23",
            "revenue": 757124
        },
        "2009-06": {
            "month": "2009-06",
            "price": "25.85",
            "revenue": 788644
        },
        "2009-07": {
            "month": "2009-07",
            "price": "29.93",
            "revenue": 797974
        },
        "2009-08": {
            "month": "2009-08",
            "price": "31.33",
            "revenue": 829170
        },
        "2009-09": {
            "month": "2009-09",
            "price": "32.00",
            "revenue": 846354
        },
        "2009-10": {
            "month": "2009-10",
            "price": "35.08",
            "revenue": 907407
        },
        "2009-11": {
            "month": "2009-11",
            "price": "39.99",
            "revenue": 876847
        },
        "2009-12": {
            "month": "2009-12",
            "price": "41.44",
            "revenue": 939671
        },
        "2010-01": {
            "month": "2010-01",
            "price": "49.60",
            "revenue": 956190
        },
        "2010-02": {
            "month": "2010-02",
            "price": "47.03",
            "revenue": 888836
        },
        "2010-03": {
            "month": "2010-03",
            "price": "52.93",
            "revenue": 1003073
        },
        "2010-04": {
            "month": "2010-04",
            "price": "53.16",
            "revenue": 979918
        },
        "2010-05": {
            "month": "2010-05",
            "price": "43.92",
            "revenue": 968305
        },
        "2010-06": {
            "month": "2010-06",
            "price": "43.23",
            "revenue": 1000059
        },
        "2010-07": {
            "month": "2010-07",
            "price": "42.41",
            "revenue": 992588
        },
        "2010-08": {
            "month": "2010-08",
            "price": "39.68",
            "revenue": 952028
        },
        "2010-09": {
            "month": "2010-09",
            "price": "37.95",
            "revenue": 860966
        },
        "2010-10": {
            "month": "2010-10",
            "price": "34.92",
            "revenue": 969304
        },
        "2010-11": {
            "month": "2010-11",
            "price": "35.20",
            "revenue": 1063566
        },
        "2010-12": {
            "month": "2010-12",
            "price": "38.46",
            "revenue": 1190521
        },
        "2011-01": {
            "month": "2011-01",
            "price": "41.11",
            "revenue": 1013882
        },
        "2011-02": {
            "month": "2011-02",
            "price": "38.62",
            "revenue": 964584
        },
        "2011-03": {
            "month": "2011-03",
            "price": "36.08",
            "revenue": 1046405
        },
        "2011-04": {
            "month": "2011-04",
            "price": "36.82",
            "revenue": 1060778
        },
        "2011-05": {
            "month": "2011-05",
            "price": "37.57",
            "revenue": 1127814
        },
        "2011-06": {
            "month": "2011-06",
            "price": "36.69",
            "revenue": 1147406
        },
        "2011-07": {
            "month": "2011-07",
            "price": "35.55",
            "revenue": 1006109
        },
        "2011-08": {
            "month": "2011-08",
            "price": "26.43",
            "revenue": 837633
        },
        "2011-09": {
            "month": "2011-09",
            "price": "28.32",
            "revenue": 961560
        },
        "2011-10": {
            "month": "2011-10",
            "price": "28.63",
            "revenue": 924595
        },
        "2011-11": {
            "month": "2011-11",
            "price": "25.16",
            "revenue": 883508
        },
        "2011-12": {
            "month": "2011-12",
            "price": "22.94",
            "revenue": 910169
        },
        "2012-01": {
            "month": "2012-01",
            "price": "23.26",
            "revenue": 805974
        },
        "2012-02": {
            "month": "2012-02",
            "price": "26.98",
            "revenue": 921687
        },
        "2012-03": {
            "month": "2012-03",
            "price": "31.80",
            "revenue": 1044373
        },
        "2012-04": {
            "month": "2012-04",
            "price": "30.24",
            "revenue": 1016543
        },
        "2012-05": {
            "month": "2012-05",
            "price": "28.24",
            "revenue": 978482
        },
        "2012-06": {
            "month": "2012-06",
            "price": "24.47",
            "revenue": 1003807
        },
        "2012-07": {
            "month": "2012-07",
            "price": "24.45",
            "revenue": 975104
        },
        "2012-08": {
            "month": "2012-08",
            "price": "21.83",
            "revenue": 861666
        },
        "2012-09": {
            "month": "2012-09",
            "price": "21.67",
            "revenue": 748872
        },
        "2012-10": {
            "month": "2012-10",
            "price": "18.50",
            "revenue": 765913
        },
        "2012-11": {
            "month": "2012-11",
            "price": "15.54",
            "revenue": 790155
        },
        "2012-12": {
            "month": "2012-12",
            "price": "16.96",
            "revenue": 741579
        },
        "2013-01": {
            "month": "2013-01",
            "price": "16.85",
            "revenue": 800115
        },
        "2013-02": {
            "month": "2013-02",
            "price": "16.58",
            "revenue": 618556
        },
        "2013-03": {
            "month": "2013-03",
            "price": "17.57",
            "revenue": 759426
        },
        "2013-04": {
            "month": "2013-04",
            "price": "21.59",
            "revenue": 774834
        },
        "2013-05": {
            "month": "2013-05",
            "price": "20.90",
            "revenue": 739557
        },
        "2013-06": {
            "month": "2013-06",
            "price": "21.01",
            "revenue": 693250
        },
        "2013-07": {
            "month": "2013-07",
            "price": "20.20",
            "revenue": 677837
        },
        "2013-08": {
            "month": "2013-08",
            "price": "17.35",
            "revenue": 698045
        },
        "2013-09": {
            "month": "2013-09",
            "price": "17.26",
            "revenue": 700546
        },
        "2013-10": {
            "month": "2013-10",
            "price": "17.75",
            "revenue": 717131
        },
        "2013-11": {
            "month": "2013-11",
            "price": "17.07",
            "revenue": 675809
        },
        "2013-12": {
            "month": "2013-12",
            "price": "16.89",
            "revenue": 812049
        },
        "2014-01": {
            "month": "2014-01",
            "price": "18.25",
            "revenue": 786333
        },
        "2014-02": {
            "month": "2014-02",
            "price": "18.35",
            "revenue": 644106
        },
        "2014-03": {
            "month": "2014-03",
            "price": "19.02",
            "revenue": 730595
        },
        "2014-04": {
            "month": "2014-04",
            "price": "21.96",
            "revenue": 716160
        },
        "2014-05": {
            "month": "2014-05",
            "price": "23.49",
            "revenue": 751304
        },
        "2014-06": {
            "month": "2014-06",
            "price": "25.90",
            "revenue": 772583
        },
        "2014-07": {
            "month": "2014-07",
            "price": "24.58",
            "revenue": 789389
        },
        "2014-08": {
            "month": "2014-08",
            "price": "23.66",
            "revenue": 820646
        },
        "2014-09": {
            "month": "2014-09",
            "price": "23.85",
            "revenue": 771658
        },
        "2014-10": {
            "month": "2014-10",
            "price": "20.31",
            "revenue": 789950
        },
        "2014-11": {
            "month": "2014-11",
            "price": "19.92",
            "revenue": 810478
        },
        "2014-12": {
            "month": "2014-12",
            "price": "20.79",
            "revenue": 821146
        },
        "2015-01": {
            "month": "2015-01",
            "price": "21.94",
            "revenue": 782487
        },
        "2015-02": {
            "month": "2015-02",
            "price": "21.68",
            "revenue": 726114
        },
        "2015-03": {
            "month": "2015-03",
            "price": "22.52",
            "revenue": 798899
        },
        "2015-04": {
            "month": "2015-04",
            "price": "24.64",
            "revenue": 712091
        },
        "2015-05": {
            "month": "2015-05",
            "price": "23.83",
            "revenue": 704346
        },
        "2015-06": {
            "month": "2015-06",
            "price": "22.71",
            "revenue": 683488
        },
        "2015-07": {
            "month": "2015-07",
            "price": "20.09",
            "revenue": 663540
        },
        "2015-08": {
            "month": "2015-08",
            "price": "17.66",
            "revenue": 700611
        },
        "2015-09": {
            "month": "2015-09",
            "price": "19.15",
            "revenue": 729115
        },
        "2015-10": {
            "month": "2015-10",
            "price": "20.45",
            "revenue": 764947
        },
        "2015-11": {
            "month": "2015-11",
            "price": "20.96",
            "revenue": 742457
        },
        "2015-12": {
            "month": "2015-12",
            "price": "20.60",
            "revenue": 752694
        },
        "2016-01": {
            "month": "2016-01",
            "price": "19.04",
            "revenue": 733218
        },
        "2016-02": {
            "month": "2016-02",
            "price": "20.00",
            "revenue": 718235
        },
        "2016-03": {
            "month": "2016-03",
            "price": "22.15",
            "revenue": 715582
        },
        "2016-04": {
            "month": "2016-04",
            "price": "22.77",
            "revenue": 702656
        },
        "2016-05": {
            "month": "2016-05",
            "price": "22.01",
            "revenue": 708444
        },
        "2016-06": {
            "month": "2016-06",
            "price": "22.29",
            "revenue": 707919
        },
        "2016-07": {
            "month": "2016-07",
            "price": "22.66",
            "revenue": 706629
        },
        "2016-08": {
            "month": "2016-08",
            "price": "22.12",
            "revenue": 708311
        },
        "2016-09": {
            "month": "2016-09",
            "price": "21.96",
            "revenue": 709048
        },
        "2016-10": {
            "month": "2016-10",
            "price": "22.29",
            "revenue": 708805
        },
        "2016-11": {
            "month": "2016-11",
            "price": "22.53",
            "revenue": 686704
        },
        "2016-12": {
            "month": "2016-12",
            "price": "23.40",
            "revenue": 685845
        },
        "2017-01": {
            "month": "2017-01",
            "price": "23.19",
            "revenue": 694046
        },
        "2017-02": {
            "month": "2017-02",
            "price": "24.00",
            "revenue": 656363
        },
        "2017-03": {
            "month": "2017-03",
            "price": "25.14",
            "revenue": 738896
        },
        "2017-04": {
            "month": "2017-04",
            "price": "27.01",
            "revenue": 693349
        },
        "2017-05": {
            "month": "2017-05",
            "price": "27.98",
            "revenue": 664424
        },
        "2017-06": {
            "month": "2017-06",
            "price": "27.76",
            "revenue": 662934
        },
        "2017-07": {
            "month": "2017-07",
            "price": "28.02",
            "revenue": 610609
        },
        "2017-08": {
            "month": "2017-08",
            "price": "27.97",
            "revenue": 636576
        },
        "2017-09": {
            "month": "2017-09",
            "price": "31.99",
            "revenue": 621332
        },
        "2017-10": {
            "month": "2017-10",
            "price": "35.06",
            "revenue": 628661
        },
        "2017-11": {
            "month": "2017-11",
            "price": "32.72",
            "revenue": 636995
        },
        "2017-12": {
            "month": "2017-12",
            "price": "30.91",
            "revenue": 644309
        },
        "2018-01": {
            "month": "2018-01",
            "price": "31.55",
            "revenue": 681839
        },
        "2018-02": {
            "month": "2018-02",
            "price": "30.53",
            "revenue": 648833
        },
        "2018-03": {
            "month": "2018-03",
            "price": "31.73",
            "revenue": 717064
        },
        "2018-04": {
            "month": "2018-04",
            "price": "33.17",
            "revenue": 750500
        },
        "2018-05": {
            "month": "2018-05",
            "price": "37.29",
            "revenue": 732141
        },
        "2018-06": {
            "month": "2018-06",
            "price": "38.88",
            "revenue": 744694
        },
        "2018-07": {
            "month": "2018-07",
            "price": "36.11",
            "revenue": 762286
        },
        "2018-08": {
            "month": "2018-08",
            "price": "35.11",
            "revenue": 773465
        },
        "2018-09": {
            "month": "2018-09",
            "price": "34.04",
            "revenue": 745701
        },
        "2018-10": {
            "month": "2018-10",
            "price": "31.68",
            "revenue": 753276
        },
        "2018-11": {
            "month": "2018-11",
            "price": "31.89",
            "revenue": 755837
        },
        "2018-12": {
            "month": "2018-12",
            "price": "32.15",
            "revenue": 719889
        },
        "2019-01": {
            "month": "2019-01",
            "price": "32.54",
            "revenue": 713245
        },
        "2019-02": {
            "month": "2019-02",
            "price": "33.70",
            "revenue": 672459
        },
        "2019-03": {
            "month": "2019-03",
            "price": "35.34",
            "revenue": 787262
        },
        "2019-04": {
            "month": "2019-04",
            "price": "35.43",
            "revenue": 743227
        },
        "2019-05": {
            "month": "2019-05",
            "price": "34.52",
            "revenue": 770944
        },
        "2019-06": {
            "month": "2019-06",
            "price": "34.73",
            "revenue": 755661
        },
        "2019-07": {
            "month": "2019-07",
            "price": "34.97",
            "revenue": 774878
        },
        "2019-08": {
            "month": "2019-08",
            "price": "32.97",
            "revenue": 857970
        },
        "2019-09": {
            "month": "2019-09",
            "price": "34.24",
            "revenue": 823488
        },
        "2019-10": {
            "month": "2019-10",
            "price": "33.72",
            "revenue": 856179
        },
        "2019-11": {
            "month": "2019-11",
            "price": "34.38",
            "revenue": 828975
        },
        "2019-12": {
            "month": "2019-12",
            "price": "35.93",
            "revenue": 873561
        },
        "2020-01": {
            "month": "2020-01",
            "price": "37.33",
            "revenue": 874278
        },
        "2020-02": {
            "month": "2020-02",
            "price": "39.68",
            "revenue": 845071
        },
        "2020-03": {
            "month": "2020-03",
            "price": "34.83",
            "revenue": 854673
        },
        "2020-04": {
            "month": "2020-04",
            "price": "35.46",
            "revenue": 833263
        },
        "2020-05": {
            "month": "2020-05",
            "price": "37.32",
            "revenue": 790834
        },
        "2020-06": {
            "month": "2020-06",
            "price": "37.90",
            "revenue": 763517
        },
        "2020-07": {
            "month": "2020-07",
            "price": "37.08",
            "revenue": 778782
        },
        "2020-08": {
            "month": "2020-08",
            "price": "35.50",
            "revenue": 794776
        },
        "2020-09": {
            "month": "2020-09",
            "price": "35.10",
            "revenue": 807212
        },
        "2020-10": {
            "month": "2020-10",
            "price": "35.38",
            "revenue": 789015
        },
        "2020-11": {
            "month": "2020-11",
            "price": "36.19",
            "revenue": 784499
        },
        "2020-12": {
            "month": "2020-12",
            "price": "37.68",
            "revenue": 790856
        },
        "2021-01": {
            "month": "2021-01",
            "price": "37.63",
            "revenue": 856514
        },
        "2021-02": {
            "month": "2021-02",
            "price": "37.53",
            "revenue": 822846
        },
        "2021-03": {
            "month": "2021-03",
            "price": "39.54",
            "revenue": 854994
        },
        "2021-04": {
            "month": "2021-04",
            "price": "42.40",
            "revenue": 840933
        },
        "2021-05": {
            "month": "2021-05",
            "price": "39.40",
            "revenue": 821160
        },
        "2021-06": {
            "month": "2021-06",
            "price": "39.82",
            "revenue": 804816
        },
        "2021-07": {
            "month": "2021-07",
            "price": "41.59",
            "revenue": 808584
        },
        "2021-08": {
            "month": "2021-08",
            "price": "38.04",
            "revenue": 819169
        },
        "2021-09": {
            "month": "2021-09",
            "price": "37.93",
            "revenue": 820879
        },
        "2021-10": {
            "month": "2021-10",
            "price": "37.54",
            "revenue": 831486
        },
        "2021-11": {
            "month": "2021-11",
            "price": "38.86",
            "revenue": 823288
        },
        "2021-12": {
            "month": "2021-12",
            "price": "38.82",
            "revenue": 834523
        },
        "2022-01": {
            "month": "2022-01",
            "price": "38.79",
            "revenue": 857821
        },
        "2022-02": {
            "month": "2022-02",
            "price": "39.24",
            "revenue": 821967
        },
        "2022-03": {
            "month": "2022-03",
            "price": "40.97",
            "revenue": 882846
        },
        "2022-04": {
            "month": "2022-04",
            "price": "40.00",
            "revenue": 919366
        },
        "2022-05": {
            "month": "2022-05",
            "price": "39.89",
            "revenue": 917953
        },
        "2022-06": {
            "month": "2022-06",
            "price": "40.79",
            "revenue": 861775
        },
        "2022-07": {
            "month": "2022-07",
            "price": "37.19",
            "revenue": 883997
        },
        "2022-08": {
            "month": "2022-08",
            "price": "38.36",
            "revenue": 906043
        },
        "2022-09": {
            "month": "2022-09",
            "price": "38.07",
            "revenue": 880736
        },
        "2022-10": {
            "month": "2022-10",
            "price": "36.79",
            "revenue": 859774
        },
        "2022-11": {
            "month": "2022-11",
            "price": "38.97",
            "revenue": 794981
        },
        "2022-12": {
            "month": "2022-12",
            "price": "38.87",
            "revenue": 846184
        },
        "2023-01": {
            "month": "2023-01",
            "price": "39.24",
            "revenue": 743459
        },
        "2023-02": {
            "month": "2023-02",
            "price": "41.08",
            "revenue": 734275
        },
        "2023-03": {
            "month": "2023-03",
            "price": "43.93",
            "revenue": 692063
        },
        "2023-04": {
            "month": "2023-04",
            "price": "43.87",
            "revenue": 617823
        },
        "2023-05": {
            "month": "2023-05",
            "price": "42.44",
            "revenue": 623174
        },
        "2023-06": {
            "month": "2023-06",
            "price": "43.98",
            "revenue": 639840
        },
        "2023-07": {
            "month": "2023-07",
            "price": "41.88",
            "revenue": 538914
        },
        "2023-08": {
            "month": "2023-08",
            "price": "39.40",
            "revenue": 505467
        },
        "2023-09": {
            "month": "2023-09",
            "price": "39.36",
            "revenue": 596727
        },
        "2023-10": {
            "month": "2023-10",
            "price": "38.80",
            "revenue": 636862
        },
        "2023-11": {
            "month": "2023-11",
            "price": "39.06",
            "revenue": 649779
        },
        "2023-12": {
            "month": "2023-12",
            "price": "39.11",
            "revenue": 670211
        }
    }
}
