{
    "summary": {
        "stock_name": "正淩",
        "stock_id": "8147",
        "category": "電子零組件",
        "main_business": "高速高頻連接器之設計、製造及行銷<br>連接器生產模治具之設計、製造及行銷<br>背板、機箱及其零組件之設計、製造及行銷",
        "website_url": "http://www.nextrongroup.com/tw",
        "ceo": "陳言成",
        "pe_ratio": 19,
        "report_year_from": 2001,
        "report_year_to": 2023,
        "age": 22,
        "eps_negative_percentage": 21,
        "eps_growth_avg": {
            "last_all": 13.58,
            "last_2y": 100,
            "last_4y": 10.81,
            "last_8y": 10.16,
            "last_12y": null,
            "last_16y": null,
            "last_20y": null,
            "at_2006_last_3y": null,
            "at_2007_last_3y": null,
            "at_2008_last_3y": null,
            "at_2009_last_3y": null,
            "at_2010_last_3y": null,
            "at_2011_last_3y": null,
            "at_2012_last_3y": null,
            "at_2013_last_3y": null,
            "at_2014_last_3y": null,
            "at_2015_last_3y": null,
            "at_2016_last_3y": 24.06,
            "at_2017_last_3y": 9.5,
            "at_2018_last_3y": -21.4,
            "at_2019_last_3y": -51.98,
            "at_2020_last_3y": -58,
            "at_2021_last_3y": -18.92,
            "at_2022_last_3y": 33.33,
            "at_2023_last_3y": 33.33,
            "at_2006_last_all": null,
            "at_2007_last_all": null,
            "at_2008_last_all": null,
            "at_2009_last_all": null,
            "at_2010_last_all": null,
            "at_2011_last_all": null,
            "at_2012_last_all": null,
            "at_2013_last_all": null,
            "at_2014_last_all": 53.92,
            "at_2015_last_all": 43.38,
            "at_2016_last_all": 24.06,
            "at_2017_last_all": 15.8,
            "at_2018_last_all": 3.7,
            "at_2019_last_all": -11.11,
            "at_2020_last_all": -11.11,
            "at_2021_last_all": 2.78,
            "at_2022_last_all": 13.58,
            "at_2023_last_all": 13.58
        },
        "latest_eps": 3.23,
        "latest_price": 61.4,
        "latest_roe": 12.43,
        "latest_gross_margin": 38.43,
        "latest_equity": 892503,
        "latest_revenue": 231735,
        "latest_gross_profit": 89061,
        "latest_net_income": 12341,
        "latest_debt_ratio": 40.05,
        "latest_current_ratio": 170,
        "latest_account_receivable_turnover_ratio": 0.78,
        "latest_inventory_turnover_ratio": 1.32,
        "latest_reinvestment_rate": 72.49,
        "latest_research_to_sale_ratio": 6.91
    },
    "eps_dividends": {
        "2001": {
            "cash": 0,
            "stock": 0,
            "eps": 0
        },
        "2002": {
            "cash": 0,
            "stock": 0,
            "eps": 0
        },
        "2003": {
            "cash": 0,
            "stock": 0,
            "eps": 0
        },
        "2004": {
            "cash": 0,
            "stock": 0,
            "eps": 0
        },
        "2005": {
            "cash": 0,
            "stock": 0,
            "eps": 0
        },
        "2006": {
            "cash": 0,
            "stock": 0,
            "eps": 0
        },
        "2007": {
            "cash": 0,
            "stock": 0,
            "eps": 0
        },
        "2008": {
            "cash": 0,
            "stock": 0,
            "eps": 0
        },
        "2009": {
            "cash": 0,
            "stock": 0,
            "eps": 0
        },
        "2010": {
            "cash": 0,
            "stock": 1,
            "eps": 0
        },
        "2011": {
            "cash": 0,
            "stock": 1,
            "eps": 0
        },
        "2012": {
            "cash": 1,
            "stock": 0,
            "eps": 1.22
        },
        "2013": {
            "cash": 1,
            "stock": 1,
            "eps": 1.72
        },
        "2014": {
            "cash": 1,
            "stock": 1,
            "eps": 2.87
        },
        "2015": {
            "cash": 2,
            "stock": 0,
            "eps": 3.51
        },
        "2016": {
            "cash": 2,
            "stock": 0,
            "eps": 2.32
        },
        "2017": {
            "cash": 2,
            "stock": 0,
            "eps": 1.92
        },
        "2018": {
            "cash": 2,
            "stock": 0,
            "eps": 0.83
        },
        "2019": {
            "cash": 1,
            "stock": 0,
            "eps": -0.29
        },
        "2020": {
            "cash": 0,
            "stock": 0,
            "eps": 0.43
        },
        "2021": {
            "cash": 1,
            "stock": 0,
            "eps": 1.29
        },
        "2022": {
            "cash": 1,
            "stock": 0,
            "eps": 3.8
        },
        "2023": {
            "cash": 3,
            "stock": 0,
            "eps": 0.38
        }
    },
    "dividends": {
        "2010-04-07": {
            "cash": 0,
            "stock": 0.5
        },
        "2011-03-22": {
            "cash": 0.3,
            "stock": 0.5
        },
        "2012-06-29": {
            "cash": 0.5,
            "stock": 0.3
        },
        "2013-06-21": {
            "cash": 0.5,
            "stock": 0.5
        },
        "2014-09-25": {
            "cash": 0.5,
            "stock": 0.5
        },
        "2015-10-08": {
            "cash": 2,
            "stock": 0
        },
        "2016-09-28": {
            "cash": 2,
            "stock": 0
        },
        "2017-10-06": {
            "cash": 2,
            "stock": 0
        },
        "2018-09-25": {
            "cash": 2,
            "stock": 0
        },
        "2019-09-27": {
            "cash": 0.55,
            "stock": 0.2
        },
        "2021-09-17": {
            "cash": 0.5,
            "stock": 0
        },
        "2022-10-05": {
            "cash": 1.1,
            "stock": 0
        },
        "2023-03-22": {
            "cash": 2.7,
            "stock": 0
        }
    },
    "prices": {
        "200101": "無",
        "200102": "無",
        "200103": "無",
        "200104": "無",
        "200105": "無",
        "200106": "無",
        "200107": "無",
        "200108": "無",
        "200109": "無",
        "200110": "無",
        "200111": "無",
        "200112": "無",
        "200201": "無",
        "200202": "無",
        "200203": "無",
        "200204": "無",
        "200205": "無",
        "200206": "無",
        "200207": "無",
        "200208": "無",
        "200209": "無",
        "200210": "無",
        "200211": "無",
        "200212": "無",
        "200301": "無",
        "200302": "無",
        "200303": "無",
        "200304": "無",
        "200305": "無",
        "200306": "無",
        "200307": "無",
        "200308": "無",
        "200309": "無",
        "200310": "無",
        "200311": "無",
        "200312": "無",
        "200401": "無",
        "200402": "無",
        "200403": "無",
        "200404": "無",
        "200405": "無",
        "200406": "無",
        "200407": "無",
        "200408": "無",
        "200409": "無",
        "200410": "無",
        "200411": "無",
        "200412": "無",
        "200501": "無",
        "200502": "無",
        "200503": "無",
        "200504": "無",
        "200505": "無",
        "200506": "無",
        "200507": "無",
        "200508": "無",
        "200509": "無",
        "200510": "無",
        "200511": "無",
        "200512": "無",
        "200601": "無",
        "200602": "無",
        "200603": "無",
        "200604": "無",
        "200605": "無",
        "200606": "無",
        "200607": "無",
        "200608": "無",
        "200609": "無",
        "200610": "無",
        "200611": "無",
        "200612": "無",
        "200701": "無",
        "200702": "無",
        "200703": "無",
        "200704": "無",
        "200705": "無",
        "200706": "無",
        "200707": "無",
        "200708": "無",
        "200709": "無",
        "200710": "無",
        "200711": "無",
        "200712": "無",
        "200801": "無",
        "200802": "無",
        "200803": "無",
        "200804": "無",
        "200805": "無",
        "200806": "無",
        "200807": "無",
        "200808": "無",
        "200809": "無",
        "200810": "無",
        "200811": "無",
        "200812": "無",
        "200901": "無",
        "200902": "無",
        "200903": "無",
        "200904": "無",
        "200905": "無",
        "200906": "無",
        "200907": "無",
        "200908": "無",
        "200909": "無",
        "200910": "無",
        "200911": "無",
        "200912": "無",
        "201001": "無",
        "201002": "無",
        "201003": "無",
        "201004": "無",
        "201005": "無",
        "201006": "無",
        "201007": "無",
        "201008": "無",
        "201009": "無",
        "201010": "無",
        "201011": "無",
        "201012": "無",
        "201101": "無",
        "201102": "無",
        "201103": "無",
        "201104": "無",
        "201105": "無",
        "201106": "無",
        "201107": "無",
        "201108": "無",
        "201109": "無",
        "201110": "無",
        "201111": "無",
        "201112": "無",
        "201201": "無",
        "201202": "無",
        "201203": "17.80",
        "201204": "15.23",
        "201205": "14.78",
        "201206": "14.41",
        "201207": "15.61",
        "201208": "16.46",
        "201209": "16.64",
        "201210": "16.60",
        "201211": "17.08",
        "201212": "16.70",
        "201301": "18.01",
        "201302": "19.29",
        "201303": "22.40",
        "201304": "29.90",
        "201305": "31.27",
        "201306": "27.64",
        "201307": "28.23",
        "201308": "29.81",
        "201309": "26.36",
        "201310": "25.10",
        "201311": "23.04",
        "201312": "24.11",
        "201401": "25.71",
        "201402": "28.82",
        "201403": "29.90",
        "201404": "35.81",
        "201405": "39.95",
        "201406": "45.90",
        "201407": "49.90",
        "201408": "41.81",
        "201409": "40.60",
        "201410": "35.12",
        "201411": "34.55",
        "201412": "36.00",
        "201501": "38.83",
        "201502": "41.28",
        "201503": "43.77",
        "201504": "46.26",
        "201505": "52.41",
        "201506": "62.74",
        "201507": "50.29",
        "201508": "37.32",
        "201509": "42.06",
        "201510": "52.49",
        "201511": "52.35",
        "201512": "44.99",
        "201601": "40.43",
        "201602": "43.39",
        "201603": "43.97",
        "201604": "42.34",
        "201605": "42.41",
        "201606": "42.09",
        "201607": "40.16",
        "201608": "38.29",
        "201609": "38.79",
        "201610": "36.86",
        "201611": "32.63",
        "201612": "33.86",
        "201701": "35.94",
        "201702": "36.93",
        "201703": "38.89",
        "201704": "38.75",
        "201705": "35.70",
        "201706": "34.57",
        "201707": "33.59",
        "201708": "30.82",
        "201709": "30.07",
        "201710": "29.68",
        "201711": "30.40",
        "201712": "34.43",
        "201801": "34.26",
        "201802": "33.74",
        "201803": "34.66",
        "201804": "32.29",
        "201805": "28.20",
        "201806": "29.53",
        "201807": "30.99",
        "201808": "31.50",
        "201809": "29.48",
        "201810": "29.12",
        "201811": "29.40",
        "201812": "27.67",
        "201901": "25.30",
        "201902": "26.97",
        "201903": "28.58",
        "201904": "28.92",
        "201905": "28.74",
        "201906": "28.79",
        "201907": "30.41",
        "201908": "33.77",
        "201909": "32.47",
        "201910": "30.54",
        "201911": "30.40",
        "201912": "31.72",
        "202001": "32.15",
        "202002": "31.25",
        "202003": "26.76",
        "202004": "26.48",
        "202005": "34.41",
        "202006": "39.52",
        "202007": "43.27",
        "202008": "41.75",
        "202009": "40.39",
        "202010": "39.63",
        "202011": "38.90",
        "202012": "39.27",
        "202101": "44.08",
        "202102": "43.95",
        "202103": "42.54",
        "202104": "42.00",
        "202105": "40.88",
        "202106": "41.45",
        "202107": "45.77",
        "202108": "52.16",
        "202109": "52.00",
        "202110": "48.08",
        "202111": "51.38",
        "202112": "55.33",
        "202201": "61.36",
        "202202": "64.43",
        "202203": "63.83",
        "202204": "63.05",
        "202205": "61.85",
        "202206": "57.90",
        "202207": "51.20",
        "202208": "52.31",
        "202209": "51.66",
        "202210": "60.94",
        "202211": "63.90",
        "202212": "61.25",
        "202301": "61.85",
        "202302": "64.09",
        "202303": "65.69",
        "202304": "66.38",
        "202305": "61.55"
    },
    "quarters": {
        "20011": {
            "year_quarter": 20011,
            "year": 2001,
            "quarter": 1,
            "eps": null,
            "eps_growth_year": null,
            "eps_4q": null,
            "eps_4q_growth_year": null,
            "roe": null,
            "gross_profit": null,
            "gross_margin": null,
            "net_income": null,
            "revenue": null,
            "common_shares": null,
            "equity": null,
            "current_ratio": null,
            "debt_ratio": null,
            "inventory_turnover_ratio": null,
            "account_receivable_turnover_ratio": null,
            "reinvestment_rate": null,
            "research_to_sale_ratio": null,
            "price_fair": 0,
            "eps_avg_yearly": 0,
            "eps_latest_yearly": 0,
            "eps_growth_yearly": 0
        },
        "20012": {
            "year_quarter": 20012,
            "year": 2001,
            "quarter": 2,
            "eps": null,
            "eps_growth_year": null,
            "eps_4q": null,
            "eps_4q_growth_year": null,
            "roe": null,
            "gross_profit": null,
            "gross_margin": null,
            "net_income": null,
            "revenue": null,
            "common_shares": null,
            "equity": null,
            "current_ratio": null,
            "debt_ratio": null,
            "inventory_turnover_ratio": null,
            "account_receivable_turnover_ratio": null,
            "reinvestment_rate": null,
            "research_to_sale_ratio": null,
            "price_fair": 0,
            "eps_avg_yearly": 0,
            "eps_latest_yearly": 0,
            "eps_growth_yearly": 0
        },
        "20013": {
            "year_quarter": 20013,
            "year": 2001,
            "quarter": 3,
            "eps": null,
            "eps_growth_year": null,
            "eps_4q": null,
            "eps_4q_growth_year": null,
            "roe": null,
            "gross_profit": null,
            "gross_margin": null,
            "net_income": null,
            "revenue": null,
            "common_shares": null,
            "equity": null,
            "current_ratio": null,
            "debt_ratio": null,
            "inventory_turnover_ratio": null,
            "account_receivable_turnover_ratio": null,
            "reinvestment_rate": null,
            "research_to_sale_ratio": null,
            "price_fair": 0,
            "eps_avg_yearly": 0,
            "eps_latest_yearly": 0,
            "eps_growth_yearly": 0
        },
        "20014": {
            "year_quarter": 20014,
            "year": 2001,
            "quarter": 4,
            "eps": null,
            "eps_growth_year": null,
            "eps_4q": null,
            "eps_4q_growth_year": null,
            "roe": null,
            "gross_profit": null,
            "gross_margin": null,
            "net_income": null,
            "revenue": null,
            "common_shares": 655200,
            "equity": 573802,
            "current_ratio": 96.2,
            "debt_ratio": 48.01,
            "inventory_turnover_ratio": null,
            "account_receivable_turnover_ratio": null,
            "reinvestment_rate": null,
            "research_to_sale_ratio": null,
            "price_fair": 0,
            "eps_avg_yearly": 0,
            "eps_latest_yearly": 0,
            "eps_growth_yearly": 0
        },
        "20021": {
            "year_quarter": 20021,
            "year": 2002,
            "quarter": 1,
            "eps": null,
            "eps_growth_year": null,
            "eps_4q": null,
            "eps_4q_growth_year": null,
            "roe": null,
            "gross_profit": null,
            "gross_margin": null,
            "net_income": null,
            "revenue": null,
            "common_shares": null,
            "equity": null,
            "current_ratio": null,
            "debt_ratio": null,
            "inventory_turnover_ratio": null,
            "account_receivable_turnover_ratio": null,
            "reinvestment_rate": null,
            "research_to_sale_ratio": null,
            "price_fair": 0,
            "eps_avg_yearly": 0,
            "eps_latest_yearly": 0,
            "eps_growth_yearly": 0
        },
        "20022": {
            "year_quarter": 20022,
            "year": 2002,
            "quarter": 2,
            "eps": null,
            "eps_growth_year": null,
            "eps_4q": null,
            "eps_4q_growth_year": null,
            "roe": null,
            "gross_profit": null,
            "gross_margin": null,
            "net_income": null,
            "revenue": null,
            "common_shares": null,
            "equity": null,
            "current_ratio": null,
            "debt_ratio": null,
            "inventory_turnover_ratio": null,
            "account_receivable_turnover_ratio": null,
            "reinvestment_rate": null,
            "research_to_sale_ratio": null,
            "price_fair": 0,
            "eps_avg_yearly": 0,
            "eps_latest_yearly": 0,
            "eps_growth_yearly": 0
        },
        "20023": {
            "year_quarter": 20023,
            "year": 2002,
            "quarter": 3,
            "eps": null,
            "eps_growth_year": null,
            "eps_4q": null,
            "eps_4q_growth_year": null,
            "roe": null,
            "gross_profit": null,
            "gross_margin": null,
            "net_income": null,
            "revenue": null,
            "common_shares": null,
            "equity": null,
            "current_ratio": null,
            "debt_ratio": null,
            "inventory_turnover_ratio": null,
            "account_receivable_turnover_ratio": null,
            "reinvestment_rate": null,
            "research_to_sale_ratio": null,
            "price_fair": 0,
            "eps_avg_yearly": 0,
            "eps_latest_yearly": 0,
            "eps_growth_yearly": 0
        },
        "20024": {
            "year_quarter": 20024,
            "year": 2002,
            "quarter": 4,
            "eps": null,
            "eps_growth_year": null,
            "eps_4q": null,
            "eps_4q_growth_year": null,
            "roe": null,
            "gross_profit": null,
            "gross_margin": null,
            "net_income": null,
            "revenue": null,
            "common_shares": 655200,
            "equity": 400828,
            "current_ratio": 70.7,
            "debt_ratio": 55.67,
            "inventory_turnover_ratio": null,
            "account_receivable_turnover_ratio": null,
            "reinvestment_rate": null,
            "research_to_sale_ratio": null,
            "price_fair": 0,
            "eps_avg_yearly": 0,
            "eps_latest_yearly": 0,
            "eps_growth_yearly": 0
        },
        "20031": {
            "year_quarter": 20031,
            "year": 2003,
            "quarter": 1,
            "eps": null,
            "eps_growth_year": null,
            "eps_4q": null,
            "eps_4q_growth_year": null,
            "roe": null,
            "gross_profit": null,
            "gross_margin": null,
            "net_income": null,
            "revenue": null,
            "common_shares": null,
            "equity": null,
            "current_ratio": null,
            "debt_ratio": null,
            "inventory_turnover_ratio": null,
            "account_receivable_turnover_ratio": null,
            "reinvestment_rate": null,
            "research_to_sale_ratio": null,
            "price_fair": 0,
            "eps_avg_yearly": 0,
            "eps_latest_yearly": 0,
            "eps_growth_yearly": 0
        },
        "20032": {
            "year_quarter": 20032,
            "year": 2003,
            "quarter": 2,
            "eps": null,
            "eps_growth_year": null,
            "eps_4q": null,
            "eps_4q_growth_year": null,
            "roe": null,
            "gross_profit": null,
            "gross_margin": null,
            "net_income": null,
            "revenue": null,
            "common_shares": null,
            "equity": null,
            "current_ratio": null,
            "debt_ratio": null,
            "inventory_turnover_ratio": null,
            "account_receivable_turnover_ratio": null,
            "reinvestment_rate": null,
            "research_to_sale_ratio": null,
            "price_fair": 0,
            "eps_avg_yearly": 0,
            "eps_latest_yearly": 0,
            "eps_growth_yearly": 0
        },
        "20033": {
            "year_quarter": 20033,
            "year": 2003,
            "quarter": 3,
            "eps": null,
            "eps_growth_year": null,
            "eps_4q": null,
            "eps_4q_growth_year": null,
            "roe": null,
            "gross_profit": null,
            "gross_margin": null,
            "net_income": null,
            "revenue": null,
            "common_shares": null,
            "equity": null,
            "current_ratio": null,
            "debt_ratio": null,
            "inventory_turnover_ratio": null,
            "account_receivable_turnover_ratio": null,
            "reinvestment_rate": null,
            "research_to_sale_ratio": null,
            "price_fair": 0,
            "eps_avg_yearly": 0,
            "eps_latest_yearly": 0,
            "eps_growth_yearly": 0
        },
        "20034": {
            "year_quarter": 20034,
            "year": 2003,
            "quarter": 4,
            "eps": null,
            "eps_growth_year": null,
            "eps_4q": null,
            "eps_4q_growth_year": null,
            "roe": null,
            "gross_profit": null,
            "gross_margin": null,
            "net_income": null,
            "revenue": null,
            "common_shares": 655200,
            "equity": 412671,
            "current_ratio": 81.76,
            "debt_ratio": 51.46,
            "inventory_turnover_ratio": null,
            "account_receivable_turnover_ratio": null,
            "reinvestment_rate": null,
            "research_to_sale_ratio": null,
            "price_fair": 0,
            "eps_avg_yearly": 0,
            "eps_latest_yearly": 0,
            "eps_growth_yearly": 0
        },
        "20041": {
            "year_quarter": 20041,
            "year": 2004,
            "quarter": 1,
            "eps": null,
            "eps_growth_year": null,
            "eps_4q": null,
            "eps_4q_growth_year": null,
            "roe": null,
            "gross_profit": null,
            "gross_margin": null,
            "net_income": null,
            "revenue": null,
            "common_shares": null,
            "equity": null,
            "current_ratio": null,
            "debt_ratio": null,
            "inventory_turnover_ratio": null,
            "account_receivable_turnover_ratio": null,
            "reinvestment_rate": null,
            "research_to_sale_ratio": null,
            "price_fair": 0,
            "eps_avg_yearly": 0,
            "eps_latest_yearly": 0,
            "eps_growth_yearly": 0
        },
        "20042": {
            "year_quarter": 20042,
            "year": 2004,
            "quarter": 2,
            "eps": null,
            "eps_growth_year": null,
            "eps_4q": null,
            "eps_4q_growth_year": null,
            "roe": null,
            "gross_profit": null,
            "gross_margin": null,
            "net_income": null,
            "revenue": null,
            "common_shares": null,
            "equity": null,
            "current_ratio": null,
            "debt_ratio": null,
            "inventory_turnover_ratio": null,
            "account_receivable_turnover_ratio": null,
            "reinvestment_rate": null,
            "research_to_sale_ratio": null,
            "price_fair": 0,
            "eps_avg_yearly": 0,
            "eps_latest_yearly": 0,
            "eps_growth_yearly": 0
        },
        "20043": {
            "year_quarter": 20043,
            "year": 2004,
            "quarter": 3,
            "eps": null,
            "eps_growth_year": null,
            "eps_4q": null,
            "eps_4q_growth_year": null,
            "roe": null,
            "gross_profit": null,
            "gross_margin": null,
            "net_income": null,
            "revenue": null,
            "common_shares": null,
            "equity": null,
            "current_ratio": null,
            "debt_ratio": null,
            "inventory_turnover_ratio": null,
            "account_receivable_turnover_ratio": null,
            "reinvestment_rate": null,
            "research_to_sale_ratio": null,
            "price_fair": 0,
            "eps_avg_yearly": 0,
            "eps_latest_yearly": 0,
            "eps_growth_yearly": 0
        },
        "20044": {
            "year_quarter": 20044,
            "year": 2004,
            "quarter": 4,
            "eps": null,
            "eps_growth_year": null,
            "eps_4q": null,
            "eps_4q_growth_year": null,
            "roe": null,
            "gross_profit": null,
            "gross_margin": null,
            "net_income": null,
            "revenue": null,
            "common_shares": 429156,
            "equity": 413688,
            "current_ratio": 102.52,
            "debt_ratio": 48.3,
            "inventory_turnover_ratio": null,
            "account_receivable_turnover_ratio": null,
            "reinvestment_rate": null,
            "research_to_sale_ratio": null,
            "price_fair": 0,
            "eps_avg_yearly": 0,
            "eps_latest_yearly": 0,
            "eps_growth_yearly": 0
        },
        "20051": {
            "year_quarter": 20051,
            "year": 2005,
            "quarter": 1,
            "eps": null,
            "eps_growth_year": null,
            "eps_4q": null,
            "eps_4q_growth_year": null,
            "roe": null,
            "gross_profit": null,
            "gross_margin": null,
            "net_income": null,
            "revenue": null,
            "common_shares": null,
            "equity": null,
            "current_ratio": null,
            "debt_ratio": null,
            "inventory_turnover_ratio": null,
            "account_receivable_turnover_ratio": null,
            "reinvestment_rate": null,
            "research_to_sale_ratio": null,
            "price_fair": 0,
            "eps_avg_yearly": 0,
            "eps_latest_yearly": 0,
            "eps_growth_yearly": 0
        },
        "20052": {
            "year_quarter": 20052,
            "year": 2005,
            "quarter": 2,
            "eps": null,
            "eps_growth_year": null,
            "eps_4q": null,
            "eps_4q_growth_year": null,
            "roe": null,
            "gross_profit": null,
            "gross_margin": null,
            "net_income": null,
            "revenue": null,
            "common_shares": null,
            "equity": null,
            "current_ratio": null,
            "debt_ratio": null,
            "inventory_turnover_ratio": null,
            "account_receivable_turnover_ratio": null,
            "reinvestment_rate": null,
            "research_to_sale_ratio": null,
            "price_fair": 0,
            "eps_avg_yearly": 0,
            "eps_latest_yearly": 0,
            "eps_growth_yearly": 0
        },
        "20053": {
            "year_quarter": 20053,
            "year": 2005,
            "quarter": 3,
            "eps": null,
            "eps_growth_year": null,
            "eps_4q": null,
            "eps_4q_growth_year": null,
            "roe": null,
            "gross_profit": null,
            "gross_margin": null,
            "net_income": null,
            "revenue": null,
            "common_shares": null,
            "equity": null,
            "current_ratio": null,
            "debt_ratio": null,
            "inventory_turnover_ratio": null,
            "account_receivable_turnover_ratio": null,
            "reinvestment_rate": null,
            "research_to_sale_ratio": null,
            "price_fair": 0,
            "eps_avg_yearly": 0,
            "eps_latest_yearly": 0,
            "eps_growth_yearly": 0
        },
        "20054": {
            "year_quarter": 20054,
            "year": 2005,
            "quarter": 4,
            "eps": null,
            "eps_growth_year": null,
            "eps_4q": null,
            "eps_4q_growth_year": null,
            "roe": null,
            "gross_profit": null,
            "gross_margin": null,
            "net_income": null,
            "revenue": null,
            "common_shares": 429156,
            "equity": 429303,
            "current_ratio": 113.78,
            "debt_ratio": 58.13,
            "inventory_turnover_ratio": null,
            "account_receivable_turnover_ratio": null,
            "reinvestment_rate": null,
            "research_to_sale_ratio": null,
            "price_fair": 0,
            "eps_avg_yearly": 0,
            "eps_latest_yearly": 0,
            "eps_growth_yearly": 0
        },
        "20061": {
            "year_quarter": 20061,
            "year": 2006,
            "quarter": 1,
            "eps": null,
            "eps_growth_year": null,
            "eps_4q": null,
            "eps_4q_growth_year": null,
            "roe": null,
            "gross_profit": null,
            "gross_margin": null,
            "net_income": null,
            "revenue": null,
            "common_shares": null,
            "equity": null,
            "current_ratio": null,
            "debt_ratio": null,
            "inventory_turnover_ratio": null,
            "account_receivable_turnover_ratio": null,
            "reinvestment_rate": null,
            "research_to_sale_ratio": null,
            "price_fair": 0,
            "eps_avg_yearly": 0,
            "eps_latest_yearly": 0,
            "eps_growth_yearly": 0
        },
        "20062": {
            "year_quarter": 20062,
            "year": 2006,
            "quarter": 2,
            "eps": null,
            "eps_growth_year": null,
            "eps_4q": null,
            "eps_4q_growth_year": null,
            "roe": null,
            "gross_profit": null,
            "gross_margin": null,
            "net_income": null,
            "revenue": null,
            "common_shares": null,
            "equity": null,
            "current_ratio": null,
            "debt_ratio": null,
            "inventory_turnover_ratio": null,
            "account_receivable_turnover_ratio": null,
            "reinvestment_rate": null,
            "research_to_sale_ratio": null,
            "price_fair": 0,
            "eps_avg_yearly": 0,
            "eps_latest_yearly": 0,
            "eps_growth_yearly": 0
        },
        "20063": {
            "year_quarter": 20063,
            "year": 2006,
            "quarter": 3,
            "eps": null,
            "eps_growth_year": null,
            "eps_4q": null,
            "eps_4q_growth_year": null,
            "roe": null,
            "gross_profit": null,
            "gross_margin": null,
            "net_income": null,
            "revenue": null,
            "common_shares": null,
            "equity": null,
            "current_ratio": null,
            "debt_ratio": null,
            "inventory_turnover_ratio": null,
            "account_receivable_turnover_ratio": null,
            "reinvestment_rate": null,
            "research_to_sale_ratio": null,
            "price_fair": 0,
            "eps_avg_yearly": 0,
            "eps_latest_yearly": 0,
            "eps_growth_yearly": 0
        },
        "20064": {
            "year_quarter": 20064,
            "year": 2006,
            "quarter": 4,
            "eps": null,
            "eps_growth_year": null,
            "eps_4q": null,
            "eps_4q_growth_year": null,
            "roe": null,
            "gross_profit": null,
            "gross_margin": null,
            "net_income": null,
            "revenue": null,
            "common_shares": 429156,
            "equity": 442100,
            "current_ratio": 119.15,
            "debt_ratio": 58.43,
            "inventory_turnover_ratio": null,
            "account_receivable_turnover_ratio": null,
            "reinvestment_rate": null,
            "research_to_sale_ratio": null,
            "price_fair": 0,
            "eps_avg_yearly": 0,
            "eps_latest_yearly": 0,
            "eps_growth_yearly": 0
        },
        "20071": {
            "year_quarter": 20071,
            "year": 2007,
            "quarter": 1,
            "eps": null,
            "eps_growth_year": null,
            "eps_4q": null,
            "eps_4q_growth_year": null,
            "roe": null,
            "gross_profit": null,
            "gross_margin": null,
            "net_income": null,
            "revenue": null,
            "common_shares": null,
            "equity": null,
            "current_ratio": null,
            "debt_ratio": null,
            "inventory_turnover_ratio": null,
            "account_receivable_turnover_ratio": null,
            "reinvestment_rate": null,
            "research_to_sale_ratio": null,
            "price_fair": 0,
            "eps_avg_yearly": 0,
            "eps_latest_yearly": 0,
            "eps_growth_yearly": 0
        },
        "20072": {
            "year_quarter": 20072,
            "year": 2007,
            "quarter": 2,
            "eps": null,
            "eps_growth_year": null,
            "eps_4q": null,
            "eps_4q_growth_year": null,
            "roe": null,
            "gross_profit": null,
            "gross_margin": null,
            "net_income": null,
            "revenue": null,
            "common_shares": null,
            "equity": null,
            "current_ratio": null,
            "debt_ratio": null,
            "inventory_turnover_ratio": null,
            "account_receivable_turnover_ratio": null,
            "reinvestment_rate": null,
            "research_to_sale_ratio": null,
            "price_fair": 0,
            "eps_avg_yearly": 0,
            "eps_latest_yearly": 0,
            "eps_growth_yearly": 0
        },
        "20073": {
            "year_quarter": 20073,
            "year": 2007,
            "quarter": 3,
            "eps": null,
            "eps_growth_year": null,
            "eps_4q": null,
            "eps_4q_growth_year": null,
            "roe": null,
            "gross_profit": null,
            "gross_margin": null,
            "net_income": null,
            "revenue": null,
            "common_shares": null,
            "equity": null,
            "current_ratio": null,
            "debt_ratio": null,
            "inventory_turnover_ratio": null,
            "account_receivable_turnover_ratio": null,
            "reinvestment_rate": null,
            "research_to_sale_ratio": null,
            "price_fair": 0,
            "eps_avg_yearly": 0,
            "eps_latest_yearly": 0,
            "eps_growth_yearly": 0
        },
        "20074": {
            "year_quarter": 20074,
            "year": 2007,
            "quarter": 4,
            "eps": null,
            "eps_growth_year": null,
            "eps_4q": null,
            "eps_4q_growth_year": null,
            "roe": null,
            "gross_profit": null,
            "gross_margin": null,
            "net_income": null,
            "revenue": null,
            "common_shares": 429156,
            "equity": 142357,
            "current_ratio": 89.29,
            "debt_ratio": 80.23,
            "inventory_turnover_ratio": null,
            "account_receivable_turnover_ratio": null,
            "reinvestment_rate": null,
            "research_to_sale_ratio": null,
            "price_fair": 0,
            "eps_avg_yearly": 0,
            "eps_latest_yearly": 0,
            "eps_growth_yearly": 0
        },
        "20081": {
            "year_quarter": 20081,
            "year": 2008,
            "quarter": 1,
            "eps": null,
            "eps_growth_year": null,
            "eps_4q": null,
            "eps_4q_growth_year": null,
            "roe": null,
            "gross_profit": null,
            "gross_margin": null,
            "net_income": null,
            "revenue": null,
            "common_shares": null,
            "equity": null,
            "current_ratio": null,
            "debt_ratio": null,
            "inventory_turnover_ratio": null,
            "account_receivable_turnover_ratio": null,
            "reinvestment_rate": null,
            "research_to_sale_ratio": null,
            "price_fair": 0,
            "eps_avg_yearly": 0,
            "eps_latest_yearly": 0,
            "eps_growth_yearly": 0
        },
        "20082": {
            "year_quarter": 20082,
            "year": 2008,
            "quarter": 2,
            "eps": null,
            "eps_growth_year": null,
            "eps_4q": null,
            "eps_4q_growth_year": null,
            "roe": null,
            "gross_profit": null,
            "gross_margin": null,
            "net_income": null,
            "revenue": null,
            "common_shares": null,
            "equity": null,
            "current_ratio": null,
            "debt_ratio": null,
            "inventory_turnover_ratio": null,
            "account_receivable_turnover_ratio": null,
            "reinvestment_rate": null,
            "research_to_sale_ratio": null,
            "price_fair": 0,
            "eps_avg_yearly": 0,
            "eps_latest_yearly": 0,
            "eps_growth_yearly": 0
        },
        "20083": {
            "year_quarter": 20083,
            "year": 2008,
            "quarter": 3,
            "eps": null,
            "eps_growth_year": null,
            "eps_4q": null,
            "eps_4q_growth_year": null,
            "roe": null,
            "gross_profit": null,
            "gross_margin": null,
            "net_income": null,
            "revenue": null,
            "common_shares": null,
            "equity": null,
            "current_ratio": null,
            "debt_ratio": null,
            "inventory_turnover_ratio": null,
            "account_receivable_turnover_ratio": null,
            "reinvestment_rate": null,
            "research_to_sale_ratio": null,
            "price_fair": 0,
            "eps_avg_yearly": 0,
            "eps_latest_yearly": 0,
            "eps_growth_yearly": 0
        },
        "20084": {
            "year_quarter": 20084,
            "year": 2008,
            "quarter": 4,
            "eps": null,
            "eps_growth_year": null,
            "eps_4q": null,
            "eps_4q_growth_year": null,
            "roe": null,
            "gross_profit": null,
            "gross_margin": null,
            "net_income": null,
            "revenue": null,
            "common_shares": 205000,
            "equity": 102924,
            "current_ratio": 84.68,
            "debt_ratio": 80.28,
            "inventory_turnover_ratio": null,
            "account_receivable_turnover_ratio": null,
            "reinvestment_rate": null,
            "research_to_sale_ratio": null,
            "price_fair": 0,
            "eps_avg_yearly": 0,
            "eps_latest_yearly": 0,
            "eps_growth_yearly": 0
        },
        "20091": {
            "year_quarter": 20091,
            "year": 2009,
            "quarter": 1,
            "eps": null,
            "eps_growth_year": null,
            "eps_4q": null,
            "eps_4q_growth_year": null,
            "roe": null,
            "gross_profit": null,
            "gross_margin": null,
            "net_income": null,
            "revenue": null,
            "common_shares": null,
            "equity": null,
            "current_ratio": null,
            "debt_ratio": null,
            "inventory_turnover_ratio": null,
            "account_receivable_turnover_ratio": null,
            "reinvestment_rate": null,
            "research_to_sale_ratio": null,
            "price_fair": 0,
            "eps_avg_yearly": 0,
            "eps_latest_yearly": 0,
            "eps_growth_yearly": 0
        },
        "20092": {
            "year_quarter": 20092,
            "year": 2009,
            "quarter": 2,
            "eps": null,
            "eps_growth_year": null,
            "eps_4q": null,
            "eps_4q_growth_year": null,
            "roe": null,
            "gross_profit": null,
            "gross_margin": null,
            "net_income": null,
            "revenue": null,
            "common_shares": null,
            "equity": null,
            "current_ratio": null,
            "debt_ratio": null,
            "inventory_turnover_ratio": null,
            "account_receivable_turnover_ratio": null,
            "reinvestment_rate": null,
            "research_to_sale_ratio": null,
            "price_fair": 0,
            "eps_avg_yearly": 0,
            "eps_latest_yearly": 0,
            "eps_growth_yearly": 0
        },
        "20093": {
            "year_quarter": 20093,
            "year": 2009,
            "quarter": 3,
            "eps": null,
            "eps_growth_year": null,
            "eps_4q": null,
            "eps_4q_growth_year": null,
            "roe": null,
            "gross_profit": null,
            "gross_margin": null,
            "net_income": null,
            "revenue": null,
            "common_shares": null,
            "equity": null,
            "current_ratio": null,
            "debt_ratio": null,
            "inventory_turnover_ratio": null,
            "account_receivable_turnover_ratio": null,
            "reinvestment_rate": null,
            "research_to_sale_ratio": null,
            "price_fair": 0,
            "eps_avg_yearly": 0,
            "eps_latest_yearly": 0,
            "eps_growth_yearly": 0
        },
        "20094": {
            "year_quarter": 20094,
            "year": 2009,
            "quarter": 4,
            "eps": null,
            "eps_growth_year": null,
            "eps_4q": null,
            "eps_4q_growth_year": null,
            "roe": null,
            "gross_profit": null,
            "gross_margin": null,
            "net_income": null,
            "revenue": null,
            "common_shares": 139000,
            "equity": 174302,
            "current_ratio": 114.13,
            "debt_ratio": 68.21,
            "inventory_turnover_ratio": null,
            "account_receivable_turnover_ratio": null,
            "reinvestment_rate": null,
            "research_to_sale_ratio": null,
            "price_fair": 0,
            "eps_avg_yearly": 0,
            "eps_latest_yearly": 0,
            "eps_growth_yearly": 0
        },
        "20101": {
            "year_quarter": 20101,
            "year": 2010,
            "quarter": 1,
            "eps": null,
            "eps_growth_year": null,
            "eps_4q": null,
            "eps_4q_growth_year": null,
            "roe": null,
            "gross_profit": null,
            "gross_margin": null,
            "net_income": null,
            "revenue": null,
            "common_shares": null,
            "equity": null,
            "current_ratio": null,
            "debt_ratio": null,
            "inventory_turnover_ratio": null,
            "account_receivable_turnover_ratio": null,
            "reinvestment_rate": null,
            "research_to_sale_ratio": null,
            "price_fair": 0,
            "eps_avg_yearly": 0,
            "eps_latest_yearly": 0,
            "eps_growth_yearly": 0
        },
        "20102": {
            "year_quarter": 20102,
            "year": 2010,
            "quarter": 2,
            "eps": null,
            "eps_growth_year": null,
            "eps_4q": null,
            "eps_4q_growth_year": null,
            "roe": null,
            "gross_profit": null,
            "gross_margin": null,
            "net_income": null,
            "revenue": null,
            "common_shares": null,
            "equity": null,
            "current_ratio": null,
            "debt_ratio": null,
            "inventory_turnover_ratio": null,
            "account_receivable_turnover_ratio": null,
            "reinvestment_rate": null,
            "research_to_sale_ratio": null,
            "price_fair": 0,
            "eps_avg_yearly": 0,
            "eps_latest_yearly": 0,
            "eps_growth_yearly": 0
        },
        "20103": {
            "year_quarter": 20103,
            "year": 2010,
            "quarter": 3,
            "eps": null,
            "eps_growth_year": null,
            "eps_4q": null,
            "eps_4q_growth_year": null,
            "roe": null,
            "gross_profit": null,
            "gross_margin": null,
            "net_income": null,
            "revenue": null,
            "common_shares": null,
            "equity": null,
            "current_ratio": null,
            "debt_ratio": null,
            "inventory_turnover_ratio": null,
            "account_receivable_turnover_ratio": null,
            "reinvestment_rate": null,
            "research_to_sale_ratio": null,
            "price_fair": 0,
            "eps_avg_yearly": 0,
            "eps_latest_yearly": 0,
            "eps_growth_yearly": 0
        },
        "20104": {
            "year_quarter": 20104,
            "year": 2010,
            "quarter": 4,
            "eps": null,
            "eps_growth_year": null,
            "eps_4q": null,
            "eps_4q_growth_year": null,
            "roe": null,
            "gross_profit": null,
            "gross_margin": null,
            "net_income": null,
            "revenue": null,
            "common_shares": 159260,
            "equity": 222236,
            "current_ratio": 129.98,
            "debt_ratio": 54.72,
            "inventory_turnover_ratio": null,
            "account_receivable_turnover_ratio": null,
            "reinvestment_rate": null,
            "research_to_sale_ratio": null,
            "price_fair": 0,
            "eps_avg_yearly": 0,
            "eps_latest_yearly": 0,
            "eps_growth_yearly": 0
        },
        "20111": {
            "year_quarter": 20111,
            "year": 2011,
            "quarter": 1,
            "eps": null,
            "eps_growth_year": null,
            "eps_4q": null,
            "eps_4q_growth_year": null,
            "roe": null,
            "gross_profit": null,
            "gross_margin": null,
            "net_income": null,
            "revenue": null,
            "common_shares": null,
            "equity": null,
            "current_ratio": null,
            "debt_ratio": null,
            "inventory_turnover_ratio": null,
            "account_receivable_turnover_ratio": null,
            "reinvestment_rate": null,
            "research_to_sale_ratio": null,
            "price_fair": 0,
            "eps_avg_yearly": 0,
            "eps_latest_yearly": 0,
            "eps_growth_yearly": 0
        },
        "20112": {
            "year_quarter": 20112,
            "year": 2011,
            "quarter": 2,
            "eps": null,
            "eps_growth_year": null,
            "eps_4q": null,
            "eps_4q_growth_year": null,
            "roe": null,
            "gross_profit": null,
            "gross_margin": null,
            "net_income": null,
            "revenue": null,
            "common_shares": 159260,
            "equity": 245306,
            "current_ratio": null,
            "debt_ratio": null,
            "inventory_turnover_ratio": null,
            "account_receivable_turnover_ratio": null,
            "reinvestment_rate": null,
            "research_to_sale_ratio": null,
            "price_fair": 0,
            "eps_avg_yearly": 0,
            "eps_latest_yearly": 0,
            "eps_growth_yearly": 0
        },
        "20113": {
            "year_quarter": 20113,
            "year": 2011,
            "quarter": 3,
            "eps": null,
            "eps_growth_year": null,
            "eps_4q": null,
            "eps_4q_growth_year": null,
            "roe": null,
            "gross_profit": 30965,
            "gross_margin": null,
            "net_income": 4780,
            "revenue": 131283,
            "common_shares": 169793,
            "equity": 254678,
            "current_ratio": 130.66,
            "debt_ratio": 54.89,
            "inventory_turnover_ratio": null,
            "account_receivable_turnover_ratio": null,
            "reinvestment_rate": null,
            "research_to_sale_ratio": null,
            "price_fair": 0,
            "eps_avg_yearly": 0,
            "eps_latest_yearly": 0,
            "eps_growth_yearly": 0
        },
        "20114": {
            "year_quarter": 20114,
            "year": 2011,
            "quarter": 4,
            "eps": null,
            "eps_growth_year": null,
            "eps_4q": null,
            "eps_4q_growth_year": null,
            "roe": null,
            "gross_profit": 23380,
            "gross_margin": null,
            "net_income": 2055,
            "revenue": 117546,
            "common_shares": 169793,
            "equity": 255721,
            "current_ratio": 142.04,
            "debt_ratio": 48.19,
            "inventory_turnover_ratio": null,
            "account_receivable_turnover_ratio": null,
            "reinvestment_rate": null,
            "research_to_sale_ratio": null,
            "price_fair": 0,
            "eps_avg_yearly": 0,
            "eps_latest_yearly": 0,
            "eps_growth_yearly": 0
        },
        "20121": {
            "year_quarter": 20121,
            "year": 2012,
            "quarter": 1,
            "eps": null,
            "eps_growth_year": null,
            "eps_4q": null,
            "eps_4q_growth_year": null,
            "roe": null,
            "gross_profit": 33097,
            "gross_margin": null,
            "net_income": 5419,
            "revenue": 144534,
            "common_shares": 169793,
            "equity": 255258,
            "current_ratio": null,
            "debt_ratio": null,
            "inventory_turnover_ratio": null,
            "account_receivable_turnover_ratio": null,
            "reinvestment_rate": null,
            "research_to_sale_ratio": null,
            "price_fair": 0,
            "eps_avg_yearly": 0,
            "eps_latest_yearly": 0,
            "eps_growth_yearly": 0
        },
        "20122": {
            "year_quarter": 20122,
            "year": 2012,
            "quarter": 2,
            "eps": null,
            "eps_growth_year": null,
            "eps_4q": null,
            "eps_4q_growth_year": null,
            "roe": null,
            "gross_profit": 38451,
            "gross_margin": null,
            "net_income": 8235,
            "revenue": 159566,
            "common_shares": 169793,
            "equity": 256717,
            "current_ratio": 140.74,
            "debt_ratio": 51.71,
            "inventory_turnover_ratio": null,
            "account_receivable_turnover_ratio": null,
            "reinvestment_rate": null,
            "research_to_sale_ratio": null,
            "price_fair": 0,
            "eps_avg_yearly": 0,
            "eps_latest_yearly": 0,
            "eps_growth_yearly": 0
        },
        "20123": {
            "year_quarter": 20123,
            "year": 2012,
            "quarter": 3,
            "eps": 1,
            "eps_growth_year": null,
            "eps_4q": 1,
            "eps_4q_growth_year": null,
            "roe": 6.66,
            "gross_profit": 63399,
            "gross_margin": 28.73,
            "net_income": 17661,
            "revenue": 220666,
            "common_shares": 175887,
            "equity": 273402,
            "current_ratio": 146.71,
            "debt_ratio": 51.2,
            "inventory_turnover_ratio": 1.97,
            "account_receivable_turnover_ratio": 1,
            "reinvestment_rate": null,
            "research_to_sale_ratio": 2.62,
            "price_fair": 0,
            "eps_avg_yearly": 0,
            "eps_latest_yearly": 0,
            "eps_growth_yearly": 0
        },
        "20124": {
            "year_quarter": 20124,
            "year": 2012,
            "quarter": 4,
            "eps": 0.22,
            "eps_growth_year": null,
            "eps_4q": 1.23,
            "eps_4q_growth_year": null,
            "roe": 1.41,
            "gross_profit": 36237,
            "gross_margin": 25.68,
            "net_income": 3888,
            "revenue": 141126,
            "common_shares": 175887,
            "equity": 277247,
            "current_ratio": 176.07,
            "debt_ratio": 40.73,
            "inventory_turnover_ratio": 1.45,
            "account_receivable_turnover_ratio": 0.7,
            "reinvestment_rate": null,
            "research_to_sale_ratio": 3.21,
            "price_fair": 2.64,
            "eps_avg_yearly": 0.88,
            "eps_latest_yearly": 0.88,
            "eps_growth_yearly": -312
        },
        "20131": {
            "year_quarter": 20131,
            "year": 2013,
            "quarter": 1,
            "eps": 0.76,
            "eps_growth_year": null,
            "eps_4q": 1.98,
            "eps_4q_growth_year": null,
            "roe": 4.7,
            "gross_profit": 41357,
            "gross_margin": 27.59,
            "net_income": 13343,
            "revenue": 149874,
            "common_shares": 175887,
            "equity": 290204,
            "current_ratio": 170.39,
            "debt_ratio": 43.43,
            "inventory_turnover_ratio": 1.72,
            "account_receivable_turnover_ratio": 0.91,
            "reinvestment_rate": null,
            "research_to_sale_ratio": 2.97,
            "price_fair": 68.6,
            "eps_avg_yearly": 1.96,
            "eps_latest_yearly": 3.04,
            "eps_growth_yearly": 334.91
        },
        "20132": {
            "year_quarter": 20132,
            "year": 2013,
            "quarter": 2,
            "eps": 0.45,
            "eps_growth_year": null,
            "eps_4q": 2.14,
            "eps_4q_growth_year": null,
            "roe": 2.81,
            "gross_profit": 44717,
            "gross_margin": 31.56,
            "net_income": 8518,
            "revenue": 141681,
            "common_shares": 193397,
            "equity": 315489,
            "current_ratio": 189.66,
            "debt_ratio": 39.57,
            "inventory_turnover_ratio": 1.43,
            "account_receivable_turnover_ratio": 0.89,
            "reinvestment_rate": null,
            "research_to_sale_ratio": 3.61,
            "price_fair": 66.73,
            "eps_avg_yearly": 1.91,
            "eps_latest_yearly": 1.8,
            "eps_growth_yearly": 168.89
        },
        "20133": {
            "year_quarter": 20133,
            "year": 2013,
            "quarter": 3,
            "eps": 0.1,
            "eps_growth_year": -90.04,
            "eps_4q": 1.37,
            "eps_4q_growth_year": 36.73,
            "roe": 0.67,
            "gross_profit": 39372,
            "gross_margin": 25.48,
            "net_income": 2130,
            "revenue": 154546,
            "common_shares": 203067,
            "equity": 316530,
            "current_ratio": 198.54,
            "debt_ratio": 37.45,
            "inventory_turnover_ratio": 1.67,
            "account_receivable_turnover_ratio": 0.98,
            "reinvestment_rate": null,
            "research_to_sale_ratio": 3.69,
            "price_fair": 53.55,
            "eps_avg_yearly": 1.53,
            "eps_latest_yearly": 0.4,
            "eps_growth_yearly": 48.89
        },
        "20134": {
            "year_quarter": 20134,
            "year": 2013,
            "quarter": 4,
            "eps": 0.41,
            "eps_growth_year": 84.73,
            "eps_4q": 1.59,
            "eps_4q_growth_year": 29.76,
            "roe": 2.58,
            "gross_profit": 45621,
            "gross_margin": 27.52,
            "net_income": 8292,
            "revenue": 165797,
            "common_shares": 203067,
            "equity": 326581,
            "current_ratio": 177.23,
            "debt_ratio": 42.48,
            "inventory_turnover_ratio": 1.6,
            "account_receivable_turnover_ratio": 1,
            "reinvestment_rate": null,
            "research_to_sale_ratio": 3.27,
            "price_fair": 54.32,
            "eps_avg_yearly": 1.55,
            "eps_latest_yearly": 1.64,
            "eps_growth_yearly": 287.11
        },
        "20141": {
            "year_quarter": 20141,
            "year": 2014,
            "quarter": 1,
            "eps": 0.96,
            "eps_growth_year": 26.32,
            "eps_4q": 1.89,
            "eps_4q_growth_year": -4.61,
            "roe": 5.8,
            "gross_profit": 55621,
            "gross_margin": 29.89,
            "net_income": 19487,
            "revenue": 186055,
            "common_shares": 203067,
            "equity": 345281,
            "current_ratio": 180.22,
            "debt_ratio": 41.35,
            "inventory_turnover_ratio": 1.62,
            "account_receivable_turnover_ratio": 1,
            "reinvestment_rate": null,
            "research_to_sale_ratio": 3.12,
            "price_fair": 67.67,
            "eps_avg_yearly": 1.93,
            "eps_latest_yearly": 3.84,
            "eps_growth_yearly": 328.69
        },
        "20142": {
            "year_quarter": 20142,
            "year": 2014,
            "quarter": 2,
            "eps": 0.54,
            "eps_growth_year": 20,
            "eps_4q": 1.91,
            "eps_4q_growth_year": -10.5,
            "roe": 3.16,
            "gross_profit": 53513,
            "gross_margin": 30.35,
            "net_income": 10884,
            "revenue": 176300,
            "common_shares": 203067,
            "equity": 344361,
            "current_ratio": 184.25,
            "debt_ratio": 39.73,
            "inventory_turnover_ratio": 1.75,
            "account_receivable_turnover_ratio": 0.85,
            "reinvestment_rate": null,
            "research_to_sale_ratio": 3.41,
            "price_fair": 68.8,
            "eps_avg_yearly": 1.97,
            "eps_latest_yearly": 2.16,
            "eps_growth_yearly": 256.73
        },
        "20143": {
            "year_quarter": 20143,
            "year": 2014,
            "quarter": 3,
            "eps": 0.79,
            "eps_growth_year": 690,
            "eps_4q": 2.61,
            "eps_4q_growth_year": 89.86,
            "roe": 4.76,
            "gross_profit": 53525,
            "gross_margin": 29.4,
            "net_income": 16915,
            "revenue": 182028,
            "common_shares": 213220,
            "equity": 366058,
            "current_ratio": 184.26,
            "debt_ratio": 39.81,
            "inventory_turnover_ratio": 1.8,
            "account_receivable_turnover_ratio": 0.9,
            "reinvestment_rate": null,
            "research_to_sale_ratio": 3.46,
            "price_fair": 74.03,
            "eps_avg_yearly": 2.12,
            "eps_latest_yearly": 3.16,
            "eps_growth_yearly": 247.79
        },
        "20144": {
            "year_quarter": 20144,
            "year": 2014,
            "quarter": 4,
            "eps": 0.58,
            "eps_growth_year": 43,
            "eps_4q": 2.8,
            "eps_4q_growth_year": 76.23,
            "roe": 3.32,
            "gross_profit": 47450,
            "gross_margin": 28.94,
            "net_income": 12450,
            "revenue": 163980,
            "common_shares": 213220,
            "equity": 383504,
            "current_ratio": 184.47,
            "debt_ratio": 40.09,
            "inventory_turnover_ratio": 1.41,
            "account_receivable_turnover_ratio": 0.86,
            "reinvestment_rate": null,
            "research_to_sale_ratio": 4.41,
            "price_fair": 74.82,
            "eps_avg_yearly": 2.14,
            "eps_latest_yearly": 2.32,
            "eps_growth_yearly": 208.44
        },
        "20151": {
            "year_quarter": 20151,
            "year": 2015,
            "quarter": 1,
            "eps": 1.1,
            "eps_growth_year": 14.58,
            "eps_4q": 2.99,
            "eps_4q_growth_year": 57.95,
            "roe": 5.89,
            "gross_profit": 74477,
            "gross_margin": 32.81,
            "net_income": 23480,
            "revenue": 226996,
            "common_shares": 213220,
            "equity": 413512,
            "current_ratio": 245.46,
            "debt_ratio": 53.2,
            "inventory_turnover_ratio": 1.64,
            "account_receivable_turnover_ratio": 1.06,
            "reinvestment_rate": null,
            "research_to_sale_ratio": 2.35,
            "price_fair": 82.74,
            "eps_avg_yearly": 2.36,
            "eps_latest_yearly": 4.4,
            "eps_growth_yearly": 223.46
        },
        "20152": {
            "year_quarter": 20152,
            "year": 2015,
            "quarter": 2,
            "eps": 0.75,
            "eps_growth_year": 38.89,
            "eps_4q": 3.22,
            "eps_4q_growth_year": 68.49,
            "roe": 3.98,
            "gross_profit": 61788,
            "gross_margin": 28.13,
            "net_income": 15888,
            "revenue": 219651,
            "common_shares": 213220,
            "equity": 385014,
            "current_ratio": 180.11,
            "debt_ratio": 58.3,
            "inventory_turnover_ratio": 1.61,
            "account_receivable_turnover_ratio": 0.9,
            "reinvestment_rate": 82.81,
            "research_to_sale_ratio": 2.45,
            "price_fair": 84.76,
            "eps_avg_yearly": 2.42,
            "eps_latest_yearly": 3,
            "eps_growth_yearly": 191.58
        },
        "20153": {
            "year_quarter": 20153,
            "year": 2015,
            "quarter": 3,
            "eps": 0.86,
            "eps_growth_year": 8.86,
            "eps_4q": 3.07,
            "eps_4q_growth_year": 17.66,
            "roe": 4.45,
            "gross_profit": 48228,
            "gross_margin": 30.34,
            "net_income": 19331,
            "revenue": 158958,
            "common_shares": 231989,
            "equity": 483799,
            "current_ratio": 200.28,
            "debt_ratio": 46.16,
            "inventory_turnover_ratio": 1.03,
            "account_receivable_turnover_ratio": 0.77,
            "reinvestment_rate": 80.91,
            "research_to_sale_ratio": 3.45,
            "price_fair": 87.73,
            "eps_avg_yearly": 2.51,
            "eps_latest_yearly": 3.44,
            "eps_growth_yearly": 180.5
        },
        "20154": {
            "year_quarter": 20154,
            "year": 2015,
            "quarter": 4,
            "eps": 0.8,
            "eps_growth_year": 36.66,
            "eps_4q": 3.16,
            "eps_4q_growth_year": 12.77,
            "roe": 3.8,
            "gross_profit": 65007,
            "gross_margin": 29.71,
            "net_income": 19835,
            "revenue": 218800,
            "common_shares": 231989,
            "equity": 560579,
            "current_ratio": 209.8,
            "debt_ratio": 38.1,
            "inventory_turnover_ratio": 1.27,
            "account_receivable_turnover_ratio": 1.11,
            "reinvestment_rate": 47.91,
            "research_to_sale_ratio": 2.96,
            "price_fair": 89.6,
            "eps_avg_yearly": 2.56,
            "eps_latest_yearly": 3.2,
            "eps_growth_yearly": 164.47
        },
        "20161": {
            "year_quarter": 20161,
            "year": 2016,
            "quarter": 1,
            "eps": 0.45,
            "eps_growth_year": -59.09,
            "eps_4q": 2.67,
            "eps_4q_growth_year": -10.68,
            "roe": 2,
            "gross_profit": 63218,
            "gross_margin": 30.19,
            "net_income": 11303,
            "revenue": 209419,
            "common_shares": 248566,
            "equity": 569228,
            "current_ratio": 166.5,
            "debt_ratio": 39.28,
            "inventory_turnover_ratio": 1.17,
            "account_receivable_turnover_ratio": 0.95,
            "reinvestment_rate": 81.12,
            "research_to_sale_ratio": 3.96,
            "price_fair": 87.7,
            "eps_avg_yearly": 2.51,
            "eps_latest_yearly": 1.8,
            "eps_growth_yearly": 140.22
        },
        "20162": {
            "year_quarter": 20162,
            "year": 2016,
            "quarter": 2,
            "eps": 0.63,
            "eps_growth_year": -16,
            "eps_4q": 2.66,
            "eps_4q_growth_year": -17.4,
            "roe": 2.86,
            "gross_profit": 69689,
            "gross_margin": 27.37,
            "net_income": 15713,
            "revenue": 254610,
            "common_shares": 248566,
            "equity": 529232,
            "current_ratio": 151.56,
            "debt_ratio": 42.88,
            "inventory_turnover_ratio": 1.71,
            "account_receivable_turnover_ratio": 1.11,
            "reinvestment_rate": 45.96,
            "research_to_sale_ratio": 3.8,
            "price_fair": 87.73,
            "eps_avg_yearly": 2.51,
            "eps_latest_yearly": 2.52,
            "eps_growth_yearly": 141.54
        },
        "20163": {
            "year_quarter": 20163,
            "year": 2016,
            "quarter": 3,
            "eps": 0.66,
            "eps_growth_year": -23.26,
            "eps_4q": 2.54,
            "eps_4q_growth_year": -17.13,
            "roe": 3.06,
            "gross_profit": 67581,
            "gross_margin": 31.77,
            "net_income": 16333,
            "revenue": 212744,
            "common_shares": 248566,
            "equity": 537815,
            "current_ratio": 169.45,
            "debt_ratio": 36.2,
            "inventory_turnover_ratio": 1.91,
            "account_receivable_turnover_ratio": 0.93,
            "reinvestment_rate": 44.22,
            "research_to_sale_ratio": 4.87,
            "price_fair": 88.03,
            "eps_avg_yearly": 2.52,
            "eps_latest_yearly": 2.64,
            "eps_growth_yearly": 133.88
        },
        "20164": {
            "year_quarter": 20164,
            "year": 2016,
            "quarter": 4,
            "eps": 0.58,
            "eps_growth_year": -27.89,
            "eps_4q": 2.32,
            "eps_4q_growth_year": -26.6,
            "roe": 2.62,
            "gross_profit": 58362,
            "gross_margin": 29.45,
            "net_income": 14305,
            "revenue": 198184,
            "common_shares": 248594,
            "equity": 552280,
            "current_ratio": 172.05,
            "debt_ratio": 36.69,
            "inventory_turnover_ratio": 2.16,
            "account_receivable_turnover_ratio": 0.98,
            "reinvestment_rate": 47.07,
            "research_to_sale_ratio": 5.69,
            "price_fair": 91.18,
            "eps_avg_yearly": 2.61,
            "eps_latest_yearly": 2.32,
            "eps_growth_yearly": 150.35
        },
        "20171": {
            "year_quarter": 20171,
            "year": 2017,
            "quarter": 1,
            "eps": 0.36,
            "eps_growth_year": -20,
            "eps_4q": 2.22,
            "eps_4q_growth_year": -16.69,
            "roe": 1.64,
            "gross_profit": 57171,
            "gross_margin": 30.91,
            "net_income": 8999,
            "revenue": 184989,
            "common_shares": 248594,
            "equity": 545868,
            "current_ratio": 179.45,
            "debt_ratio": 34.93,
            "inventory_turnover_ratio": 2.02,
            "account_receivable_turnover_ratio": 1.01,
            "reinvestment_rate": 77.52,
            "research_to_sale_ratio": 4.1,
            "price_fair": 87.68,
            "eps_avg_yearly": 2.51,
            "eps_latest_yearly": 1.44,
            "eps_growth_yearly": 79.51
        },
        "20172": {
            "year_quarter": 20172,
            "year": 2017,
            "quarter": 2,
            "eps": 0.26,
            "eps_growth_year": -58.73,
            "eps_4q": 1.86,
            "eps_4q_growth_year": -30.27,
            "roe": 1.25,
            "gross_profit": 44222,
            "gross_margin": 26.86,
            "net_income": 6570,
            "revenue": 164646,
            "common_shares": 248877,
            "equity": 507489,
            "current_ratio": 152.46,
            "debt_ratio": 39.81,
            "inventory_turnover_ratio": 2.2,
            "account_receivable_turnover_ratio": 0.98,
            "reinvestment_rate": 88.36,
            "research_to_sale_ratio": 3.93,
            "price_fair": 86.01,
            "eps_avg_yearly": 2.46,
            "eps_latest_yearly": 1.04,
            "eps_growth_yearly": 82.76
        },
        "20173": {
            "year_quarter": 20173,
            "year": 2017,
            "quarter": 3,
            "eps": 0.43,
            "eps_growth_year": -34.85,
            "eps_4q": 1.63,
            "eps_4q_growth_year": -35.8,
            "roe": 2.09,
            "gross_profit": 61861,
            "gross_margin": 31.79,
            "net_income": 10739,
            "revenue": 194572,
            "common_shares": 248877,
            "equity": 522122,
            "current_ratio": 154.8,
            "debt_ratio": 38.88,
            "inventory_turnover_ratio": 2.2,
            "account_receivable_turnover_ratio": 1.13,
            "reinvestment_rate": 84.05,
            "research_to_sale_ratio": 5.27,
            "price_fair": 88.9,
            "eps_avg_yearly": 2.54,
            "eps_latest_yearly": 1.72,
            "eps_growth_yearly": 118.55
        },
        "20174": {
            "year_quarter": 20174,
            "year": 2017,
            "quarter": 4,
            "eps": 0.87,
            "eps_growth_year": 50.64,
            "eps_4q": 1.92,
            "eps_4q_growth_year": -17.04,
            "roe": 4.05,
            "gross_profit": 76899,
            "gross_margin": 33.98,
            "net_income": 21574,
            "revenue": 226300,
            "common_shares": 248877,
            "equity": 544106,
            "current_ratio": 159.2,
            "debt_ratio": 38.88,
            "inventory_turnover_ratio": 2.06,
            "account_receivable_turnover_ratio": 1.11,
            "reinvestment_rate": 75.92,
            "research_to_sale_ratio": 5.12,
            "price_fair": 92.93,
            "eps_avg_yearly": 2.66,
            "eps_latest_yearly": 3.48,
            "eps_growth_yearly": 66.63
        },
        "20181": {
            "year_quarter": 20181,
            "year": 2018,
            "quarter": 1,
            "eps": -0.02,
            "eps_growth_year": -105.56,
            "eps_4q": 1.44,
            "eps_4q_growth_year": -35.45,
            "roe": -0.09,
            "gross_profit": 51536,
            "gross_margin": 27.52,
            "net_income": -490,
            "revenue": 187259,
            "common_shares": 267418,
            "equity": 605527,
            "current_ratio": 216.18,
            "debt_ratio": 27.63,
            "inventory_turnover_ratio": 1.73,
            "account_receivable_turnover_ratio": 0.93,
            "reinvestment_rate": 75.66,
            "research_to_sale_ratio": 5.62,
            "price_fair": 90.16,
            "eps_avg_yearly": 2.58,
            "eps_latest_yearly": 3.48,
            "eps_growth_yearly": 35.3
        },
        "20182": {
            "year_quarter": 20182,
            "year": 2018,
            "quarter": 2,
            "eps": 0.21,
            "eps_growth_year": -19.23,
            "eps_4q": 1.39,
            "eps_4q_growth_year": -24.97,
            "roe": 0.94,
            "gross_profit": 47480,
            "gross_margin": 26.35,
            "net_income": 5429,
            "revenue": 180209,
            "common_shares": 267418,
            "equity": 554470,
            "current_ratio": 175.86,
            "debt_ratio": 34.49,
            "inventory_turnover_ratio": 1.62,
            "account_receivable_turnover_ratio": 1.01,
            "reinvestment_rate": 74.97,
            "research_to_sale_ratio": 6.62,
            "price_fair": 91.2,
            "eps_avg_yearly": 2.61,
            "eps_latest_yearly": 3.48,
            "eps_growth_yearly": 50.32
        },
        "20183": {
            "year_quarter": 20183,
            "year": 2018,
            "quarter": 3,
            "eps": 0.5,
            "eps_growth_year": 16.28,
            "eps_4q": 1.49,
            "eps_4q_growth_year": -8.84,
            "roe": 2.38,
            "gross_profit": 63368,
            "gross_margin": 32.95,
            "net_income": 13266,
            "revenue": 192307,
            "common_shares": 267418,
            "equity": 561066,
            "current_ratio": 186.41,
            "debt_ratio": 32.96,
            "inventory_turnover_ratio": 1.71,
            "account_receivable_turnover_ratio": 1.02,
            "reinvestment_rate": 67.71,
            "research_to_sale_ratio": 5.8,
            "price_fair": 88.3,
            "eps_avg_yearly": 2.52,
            "eps_latest_yearly": 2,
            "eps_growth_yearly": 76.55
        },
        "20184": {
            "year_quarter": 20184,
            "year": 2018,
            "quarter": 4,
            "eps": 0.14,
            "eps_growth_year": -83.47,
            "eps_4q": 0.76,
            "eps_4q_growth_year": -60.68,
            "roe": 0.71,
            "gross_profit": 48397,
            "gross_margin": 27.07,
            "net_income": 4254,
            "revenue": 178759,
            "common_shares": 296918,
            "equity": 639650,
            "current_ratio": 229.53,
            "debt_ratio": 27.03,
            "inventory_turnover_ratio": 1.85,
            "account_receivable_turnover_ratio": 0.91,
            "reinvestment_rate": 73.66,
            "research_to_sale_ratio": 6.32,
            "price_fair": 83.9,
            "eps_avg_yearly": 2.4,
            "eps_latest_yearly": 0.56,
            "eps_growth_yearly": 63.58
        },
        "20191": {
            "year_quarter": 20191,
            "year": 2019,
            "quarter": 1,
            "eps": -0.01,
            "eps_growth_year": null,
            "eps_4q": 0.77,
            "eps_4q_growth_year": -46.58,
            "roe": -0.03,
            "gross_profit": 52535,
            "gross_margin": 32.03,
            "net_income": -177,
            "revenue": 164005,
            "common_shares": 296918,
            "equity": 644092,
            "current_ratio": 254.06,
            "debt_ratio": 23.78,
            "inventory_turnover_ratio": 1.67,
            "account_receivable_turnover_ratio": 0.89,
            "reinvestment_rate": 71.18,
            "research_to_sale_ratio": 5.31,
            "price_fair": 78.51,
            "eps_avg_yearly": 2.24,
            "eps_latest_yearly": 0.56,
            "eps_growth_yearly": 40.88
        },
        "20192": {
            "year_quarter": 20192,
            "year": 2019,
            "quarter": 2,
            "eps": -0.13,
            "eps_growth_year": -161.9,
            "eps_4q": 0.44,
            "eps_4q_growth_year": -68.09,
            "roe": -0.61,
            "gross_profit": 49135,
            "gross_margin": 30.21,
            "net_income": -3882,
            "revenue": 162638,
            "common_shares": 296918,
            "equity": 624775,
            "current_ratio": 237.23,
            "debt_ratio": 25.76,
            "inventory_turnover_ratio": 1.81,
            "account_receivable_turnover_ratio": 0.92,
            "reinvestment_rate": 14.11,
            "research_to_sale_ratio": 7.07,
            "price_fair": 76.3,
            "eps_avg_yearly": 2.18,
            "eps_latest_yearly": 0.56,
            "eps_growth_yearly": 54.89
        },
        "20193": {
            "year_quarter": 20193,
            "year": 2019,
            "quarter": 3,
            "eps": -0.16,
            "eps_growth_year": -132,
            "eps_4q": -0.15,
            "eps_4q_growth_year": -110.05,
            "roe": -0.77,
            "gross_profit": 57157,
            "gross_margin": 32.34,
            "net_income": -4760,
            "revenue": 176726,
            "common_shares": 305277,
            "equity": 616317,
            "current_ratio": 232.98,
            "debt_ratio": 26.19,
            "inventory_turnover_ratio": 1.98,
            "account_receivable_turnover_ratio": 0.97,
            "reinvestment_rate": 2.53,
            "research_to_sale_ratio": 7.94,
            "price_fair": 72.29,
            "eps_avg_yearly": 2.07,
            "eps_latest_yearly": 0.56,
            "eps_growth_yearly": 54.55
        },
        "20194": {
            "year_quarter": 20194,
            "year": 2019,
            "quarter": 4,
            "eps": 0.01,
            "eps_growth_year": -95.95,
            "eps_4q": -0.28,
            "eps_4q_growth_year": -137.43,
            "roe": 0.03,
            "gross_profit": 66604,
            "gross_margin": 35.88,
            "net_income": 177,
            "revenue": 185646,
            "common_shares": 305277,
            "equity": 613855,
            "current_ratio": 217.77,
            "debt_ratio": 27.77,
            "inventory_turnover_ratio": 1.77,
            "account_receivable_turnover_ratio": 0.94,
            "reinvestment_rate": 4.29,
            "research_to_sale_ratio": 9.01,
            "price_fair": 68.32,
            "eps_avg_yearly": 1.95,
            "eps_latest_yearly": 0.56,
            "eps_growth_yearly": 62.79
        },
        "20201": {
            "year_quarter": 20201,
            "year": 2020,
            "quarter": 1,
            "eps": -0.19,
            "eps_growth_year": null,
            "eps_4q": -0.47,
            "eps_4q_growth_year": -161.05,
            "roe": -0.96,
            "gross_profit": 54573,
            "gross_margin": 36.19,
            "net_income": -5829,
            "revenue": 150815,
            "common_shares": 305277,
            "equity": 605468,
            "current_ratio": 200.04,
            "debt_ratio": 30.8,
            "inventory_turnover_ratio": 1.19,
            "account_receivable_turnover_ratio": 0.75,
            "reinvestment_rate": 0.81,
            "research_to_sale_ratio": 8.48,
            "price_fair": 68.91,
            "eps_avg_yearly": 1.97,
            "eps_latest_yearly": 0.56,
            "eps_growth_yearly": 89.22
        },
        "20202": {
            "year_quarter": 20202,
            "year": 2020,
            "quarter": 2,
            "eps": 0.88,
            "eps_growth_year": null,
            "eps_4q": 0.54,
            "eps_4q_growth_year": 20.51,
            "roe": 4.34,
            "gross_profit": 92129,
            "gross_margin": 39.13,
            "net_income": 26763,
            "revenue": 235418,
            "common_shares": 305277,
            "equity": 628798,
            "current_ratio": 201.05,
            "debt_ratio": 31.5,
            "inventory_turnover_ratio": 1.83,
            "account_receivable_turnover_ratio": 1.11,
            "reinvestment_rate": 6.26,
            "research_to_sale_ratio": 6.66,
            "price_fair": 66.5,
            "eps_avg_yearly": 1.9,
            "eps_latest_yearly": 0.56,
            "eps_growth_yearly": 80.37
        },
        "20203": {
            "year_quarter": 20203,
            "year": 2020,
            "quarter": 3,
            "eps": -0.05,
            "eps_growth_year": null,
            "eps_4q": 0.64,
            "eps_4q_growth_year": null,
            "roe": -0.24,
            "gross_profit": 61209,
            "gross_margin": 32.85,
            "net_income": -1516,
            "revenue": 186355,
            "common_shares": 305277,
            "equity": 642036,
            "current_ratio": 246.87,
            "debt_ratio": 37.01,
            "inventory_turnover_ratio": 1.7,
            "account_receivable_turnover_ratio": 0.86,
            "reinvestment_rate": 12.03,
            "research_to_sale_ratio": 8.73,
            "price_fair": 62.8,
            "eps_avg_yearly": 1.79,
            "eps_latest_yearly": 0.56,
            "eps_growth_yearly": 89.13
        },
        "20204": {
            "year_quarter": 20204,
            "year": 2020,
            "quarter": 4,
            "eps": -0.21,
            "eps_growth_year": -3749.72,
            "eps_4q": 0.42,
            "eps_4q_growth_year": null,
            "roe": -1,
            "gross_profit": 58207,
            "gross_margin": 31.95,
            "net_income": -6460,
            "revenue": 182205,
            "common_shares": 305277,
            "equity": 645176,
            "current_ratio": 245.05,
            "debt_ratio": 36.05,
            "inventory_turnover_ratio": 1.6,
            "account_receivable_turnover_ratio": 0.91,
            "reinvestment_rate": 64.86,
            "research_to_sale_ratio": 9.8,
            "price_fair": 59.73,
            "eps_avg_yearly": 1.71,
            "eps_latest_yearly": 0.56,
            "eps_growth_yearly": 112.06
        },
        "20211": {
            "year_quarter": 20211,
            "year": 2021,
            "quarter": 1,
            "eps": 0.02,
            "eps_growth_year": null,
            "eps_4q": 0.63,
            "eps_4q_growth_year": null,
            "roe": 0.08,
            "gross_profit": 61019,
            "gross_margin": 30.66,
            "net_income": 515,
            "revenue": 199035,
            "common_shares": 305277,
            "equity": 644464,
            "current_ratio": 239.26,
            "debt_ratio": 41.19,
            "inventory_turnover_ratio": 1.65,
            "account_receivable_turnover_ratio": 0.93,
            "reinvestment_rate": 208.02,
            "research_to_sale_ratio": 8.53,
            "price_fair": 61.6,
            "eps_avg_yearly": 1.76,
            "eps_latest_yearly": 0.56,
            "eps_growth_yearly": 164.82
        },
        "20212": {
            "year_quarter": 20212,
            "year": 2021,
            "quarter": 2,
            "eps": 0.76,
            "eps_growth_year": -13.64,
            "eps_4q": 0.51,
            "eps_4q_growth_year": -4.17,
            "roe": 3.53,
            "gross_profit": 107715,
            "gross_margin": 36.49,
            "net_income": 23181,
            "revenue": 295185,
            "common_shares": 306277,
            "equity": 667941,
            "current_ratio": 219.09,
            "debt_ratio": 43.17,
            "inventory_turnover_ratio": 2.19,
            "account_receivable_turnover_ratio": 1.1,
            "reinvestment_rate": 148.24,
            "research_to_sale_ratio": 6.38,
            "price_fair": 75.6,
            "eps_avg_yearly": 2.16,
            "eps_latest_yearly": 3.04,
            "eps_growth_yearly": 3147.04
        },
        "20213": {
            "year_quarter": 20213,
            "year": 2021,
            "quarter": 3,
            "eps": 0.39,
            "eps_growth_year": null,
            "eps_4q": 0.96,
            "eps_4q_growth_year": 49.11,
            "roe": 1.81,
            "gross_profit": 94773,
            "gross_margin": 36,
            "net_income": 12077,
            "revenue": 263224,
            "common_shares": 306277,
            "equity": 665475,
            "current_ratio": 212.04,
            "debt_ratio": 44.07,
            "inventory_turnover_ratio": 1.96,
            "account_receivable_turnover_ratio": 0.84,
            "reinvestment_rate": 147.87,
            "research_to_sale_ratio": 7.38,
            "price_fair": 74.48,
            "eps_avg_yearly": 2.13,
            "eps_latest_yearly": 1.56,
            "eps_growth_yearly": 3055.79
        },
        "20214": {
            "year_quarter": 20214,
            "year": 2021,
            "quarter": 4,
            "eps": 0.12,
            "eps_growth_year": null,
            "eps_4q": 1.29,
            "eps_4q_growth_year": 204.15,
            "roe": 0.56,
            "gross_profit": 75972,
            "gross_margin": 33.71,
            "net_income": 3768,
            "revenue": 225366,
            "common_shares": 306277,
            "equity": 673427,
            "current_ratio": 217.1,
            "debt_ratio": 43.07,
            "inventory_turnover_ratio": 1.53,
            "account_receivable_turnover_ratio": 0.78,
            "reinvestment_rate": 196.35,
            "research_to_sale_ratio": 6.46,
            "price_fair": 53.48,
            "eps_avg_yearly": 1.53,
            "eps_latest_yearly": 0.48,
            "eps_growth_yearly": 2918.54
        },
        "20221": {
            "year_quarter": 20221,
            "year": 2022,
            "quarter": 1,
            "eps": 0.93,
            "eps_growth_year": 4550,
            "eps_4q": 2.1,
            "eps_4q_growth_year": 231.53,
            "roe": 3.92,
            "gross_profit": 99130,
            "gross_margin": 36.83,
            "net_income": 28865,
            "revenue": 269138,
            "common_shares": 323877,
            "equity": 799913,
            "current_ratio": 277.05,
            "debt_ratio": 44.24,
            "inventory_turnover_ratio": 1.48,
            "account_receivable_turnover_ratio": 0.94,
            "reinvestment_rate": 152.51,
            "research_to_sale_ratio": 5.79,
            "price_fair": 66.27,
            "eps_avg_yearly": 1.89,
            "eps_latest_yearly": 3.72,
            "eps_growth_yearly": 2882.12
        },
        "20222": {
            "year_quarter": 20222,
            "year": 2022,
            "quarter": 2,
            "eps": 0.98,
            "eps_growth_year": 28.95,
            "eps_4q": 2.36,
            "eps_4q_growth_year": 359.53,
            "roe": 3.97,
            "gross_profit": 109678,
            "gross_margin": 32.73,
            "net_income": 31680,
            "revenue": 335098,
            "common_shares": 323877,
            "equity": 795737,
            "current_ratio": 240.92,
            "debt_ratio": 47.83,
            "inventory_turnover_ratio": 1.94,
            "account_receivable_turnover_ratio": 0.93,
            "reinvestment_rate": 114.52,
            "research_to_sale_ratio": 5.23,
            "price_fair": 76.4,
            "eps_avg_yearly": 2.18,
            "eps_latest_yearly": 3.92,
            "eps_growth_yearly": 2473.46
        },
        "20223": {
            "year_quarter": 20223,
            "year": 2022,
            "quarter": 3,
            "eps": 1.24,
            "eps_growth_year": 217.95,
            "eps_4q": 3.22,
            "eps_4q_growth_year": 236.92,
            "roe": 4.89,
            "gross_profit": 111268,
            "gross_margin": 38.44,
            "net_income": 40123,
            "revenue": 289473,
            "common_shares": 323877,
            "equity": 846498,
            "current_ratio": 210.33,
            "debt_ratio": 44.98,
            "inventory_turnover_ratio": 1.63,
            "account_receivable_turnover_ratio": 0.77,
            "reinvestment_rate": 101.8,
            "research_to_sale_ratio": 5.89,
            "price_fair": 91.2,
            "eps_avg_yearly": 2.61,
            "eps_latest_yearly": 4.96,
            "eps_growth_yearly": 2409.71
        },
        "20224": {
            "year_quarter": 20224,
            "year": 2022,
            "quarter": 4,
            "eps": 0.65,
            "eps_growth_year": 424.53,
            "eps_4q": 3.73,
            "eps_4q_growth_year": 189.26,
            "roe": 2.45,
            "gross_profit": 114112,
            "gross_margin": 42.2,
            "net_income": 21029,
            "revenue": 270434,
            "common_shares": 323877,
            "equity": 873347,
            "current_ratio": 212.58,
            "debt_ratio": 44.06,
            "inventory_turnover_ratio": 1.4,
            "account_receivable_turnover_ratio": 0.84,
            "reinvestment_rate": 81.78,
            "research_to_sale_ratio": 6.84,
            "price_fair": 101.4,
            "eps_avg_yearly": 2.9,
            "eps_latest_yearly": 2.6,
            "eps_growth_yearly": 2423.66
        },
        "20231": {
            "year_quarter": 20231,
            "year": 2023,
            "quarter": 1,
            "eps": 0.38,
            "eps_growth_year": -59.14,
            "eps_4q": 3.23,
            "eps_4q_growth_year": 53.96,
            "roe": 1.4,
            "gross_profit": 89061,
            "gross_margin": 38.43,
            "net_income": 12341,
            "revenue": 231735,
            "common_shares": 325877,
            "equity": 892503,
            "current_ratio": 170,
            "debt_ratio": 40.05,
            "inventory_turnover_ratio": 1.32,
            "account_receivable_turnover_ratio": 0.78,
            "reinvestment_rate": 72.49,
            "research_to_sale_ratio": 6.91,
            "price_fair": 95.38,
            "eps_avg_yearly": 2.73,
            "eps_latest_yearly": 1.52,
            "eps_growth_yearly": 2099.94
        }
    },
    "months": {
        "2012-03": {
            "month": "2012-03",
            "price": "17.80",
            "revenue": 50422
        },
        "2012-04": {
            "month": "2012-04",
            "price": "15.23",
            "revenue": 41465
        },
        "2012-05": {
            "month": "2012-05",
            "price": "14.78",
            "revenue": 50010
        },
        "2012-06": {
            "month": "2012-06",
            "price": "14.41",
            "revenue": 33190
        },
        "2012-07": {
            "month": "2012-07",
            "price": "15.61",
            "revenue": 55151
        },
        "2012-08": {
            "month": "2012-08",
            "price": "16.46",
            "revenue": 71923
        },
        "2012-09": {
            "month": "2012-09",
            "price": "16.64",
            "revenue": 50385
        },
        "2012-10": {
            "month": "2012-10",
            "price": "16.60",
            "revenue": 33964
        },
        "2012-11": {
            "month": "2012-11",
            "price": "17.08",
            "revenue": 29337
        },
        "2012-12": {
            "month": "2012-12",
            "price": "16.70",
            "revenue": 35077
        },
        "2013-01": {
            "month": "2013-01",
            "price": "18.01",
            "revenue": 42153
        },
        "2013-02": {
            "month": "2013-02",
            "price": "19.29",
            "revenue": 34153
        },
        "2013-03": {
            "month": "2013-03",
            "price": "22.40",
            "revenue": 73568
        },
        "2013-04": {
            "month": "2013-04",
            "price": "29.90",
            "revenue": 44126
        },
        "2013-05": {
            "month": "2013-05",
            "price": "31.27",
            "revenue": 45184
        },
        "2013-06": {
            "month": "2013-06",
            "price": "27.64",
            "revenue": 52372
        },
        "2013-07": {
            "month": "2013-07",
            "price": "28.23",
            "revenue": 60646
        },
        "2013-08": {
            "month": "2013-08",
            "price": "29.81",
            "revenue": 45426
        },
        "2013-09": {
            "month": "2013-09",
            "price": "26.36",
            "revenue": 48474
        },
        "2013-10": {
            "month": "2013-10",
            "price": "25.10",
            "revenue": 50769
        },
        "2013-11": {
            "month": "2013-11",
            "price": "23.04",
            "revenue": 55670
        },
        "2013-12": {
            "month": "2013-12",
            "price": "24.11",
            "revenue": 59358
        },
        "2014-01": {
            "month": "2014-01",
            "price": "25.71",
            "revenue": 65564
        },
        "2014-02": {
            "month": "2014-02",
            "price": "28.82",
            "revenue": 56317
        },
        "2014-03": {
            "month": "2014-03",
            "price": "29.90",
            "revenue": 64175
        },
        "2014-04": {
            "month": "2014-04",
            "price": "35.81",
            "revenue": 57232
        },
        "2014-05": {
            "month": "2014-05",
            "price": "39.95",
            "revenue": 63370
        },
        "2014-06": {
            "month": "2014-06",
            "price": "45.90",
            "revenue": 55698
        },
        "2014-07": {
            "month": "2014-07",
            "price": "49.90",
            "revenue": 56346
        },
        "2014-08": {
            "month": "2014-08",
            "price": "41.81",
            "revenue": 66475
        },
        "2014-09": {
            "month": "2014-09",
            "price": "40.60",
            "revenue": 59207
        },
        "2014-10": {
            "month": "2014-10",
            "price": "35.12",
            "revenue": 53151
        },
        "2014-11": {
            "month": "2014-11",
            "price": "34.55",
            "revenue": 60290
        },
        "2014-12": {
            "month": "2014-12",
            "price": "36.00",
            "revenue": 50541
        },
        "2015-01": {
            "month": "2015-01",
            "price": "38.83",
            "revenue": 82722
        },
        "2015-02": {
            "month": "2015-02",
            "price": "41.28",
            "revenue": 55480
        },
        "2015-03": {
            "month": "2015-03",
            "price": "43.77",
            "revenue": 88795
        },
        "2015-04": {
            "month": "2015-04",
            "price": "46.26",
            "revenue": 94842
        },
        "2015-05": {
            "month": "2015-05",
            "price": "52.41",
            "revenue": 70819
        },
        "2015-06": {
            "month": "2015-06",
            "price": "62.74",
            "revenue": 53989
        },
        "2015-07": {
            "month": "2015-07",
            "price": "50.29",
            "revenue": 53897
        },
        "2015-08": {
            "month": "2015-08",
            "price": "37.32",
            "revenue": 41948
        },
        "2015-09": {
            "month": "2015-09",
            "price": "42.06",
            "revenue": 63113
        },
        "2015-10": {
            "month": "2015-10",
            "price": "52.49",
            "revenue": 68309
        },
        "2015-11": {
            "month": "2015-11",
            "price": "52.35",
            "revenue": 64602
        },
        "2015-12": {
            "month": "2015-12",
            "price": "44.99",
            "revenue": 85889
        },
        "2016-01": {
            "month": "2016-01",
            "price": "40.43",
            "revenue": 91868
        },
        "2016-02": {
            "month": "2016-02",
            "price": "43.39",
            "revenue": 41899
        },
        "2016-03": {
            "month": "2016-03",
            "price": "43.97",
            "revenue": 75652
        },
        "2016-04": {
            "month": "2016-04",
            "price": "42.34",
            "revenue": 102158
        },
        "2016-05": {
            "month": "2016-05",
            "price": "42.41",
            "revenue": 78117
        },
        "2016-06": {
            "month": "2016-06",
            "price": "42.09",
            "revenue": 74335
        },
        "2016-07": {
            "month": "2016-07",
            "price": "40.16",
            "revenue": 76539
        },
        "2016-08": {
            "month": "2016-08",
            "price": "38.29",
            "revenue": 74461
        },
        "2016-09": {
            "month": "2016-09",
            "price": "38.79",
            "revenue": 61744
        },
        "2016-10": {
            "month": "2016-10",
            "price": "36.86",
            "revenue": 55613
        },
        "2016-11": {
            "month": "2016-11",
            "price": "32.63",
            "revenue": 67479
        },
        "2016-12": {
            "month": "2016-12",
            "price": "33.86",
            "revenue": 75099
        },
        "2017-01": {
            "month": "2017-01",
            "price": "35.94",
            "revenue": 62648
        },
        "2017-02": {
            "month": "2017-02",
            "price": "36.93",
            "revenue": 53444
        },
        "2017-03": {
            "month": "2017-03",
            "price": "38.89",
            "revenue": 68897
        },
        "2017-04": {
            "month": "2017-04",
            "price": "38.75",
            "revenue": 56210
        },
        "2017-05": {
            "month": "2017-05",
            "price": "35.70",
            "revenue": 52841
        },
        "2017-06": {
            "month": "2017-06",
            "price": "34.57",
            "revenue": 55596
        },
        "2017-07": {
            "month": "2017-07",
            "price": "33.59",
            "revenue": 55846
        },
        "2017-08": {
            "month": "2017-08",
            "price": "30.82",
            "revenue": 66577
        },
        "2017-09": {
            "month": "2017-09",
            "price": "30.07",
            "revenue": 72149
        },
        "2017-10": {
            "month": "2017-10",
            "price": "29.68",
            "revenue": 66961
        },
        "2017-11": {
            "month": "2017-11",
            "price": "30.40",
            "revenue": 82169
        },
        "2017-12": {
            "month": "2017-12",
            "price": "34.43",
            "revenue": 77170
        },
        "2018-01": {
            "month": "2018-01",
            "price": "34.26",
            "revenue": 77417
        },
        "2018-02": {
            "month": "2018-02",
            "price": "33.74",
            "revenue": 42746
        },
        "2018-03": {
            "month": "2018-03",
            "price": "34.66",
            "revenue": 67096
        },
        "2018-04": {
            "month": "2018-04",
            "price": "32.29",
            "revenue": 71027
        },
        "2018-05": {
            "month": "2018-05",
            "price": "28.20",
            "revenue": 54351
        },
        "2018-06": {
            "month": "2018-06",
            "price": "29.53",
            "revenue": 54831
        },
        "2018-07": {
            "month": "2018-07",
            "price": "30.99",
            "revenue": 68259
        },
        "2018-08": {
            "month": "2018-08",
            "price": "31.50",
            "revenue": 54137
        },
        "2018-09": {
            "month": "2018-09",
            "price": "29.48",
            "revenue": 69911
        },
        "2018-10": {
            "month": "2018-10",
            "price": "29.12",
            "revenue": 58209
        },
        "2018-11": {
            "month": "2018-11",
            "price": "29.40",
            "revenue": 64118
        },
        "2018-12": {
            "month": "2018-12",
            "price": "27.67",
            "revenue": 56432
        },
        "2019-01": {
            "month": "2019-01",
            "price": "25.30",
            "revenue": 61407
        },
        "2019-02": {
            "month": "2019-02",
            "price": "26.97",
            "revenue": 37691
        },
        "2019-03": {
            "month": "2019-03",
            "price": "28.58",
            "revenue": 64907
        },
        "2019-04": {
            "month": "2019-04",
            "price": "28.92",
            "revenue": 55913
        },
        "2019-05": {
            "month": "2019-05",
            "price": "28.74",
            "revenue": 55631
        },
        "2019-06": {
            "month": "2019-06",
            "price": "28.79",
            "revenue": 51095
        },
        "2019-07": {
            "month": "2019-07",
            "price": "30.41",
            "revenue": 61064
        },
        "2019-08": {
            "month": "2019-08",
            "price": "33.77",
            "revenue": 55183
        },
        "2019-09": {
            "month": "2019-09",
            "price": "32.47",
            "revenue": 60479
        },
        "2019-10": {
            "month": "2019-10",
            "price": "30.54",
            "revenue": 60396
        },
        "2019-11": {
            "month": "2019-11",
            "price": "30.40",
            "revenue": 60988
        },
        "2019-12": {
            "month": "2019-12",
            "price": "31.72",
            "revenue": 64262
        },
        "2020-01": {
            "month": "2020-01",
            "price": "32.15",
            "revenue": 59139
        },
        "2020-02": {
            "month": "2020-02",
            "price": "31.25",
            "revenue": 23719
        },
        "2020-03": {
            "month": "2020-03",
            "price": "26.76",
            "revenue": 67957
        },
        "2020-04": {
            "month": "2020-04",
            "price": "26.48",
            "revenue": 86224
        },
        "2020-05": {
            "month": "2020-05",
            "price": "34.41",
            "revenue": 77648
        },
        "2020-06": {
            "month": "2020-06",
            "price": "39.52",
            "revenue": 71547
        },
        "2020-07": {
            "month": "2020-07",
            "price": "43.27",
            "revenue": 69663
        },
        "2020-08": {
            "month": "2020-08",
            "price": "41.75",
            "revenue": 54770
        },
        "2020-09": {
            "month": "2020-09",
            "price": "40.39",
            "revenue": 61921
        },
        "2020-10": {
            "month": "2020-10",
            "price": "39.63",
            "revenue": 47617
        },
        "2020-11": {
            "month": "2020-11",
            "price": "38.90",
            "revenue": 60973
        },
        "2020-12": {
            "month": "2020-12",
            "price": "39.27",
            "revenue": 73616
        },
        "2021-01": {
            "month": "2021-01",
            "price": "44.08",
            "revenue": 76418
        },
        "2021-02": {
            "month": "2021-02",
            "price": "43.95",
            "revenue": 37824
        },
        "2021-03": {
            "month": "2021-03",
            "price": "42.54",
            "revenue": 84792
        },
        "2021-04": {
            "month": "2021-04",
            "price": "42.00",
            "revenue": 94057
        },
        "2021-05": {
            "month": "2021-05",
            "price": "40.88",
            "revenue": 93699
        },
        "2021-06": {
            "month": "2021-06",
            "price": "41.45",
            "revenue": 107429
        },
        "2021-07": {
            "month": "2021-07",
            "price": "45.77",
            "revenue": 95941
        },
        "2021-08": {
            "month": "2021-08",
            "price": "52.16",
            "revenue": 84421
        },
        "2021-09": {
            "month": "2021-09",
            "price": "52.00",
            "revenue": 82862
        },
        "2021-10": {
            "month": "2021-10",
            "price": "48.08",
            "revenue": 71448
        },
        "2021-11": {
            "month": "2021-11",
            "price": "51.38",
            "revenue": 84141
        },
        "2021-12": {
            "month": "2021-12",
            "price": "55.33",
            "revenue": 69778
        },
        "2022-01": {
            "month": "2022-01",
            "price": "61.36",
            "revenue": 100490
        },
        "2022-02": {
            "month": "2022-02",
            "price": "64.43",
            "revenue": 63681
        },
        "2022-03": {
            "month": "2022-03",
            "price": "63.83",
            "revenue": 104967
        },
        "2022-04": {
            "month": "2022-04",
            "price": "63.05",
            "revenue": 125833
        },
        "2022-05": {
            "month": "2022-05",
            "price": "61.85",
            "revenue": 114985
        },
        "2022-06": {
            "month": "2022-06",
            "price": "57.90",
            "revenue": 94280
        },
        "2022-07": {
            "month": "2022-07",
            "price": "51.20",
            "revenue": 91352
        },
        "2022-08": {
            "month": "2022-08",
            "price": "52.31",
            "revenue": 82739
        },
        "2022-09": {
            "month": "2022-09",
            "price": "51.66",
            "revenue": 115382
        },
        "2022-10": {
            "month": "2022-10",
            "price": "60.94",
            "revenue": 89342
        },
        "2022-11": {
            "month": "2022-11",
            "price": "63.90",
            "revenue": 102221
        },
        "2022-12": {
            "month": "2022-12",
            "price": "61.25",
            "revenue": 78872
        },
        "2023-01": {
            "month": "2023-01",
            "price": "61.85",
            "revenue": 69891
        },
        "2023-02": {
            "month": "2023-02",
            "price": "64.09",
            "revenue": 80729
        },
        "2023-03": {
            "month": "2023-03",
            "price": "65.69",
            "revenue": 81116
        },
        "2023-04": {
            "month": "2023-04",
            "price": "66.38",
            "revenue": 84251
        }
    }
}
