{
    "summary": {
        "stock_name": "南茂",
        "stock_id": "8150",
        "category": "半導體",
        "main_business": "研究開發生產製造銷售高集積度高精密度記憶體之封裝及測試服務<br>顯示器驅動IC封裝測試(含金凸塊)業務<br>混合訊號IC封裝測試業務",
        "website_url": "http://www.chipmos.com",
        "ceo": "鄭世杰",
        "pe_ratio": 12,
        "report_year_from": 2001,
        "report_year_to": 2023,
        "age": 22,
        "eps_negative_percentage": 0,
        "eps_growth_avg": {
            "last_all": 23.02,
            "last_2y": 19.27,
            "last_4y": 19.66,
            "last_8y": 23.02,
            "last_12y": null,
            "last_16y": null,
            "last_20y": null,
            "at_2006_last_3y": null,
            "at_2007_last_3y": null,
            "at_2008_last_3y": null,
            "at_2009_last_3y": null,
            "at_2010_last_3y": null,
            "at_2011_last_3y": null,
            "at_2012_last_3y": null,
            "at_2013_last_3y": null,
            "at_2014_last_3y": null,
            "at_2015_last_3y": null,
            "at_2016_last_3y": null,
            "at_2017_last_3y": 27.22,
            "at_2018_last_3y": -5.85,
            "at_2019_last_3y": 27.74,
            "at_2020_last_3y": 32.95,
            "at_2021_last_3y": 32.95,
            "at_2022_last_3y": 39.45,
            "at_2023_last_3y": 39.45,
            "at_2006_last_all": null,
            "at_2007_last_all": null,
            "at_2008_last_all": null,
            "at_2009_last_all": null,
            "at_2010_last_all": null,
            "at_2011_last_all": null,
            "at_2012_last_all": null,
            "at_2013_last_all": null,
            "at_2014_last_all": null,
            "at_2015_last_all": 19.2,
            "at_2016_last_all": 2.96,
            "at_2017_last_all": 27.22,
            "at_2018_last_all": 9.88,
            "at_2019_last_all": 24.9,
            "at_2020_last_all": 20.1,
            "at_2021_last_all": 30.08,
            "at_2022_last_all": 23.02,
            "at_2023_last_all": 23.02
        },
        "latest_eps": 3.23,
        "latest_price": 39.35,
        "latest_roe": 9.25,
        "latest_gross_margin": 12.37,
        "latest_equity": 25046492,
        "latest_revenue": 4605134,
        "latest_gross_profit": 569773,
        "latest_net_income": 202350,
        "latest_debt_ratio": 45.21,
        "latest_current_ratio": 336.22,
        "latest_account_receivable_turnover_ratio": 1.07,
        "latest_inventory_turnover_ratio": 1.32,
        "latest_reinvestment_rate": 27.17,
        "latest_research_to_sale_ratio": 5.53
    },
    "eps_dividends": {
        "2001": {
            "cash": 0,
            "stock": 0,
            "eps": 0
        },
        "2002": {
            "cash": 0,
            "stock": 0,
            "eps": 0
        },
        "2003": {
            "cash": 0,
            "stock": 0,
            "eps": 0
        },
        "2004": {
            "cash": 0,
            "stock": 0,
            "eps": 0
        },
        "2005": {
            "cash": 0.6,
            "stock": 0,
            "eps": 0
        },
        "2006": {
            "cash": 0.6,
            "stock": 0,
            "eps": 0
        },
        "2007": {
            "cash": 2,
            "stock": 0,
            "eps": 0
        },
        "2008": {
            "cash": 2,
            "stock": 0,
            "eps": 0
        },
        "2009": {
            "cash": 0,
            "stock": 0,
            "eps": 0
        },
        "2010": {
            "cash": 0,
            "stock": 0,
            "eps": 0
        },
        "2011": {
            "cash": 0,
            "stock": 0,
            "eps": 0
        },
        "2012": {
            "cash": 0,
            "stock": 0,
            "eps": 0
        },
        "2013": {
            "cash": 0.5,
            "stock": 0,
            "eps": 2.24
        },
        "2014": {
            "cash": 1.2,
            "stock": 0,
            "eps": 3.87
        },
        "2015": {
            "cash": 2.22,
            "stock": 0,
            "eps": 2.54
        },
        "2016": {
            "cash": 2,
            "stock": 0,
            "eps": 1.79
        },
        "2017": {
            "cash": 1,
            "stock": 0,
            "eps": 3.58
        },
        "2018": {
            "cash": 0.3,
            "stock": 0,
            "eps": 1.45
        },
        "2019": {
            "cash": 1.2,
            "stock": 0,
            "eps": 3.56
        },
        "2020": {
            "cash": 1.8,
            "stock": 0,
            "eps": 3.25
        },
        "2021": {
            "cash": 2.2,
            "stock": 0,
            "eps": 6.96
        },
        "2022": {
            "cash": 4.3,
            "stock": 0,
            "eps": 4.63
        },
        "2023": {
            "cash": 2.3,
            "stock": 0,
            "eps": 0.28
        }
    },
    "dividends": {
        "2005-03-24": {
            "cash": 0.6,
            "stock": 0
        },
        "2006-04-25": {
            "cash": 0.6,
            "stock": 0
        },
        "2007-04-12": {
            "cash": 2,
            "stock": 0
        },
        "2008-04-21": {
            "cash": 2,
            "stock": 0
        },
        "2013-03-13": {
            "cash": 0.5,
            "stock": 0
        },
        "2014-06-12": {
            "cash": 1.2,
            "stock": 0
        },
        "2015-07-17": {
            "cash": 2.22,
            "stock": 0
        },
        "2016-12-19": {
            "cash": 2,
            "stock": 0
        },
        "2017-07-12": {
            "cash": 1,
            "stock": 0
        },
        "2018-10-31": {
            "cash": 0.3,
            "stock": 0
        },
        "2019-08-30": {
            "cash": 1.2,
            "stock": 0
        },
        "2020-07-31": {
            "cash": 1.8,
            "stock": 0
        },
        "2021-08-31": {
            "cash": 2.2,
            "stock": 0
        },
        "2022-07-20": {
            "cash": 4.3,
            "stock": 0
        },
        "2023-07-20": {
            "cash": 2.3,
            "stock": 0
        }
    },
    "prices": {
        "200101": "無",
        "200102": "無",
        "200103": "無",
        "200104": "無",
        "200105": "無",
        "200106": "無",
        "200107": "無",
        "200108": "無",
        "200109": "無",
        "200110": "無",
        "200111": "無",
        "200112": "無",
        "200201": "無",
        "200202": "無",
        "200203": "無",
        "200204": "無",
        "200205": "無",
        "200206": "無",
        "200207": "無",
        "200208": "無",
        "200209": "無",
        "200210": "無",
        "200211": "無",
        "200212": "無",
        "200301": "無",
        "200302": "無",
        "200303": "無",
        "200304": "無",
        "200305": "無",
        "200306": "無",
        "200307": "無",
        "200308": "無",
        "200309": "無",
        "200310": "無",
        "200311": "無",
        "200312": "無",
        "200401": "無",
        "200402": "無",
        "200403": "無",
        "200404": "無",
        "200405": "無",
        "200406": "無",
        "200407": "無",
        "200408": "無",
        "200409": "無",
        "200410": "無",
        "200411": "無",
        "200412": "無",
        "200501": "無",
        "200502": "無",
        "200503": "無",
        "200504": "無",
        "200505": "無",
        "200506": "無",
        "200507": "無",
        "200508": "無",
        "200509": "無",
        "200510": "無",
        "200511": "無",
        "200512": "無",
        "200601": "無",
        "200602": "無",
        "200603": "無",
        "200604": "無",
        "200605": "無",
        "200606": "無",
        "200607": "無",
        "200608": "無",
        "200609": "無",
        "200610": "無",
        "200611": "無",
        "200612": "無",
        "200701": "無",
        "200702": "無",
        "200703": "無",
        "200704": "無",
        "200705": "無",
        "200706": "無",
        "200707": "無",
        "200708": "無",
        "200709": "無",
        "200710": "無",
        "200711": "無",
        "200712": "無",
        "200801": "無",
        "200802": "無",
        "200803": "無",
        "200804": "無",
        "200805": "無",
        "200806": "無",
        "200807": "無",
        "200808": "無",
        "200809": "無",
        "200810": "無",
        "200811": "無",
        "200812": "無",
        "200901": "無",
        "200902": "無",
        "200903": "無",
        "200904": "無",
        "200905": "無",
        "200906": "無",
        "200907": "無",
        "200908": "無",
        "200909": "無",
        "200910": "無",
        "200911": "無",
        "200912": "無",
        "201001": "無",
        "201002": "無",
        "201003": "無",
        "201004": "無",
        "201005": "無",
        "201006": "無",
        "201007": "無",
        "201008": "無",
        "201009": "無",
        "201010": "無",
        "201011": "無",
        "201012": "無",
        "201101": "無",
        "201102": "無",
        "201103": "無",
        "201104": "無",
        "201105": "無",
        "201106": "無",
        "201107": "無",
        "201108": "無",
        "201109": "無",
        "201110": "無",
        "201111": "無",
        "201112": "無",
        "201201": "無",
        "201202": "無",
        "201203": "無",
        "201204": "無",
        "201205": "無",
        "201206": "無",
        "201207": "無",
        "201208": "無",
        "201209": "無",
        "201210": "無",
        "201211": "無",
        "201212": "無",
        "201301": "無",
        "201302": "無",
        "201303": "無",
        "201304": "36.02",
        "201305": "31.11",
        "201306": "28.74",
        "201307": "29.19",
        "201308": "27.45",
        "201309": "23.78",
        "201310": "25.37",
        "201311": "25.01",
        "201312": "28.09",
        "201401": "31.46",
        "201402": "34.07",
        "201403": "35.20",
        "201404": "36.72",
        "201405": "40.28",
        "201406": "42.97",
        "201407": "41.65",
        "201408": "39.37",
        "201409": "38.79",
        "201410": "37.93",
        "201411": "39.76",
        "201412": "41.98",
        "201501": "43.65",
        "201502": "48.65",
        "201503": "47.51",
        "201504": "44.63",
        "201505": "41.91",
        "201506": "42.59",
        "201507": "36.57",
        "201508": "29.78",
        "201509": "33.57",
        "201510": "32.90",
        "201511": "34.27",
        "201512": "32.33",
        "201601": "29.56",
        "201602": "32.90",
        "201603": "34.41",
        "201604": "31.41",
        "201605": "31.53",
        "201606": "33.52",
        "201607": "33.46",
        "201608": "31.33",
        "201609": "30.71",
        "201610": "29.04",
        "201611": "25.92",
        "201612": "24.18",
        "201701": "25.32",
        "201702": "24.88",
        "201703": "25.53",
        "201704": "26.48",
        "201705": "28.18",
        "201706": "31.52",
        "201707": "30.51",
        "201708": "27.37",
        "201709": "28.81",
        "201710": "31.39",
        "201711": "28.56",
        "201712": "26.91",
        "201801": "26.72",
        "201802": "24.90",
        "201803": "24.88",
        "201804": "22.33",
        "201805": "21.51",
        "201806": "22.91",
        "201807": "22.22",
        "201808": "21.77",
        "201809": "21.82",
        "201810": "23.03",
        "201811": "26.14",
        "201812": "26.74",
        "201901": "24.95",
        "201902": "25.44",
        "201903": "25.64",
        "201904": "27.44",
        "201905": "24.90",
        "201906": "23.82",
        "201907": "26.10",
        "201908": "29.69",
        "201909": "32.81",
        "201910": "31.55",
        "201911": "34.97",
        "201912": "35.10",
        "202001": "33.25",
        "202002": "30.46",
        "202003": "27.59",
        "202004": "28.87",
        "202005": "31.48",
        "202006": "33.53",
        "202007": "32.23",
        "202008": "30.93",
        "202009": "29.01",
        "202010": "28.88",
        "202011": "30.08",
        "202012": "34.81",
        "202101": "35.61",
        "202102": "35.96",
        "202103": "40.44",
        "202104": "47.01",
        "202105": "43.50",
        "202106": "47.57",
        "202107": "51.24",
        "202108": "55.53",
        "202109": "54.26",
        "202110": "45.29",
        "202111": "46.46",
        "202112": "47.04",
        "202201": "48.06",
        "202202": "47.73",
        "202203": "51.44",
        "202204": "48.36",
        "202205": "47.45",
        "202206": "47.49",
        "202207": "34.59",
        "202208": "35.83",
        "202209": "32.48",
        "202210": "30.73",
        "202211": "32.80",
        "202212": "33.16",
        "202301": "33.61",
        "202302": "35.83",
        "202303": "36.93",
        "202304": "38.07",
        "202305": "38.37",
        "202306": "39.87"
    },
    "quarters": {
        "20011": {
            "year_quarter": 20011,
            "year": 2001,
            "quarter": 1,
            "eps": null,
            "eps_growth_year": null,
            "eps_4q": null,
            "eps_4q_growth_year": null,
            "roe": null,
            "roe_4q": 0,
            "gross_profit": null,
            "gross_margin": null,
            "gross_margin_4q_avg": 0,
            "net_income": null,
            "revenue": null,
            "common_shares": null,
            "book_valuer_per_share": null,
            "book_valuer_per_share_4q_avg": 0,
            "equity": null,
            "current_ratio": null,
            "debt_ratio": null,
            "inventory_turnover_ratio": null,
            "account_receivable_turnover_ratio": null,
            "reinvestment_rate": null,
            "research_to_sale_ratio": null,
            "price_fair": 0,
            "eps_avg_yearly": 0,
            "eps_latest_yearly": 0,
            "eps_growth_yearly": 0
        },
        "20012": {
            "year_quarter": 20012,
            "year": 2001,
            "quarter": 2,
            "eps": null,
            "eps_growth_year": null,
            "eps_4q": null,
            "eps_4q_growth_year": null,
            "roe": null,
            "roe_4q": 0,
            "gross_profit": null,
            "gross_margin": null,
            "gross_margin_4q_avg": 0,
            "net_income": null,
            "revenue": null,
            "common_shares": null,
            "book_valuer_per_share": null,
            "book_valuer_per_share_4q_avg": 0,
            "equity": null,
            "current_ratio": null,
            "debt_ratio": null,
            "inventory_turnover_ratio": null,
            "account_receivable_turnover_ratio": null,
            "reinvestment_rate": null,
            "research_to_sale_ratio": null,
            "price_fair": 0,
            "eps_avg_yearly": 0,
            "eps_latest_yearly": 0,
            "eps_growth_yearly": 0
        },
        "20013": {
            "year_quarter": 20013,
            "year": 2001,
            "quarter": 3,
            "eps": null,
            "eps_growth_year": null,
            "eps_4q": null,
            "eps_4q_growth_year": null,
            "roe": null,
            "roe_4q": 0,
            "gross_profit": null,
            "gross_margin": null,
            "gross_margin_4q_avg": 0,
            "net_income": null,
            "revenue": null,
            "common_shares": null,
            "book_valuer_per_share": null,
            "book_valuer_per_share_4q_avg": 0,
            "equity": null,
            "current_ratio": null,
            "debt_ratio": null,
            "inventory_turnover_ratio": null,
            "account_receivable_turnover_ratio": null,
            "reinvestment_rate": null,
            "research_to_sale_ratio": null,
            "price_fair": 0,
            "eps_avg_yearly": 0,
            "eps_latest_yearly": 0,
            "eps_growth_yearly": 0
        },
        "20014": {
            "year_quarter": 20014,
            "year": 2001,
            "quarter": 4,
            "eps": null,
            "eps_growth_year": null,
            "eps_4q": null,
            "eps_4q_growth_year": null,
            "roe": null,
            "roe_4q": 0,
            "gross_profit": null,
            "gross_margin": null,
            "gross_margin_4q_avg": 0,
            "net_income": null,
            "revenue": null,
            "common_shares": 8872272,
            "book_valuer_per_share": 12.41,
            "book_valuer_per_share_4q_avg": 3.1,
            "equity": 11012281,
            "current_ratio": 157.95,
            "debt_ratio": 31.92,
            "inventory_turnover_ratio": null,
            "account_receivable_turnover_ratio": null,
            "reinvestment_rate": null,
            "research_to_sale_ratio": null,
            "price_fair": 0,
            "eps_avg_yearly": 0,
            "eps_latest_yearly": 0,
            "eps_growth_yearly": 0
        },
        "20021": {
            "year_quarter": 20021,
            "year": 2002,
            "quarter": 1,
            "eps": null,
            "eps_growth_year": null,
            "eps_4q": null,
            "eps_4q_growth_year": null,
            "roe": null,
            "roe_4q": 0,
            "gross_profit": null,
            "gross_margin": null,
            "gross_margin_4q_avg": 0,
            "net_income": null,
            "revenue": null,
            "common_shares": null,
            "book_valuer_per_share": null,
            "book_valuer_per_share_4q_avg": 3.1,
            "equity": null,
            "current_ratio": null,
            "debt_ratio": null,
            "inventory_turnover_ratio": null,
            "account_receivable_turnover_ratio": null,
            "reinvestment_rate": null,
            "research_to_sale_ratio": null,
            "price_fair": 0,
            "eps_avg_yearly": 0,
            "eps_latest_yearly": 0,
            "eps_growth_yearly": 0
        },
        "20022": {
            "year_quarter": 20022,
            "year": 2002,
            "quarter": 2,
            "eps": null,
            "eps_growth_year": null,
            "eps_4q": null,
            "eps_4q_growth_year": null,
            "roe": null,
            "roe_4q": 0,
            "gross_profit": null,
            "gross_margin": null,
            "gross_margin_4q_avg": 0,
            "net_income": null,
            "revenue": null,
            "common_shares": null,
            "book_valuer_per_share": null,
            "book_valuer_per_share_4q_avg": 3.1,
            "equity": null,
            "current_ratio": null,
            "debt_ratio": null,
            "inventory_turnover_ratio": null,
            "account_receivable_turnover_ratio": null,
            "reinvestment_rate": null,
            "research_to_sale_ratio": null,
            "price_fair": 0,
            "eps_avg_yearly": 0,
            "eps_latest_yearly": 0,
            "eps_growth_yearly": 0
        },
        "20023": {
            "year_quarter": 20023,
            "year": 2002,
            "quarter": 3,
            "eps": null,
            "eps_growth_year": null,
            "eps_4q": null,
            "eps_4q_growth_year": null,
            "roe": null,
            "roe_4q": 0,
            "gross_profit": null,
            "gross_margin": null,
            "gross_margin_4q_avg": 0,
            "net_income": null,
            "revenue": null,
            "common_shares": null,
            "book_valuer_per_share": null,
            "book_valuer_per_share_4q_avg": 3.1,
            "equity": null,
            "current_ratio": null,
            "debt_ratio": null,
            "inventory_turnover_ratio": null,
            "account_receivable_turnover_ratio": null,
            "reinvestment_rate": null,
            "research_to_sale_ratio": null,
            "price_fair": 0,
            "eps_avg_yearly": 0,
            "eps_latest_yearly": 0,
            "eps_growth_yearly": 0
        },
        "20024": {
            "year_quarter": 20024,
            "year": 2002,
            "quarter": 4,
            "eps": null,
            "eps_growth_year": null,
            "eps_4q": null,
            "eps_4q_growth_year": null,
            "roe": null,
            "roe_4q": 0,
            "gross_profit": null,
            "gross_margin": null,
            "gross_margin_4q_avg": 0,
            "net_income": null,
            "revenue": null,
            "common_shares": 8872272,
            "book_valuer_per_share": 10.97,
            "book_valuer_per_share_4q_avg": 2.74,
            "equity": 9733900,
            "current_ratio": 181.69,
            "debt_ratio": 43.5,
            "inventory_turnover_ratio": null,
            "account_receivable_turnover_ratio": null,
            "reinvestment_rate": null,
            "research_to_sale_ratio": null,
            "price_fair": 0,
            "eps_avg_yearly": 0,
            "eps_latest_yearly": 0,
            "eps_growth_yearly": 0
        },
        "20031": {
            "year_quarter": 20031,
            "year": 2003,
            "quarter": 1,
            "eps": null,
            "eps_growth_year": null,
            "eps_4q": null,
            "eps_4q_growth_year": null,
            "roe": null,
            "roe_4q": 0,
            "gross_profit": null,
            "gross_margin": null,
            "gross_margin_4q_avg": 0,
            "net_income": null,
            "revenue": null,
            "common_shares": null,
            "book_valuer_per_share": null,
            "book_valuer_per_share_4q_avg": 2.74,
            "equity": null,
            "current_ratio": null,
            "debt_ratio": null,
            "inventory_turnover_ratio": null,
            "account_receivable_turnover_ratio": null,
            "reinvestment_rate": null,
            "research_to_sale_ratio": null,
            "price_fair": 0,
            "eps_avg_yearly": 0,
            "eps_latest_yearly": 0,
            "eps_growth_yearly": 0
        },
        "20032": {
            "year_quarter": 20032,
            "year": 2003,
            "quarter": 2,
            "eps": null,
            "eps_growth_year": null,
            "eps_4q": null,
            "eps_4q_growth_year": null,
            "roe": null,
            "roe_4q": 0,
            "gross_profit": null,
            "gross_margin": null,
            "gross_margin_4q_avg": 0,
            "net_income": null,
            "revenue": null,
            "common_shares": null,
            "book_valuer_per_share": null,
            "book_valuer_per_share_4q_avg": 2.74,
            "equity": null,
            "current_ratio": null,
            "debt_ratio": null,
            "inventory_turnover_ratio": null,
            "account_receivable_turnover_ratio": null,
            "reinvestment_rate": null,
            "research_to_sale_ratio": null,
            "price_fair": 0,
            "eps_avg_yearly": 0,
            "eps_latest_yearly": 0,
            "eps_growth_yearly": 0
        },
        "20033": {
            "year_quarter": 20033,
            "year": 2003,
            "quarter": 3,
            "eps": null,
            "eps_growth_year": null,
            "eps_4q": null,
            "eps_4q_growth_year": null,
            "roe": null,
            "roe_4q": 0,
            "gross_profit": null,
            "gross_margin": null,
            "gross_margin_4q_avg": 0,
            "net_income": null,
            "revenue": null,
            "common_shares": null,
            "book_valuer_per_share": null,
            "book_valuer_per_share_4q_avg": 2.74,
            "equity": null,
            "current_ratio": null,
            "debt_ratio": null,
            "inventory_turnover_ratio": null,
            "account_receivable_turnover_ratio": null,
            "reinvestment_rate": null,
            "research_to_sale_ratio": null,
            "price_fair": 0,
            "eps_avg_yearly": 0,
            "eps_latest_yearly": 0,
            "eps_growth_yearly": 0
        },
        "20034": {
            "year_quarter": 20034,
            "year": 2003,
            "quarter": 4,
            "eps": null,
            "eps_growth_year": null,
            "eps_4q": null,
            "eps_4q_growth_year": null,
            "roe": null,
            "roe_4q": 0,
            "gross_profit": null,
            "gross_margin": null,
            "gross_margin_4q_avg": 0,
            "net_income": null,
            "revenue": null,
            "common_shares": 8872272,
            "book_valuer_per_share": 11.95,
            "book_valuer_per_share_4q_avg": 2.99,
            "equity": 10835828,
            "current_ratio": 193.81,
            "debt_ratio": 42.7,
            "inventory_turnover_ratio": null,
            "account_receivable_turnover_ratio": null,
            "reinvestment_rate": null,
            "research_to_sale_ratio": null,
            "price_fair": 0,
            "eps_avg_yearly": 0,
            "eps_latest_yearly": 0,
            "eps_growth_yearly": 0
        },
        "20041": {
            "year_quarter": 20041,
            "year": 2004,
            "quarter": 1,
            "eps": null,
            "eps_growth_year": null,
            "eps_4q": null,
            "eps_4q_growth_year": null,
            "roe": null,
            "roe_4q": 0,
            "gross_profit": null,
            "gross_margin": null,
            "gross_margin_4q_avg": 0,
            "net_income": null,
            "revenue": null,
            "common_shares": null,
            "book_valuer_per_share": null,
            "book_valuer_per_share_4q_avg": 2.99,
            "equity": null,
            "current_ratio": null,
            "debt_ratio": null,
            "inventory_turnover_ratio": null,
            "account_receivable_turnover_ratio": null,
            "reinvestment_rate": null,
            "research_to_sale_ratio": null,
            "price_fair": 0,
            "eps_avg_yearly": 0,
            "eps_latest_yearly": 0,
            "eps_growth_yearly": 0
        },
        "20042": {
            "year_quarter": 20042,
            "year": 2004,
            "quarter": 2,
            "eps": null,
            "eps_growth_year": null,
            "eps_4q": null,
            "eps_4q_growth_year": null,
            "roe": null,
            "roe_4q": 0,
            "gross_profit": null,
            "gross_margin": null,
            "gross_margin_4q_avg": 0,
            "net_income": null,
            "revenue": null,
            "common_shares": null,
            "book_valuer_per_share": null,
            "book_valuer_per_share_4q_avg": 2.99,
            "equity": null,
            "current_ratio": null,
            "debt_ratio": null,
            "inventory_turnover_ratio": null,
            "account_receivable_turnover_ratio": null,
            "reinvestment_rate": null,
            "research_to_sale_ratio": null,
            "price_fair": 0,
            "eps_avg_yearly": 0,
            "eps_latest_yearly": 0,
            "eps_growth_yearly": 0
        },
        "20043": {
            "year_quarter": 20043,
            "year": 2004,
            "quarter": 3,
            "eps": null,
            "eps_growth_year": null,
            "eps_4q": null,
            "eps_4q_growth_year": null,
            "roe": null,
            "roe_4q": 0,
            "gross_profit": null,
            "gross_margin": null,
            "gross_margin_4q_avg": 0,
            "net_income": null,
            "revenue": null,
            "common_shares": null,
            "book_valuer_per_share": null,
            "book_valuer_per_share_4q_avg": 2.99,
            "equity": null,
            "current_ratio": null,
            "debt_ratio": null,
            "inventory_turnover_ratio": null,
            "account_receivable_turnover_ratio": null,
            "reinvestment_rate": null,
            "research_to_sale_ratio": null,
            "price_fair": 0,
            "eps_avg_yearly": 0,
            "eps_latest_yearly": 0,
            "eps_growth_yearly": 0
        },
        "20044": {
            "year_quarter": 20044,
            "year": 2004,
            "quarter": 4,
            "eps": null,
            "eps_growth_year": null,
            "eps_4q": null,
            "eps_4q_growth_year": null,
            "roe": null,
            "roe_4q": 0,
            "gross_profit": null,
            "gross_margin": null,
            "gross_margin_4q_avg": 0,
            "net_income": null,
            "revenue": null,
            "common_shares": 8872272,
            "book_valuer_per_share": 14.78,
            "book_valuer_per_share_4q_avg": 3.7,
            "equity": 13439823,
            "current_ratio": 150.38,
            "debt_ratio": 43.06,
            "inventory_turnover_ratio": null,
            "account_receivable_turnover_ratio": null,
            "reinvestment_rate": null,
            "research_to_sale_ratio": null,
            "price_fair": 0,
            "eps_avg_yearly": 0,
            "eps_latest_yearly": 0,
            "eps_growth_yearly": 0
        },
        "20051": {
            "year_quarter": 20051,
            "year": 2005,
            "quarter": 1,
            "eps": null,
            "eps_growth_year": null,
            "eps_4q": null,
            "eps_4q_growth_year": null,
            "roe": null,
            "roe_4q": 0,
            "gross_profit": null,
            "gross_margin": null,
            "gross_margin_4q_avg": 0,
            "net_income": null,
            "revenue": null,
            "common_shares": null,
            "book_valuer_per_share": null,
            "book_valuer_per_share_4q_avg": 3.7,
            "equity": null,
            "current_ratio": null,
            "debt_ratio": null,
            "inventory_turnover_ratio": null,
            "account_receivable_turnover_ratio": null,
            "reinvestment_rate": null,
            "research_to_sale_ratio": null,
            "price_fair": 0,
            "eps_avg_yearly": 0,
            "eps_latest_yearly": 0,
            "eps_growth_yearly": 0
        },
        "20052": {
            "year_quarter": 20052,
            "year": 2005,
            "quarter": 2,
            "eps": null,
            "eps_growth_year": null,
            "eps_4q": null,
            "eps_4q_growth_year": null,
            "roe": null,
            "roe_4q": 0,
            "gross_profit": null,
            "gross_margin": null,
            "gross_margin_4q_avg": 0,
            "net_income": null,
            "revenue": null,
            "common_shares": null,
            "book_valuer_per_share": null,
            "book_valuer_per_share_4q_avg": 3.7,
            "equity": null,
            "current_ratio": null,
            "debt_ratio": null,
            "inventory_turnover_ratio": null,
            "account_receivable_turnover_ratio": null,
            "reinvestment_rate": null,
            "research_to_sale_ratio": null,
            "price_fair": 0,
            "eps_avg_yearly": 0,
            "eps_latest_yearly": 0,
            "eps_growth_yearly": 0
        },
        "20053": {
            "year_quarter": 20053,
            "year": 2005,
            "quarter": 3,
            "eps": null,
            "eps_growth_year": null,
            "eps_4q": null,
            "eps_4q_growth_year": null,
            "roe": null,
            "roe_4q": 0,
            "gross_profit": null,
            "gross_margin": null,
            "gross_margin_4q_avg": 0,
            "net_income": null,
            "revenue": null,
            "common_shares": null,
            "book_valuer_per_share": null,
            "book_valuer_per_share_4q_avg": 3.7,
            "equity": null,
            "current_ratio": null,
            "debt_ratio": null,
            "inventory_turnover_ratio": null,
            "account_receivable_turnover_ratio": null,
            "reinvestment_rate": null,
            "research_to_sale_ratio": null,
            "price_fair": 0,
            "eps_avg_yearly": 0,
            "eps_latest_yearly": 0,
            "eps_growth_yearly": 0
        },
        "20054": {
            "year_quarter": 20054,
            "year": 2005,
            "quarter": 4,
            "eps": null,
            "eps_growth_year": null,
            "eps_4q": null,
            "eps_4q_growth_year": null,
            "roe": null,
            "roe_4q": 0,
            "gross_profit": null,
            "gross_margin": null,
            "gross_margin_4q_avg": 0,
            "net_income": null,
            "revenue": null,
            "common_shares": 8934423,
            "book_valuer_per_share": 16.18,
            "book_valuer_per_share_4q_avg": 4.05,
            "equity": 17949963,
            "current_ratio": 169.97,
            "debt_ratio": 36.11,
            "inventory_turnover_ratio": null,
            "account_receivable_turnover_ratio": null,
            "reinvestment_rate": null,
            "research_to_sale_ratio": null,
            "price_fair": 0,
            "eps_avg_yearly": 0,
            "eps_latest_yearly": 0,
            "eps_growth_yearly": 0
        },
        "20061": {
            "year_quarter": 20061,
            "year": 2006,
            "quarter": 1,
            "eps": null,
            "eps_growth_year": null,
            "eps_4q": null,
            "eps_4q_growth_year": null,
            "roe": null,
            "roe_4q": 0,
            "gross_profit": null,
            "gross_margin": null,
            "gross_margin_4q_avg": 0,
            "net_income": null,
            "revenue": null,
            "common_shares": null,
            "book_valuer_per_share": null,
            "book_valuer_per_share_4q_avg": 4.05,
            "equity": null,
            "current_ratio": null,
            "debt_ratio": null,
            "inventory_turnover_ratio": null,
            "account_receivable_turnover_ratio": null,
            "reinvestment_rate": null,
            "research_to_sale_ratio": null,
            "price_fair": 0,
            "eps_avg_yearly": 0,
            "eps_latest_yearly": 0,
            "eps_growth_yearly": 0
        },
        "20062": {
            "year_quarter": 20062,
            "year": 2006,
            "quarter": 2,
            "eps": null,
            "eps_growth_year": null,
            "eps_4q": null,
            "eps_4q_growth_year": null,
            "roe": null,
            "roe_4q": 0,
            "gross_profit": null,
            "gross_margin": null,
            "gross_margin_4q_avg": 0,
            "net_income": null,
            "revenue": null,
            "common_shares": null,
            "book_valuer_per_share": null,
            "book_valuer_per_share_4q_avg": 4.05,
            "equity": null,
            "current_ratio": null,
            "debt_ratio": null,
            "inventory_turnover_ratio": null,
            "account_receivable_turnover_ratio": null,
            "reinvestment_rate": null,
            "research_to_sale_ratio": null,
            "price_fair": 0,
            "eps_avg_yearly": 0,
            "eps_latest_yearly": 0,
            "eps_growth_yearly": 0
        },
        "20063": {
            "year_quarter": 20063,
            "year": 2006,
            "quarter": 3,
            "eps": null,
            "eps_growth_year": null,
            "eps_4q": null,
            "eps_4q_growth_year": null,
            "roe": null,
            "roe_4q": 0,
            "gross_profit": null,
            "gross_margin": null,
            "gross_margin_4q_avg": 0,
            "net_income": null,
            "revenue": null,
            "common_shares": null,
            "book_valuer_per_share": null,
            "book_valuer_per_share_4q_avg": 4.05,
            "equity": null,
            "current_ratio": null,
            "debt_ratio": null,
            "inventory_turnover_ratio": null,
            "account_receivable_turnover_ratio": null,
            "reinvestment_rate": null,
            "research_to_sale_ratio": null,
            "price_fair": 0,
            "eps_avg_yearly": 0,
            "eps_latest_yearly": 0,
            "eps_growth_yearly": 0
        },
        "20064": {
            "year_quarter": 20064,
            "year": 2006,
            "quarter": 4,
            "eps": null,
            "eps_growth_year": null,
            "eps_4q": null,
            "eps_4q_growth_year": null,
            "roe": null,
            "roe_4q": 0,
            "gross_profit": null,
            "gross_margin": null,
            "gross_margin_4q_avg": 0,
            "net_income": null,
            "revenue": null,
            "common_shares": 8934423,
            "book_valuer_per_share": 19.95,
            "book_valuer_per_share_4q_avg": 4.99,
            "equity": 21310274,
            "current_ratio": 160.04,
            "debt_ratio": 44.84,
            "inventory_turnover_ratio": null,
            "account_receivable_turnover_ratio": null,
            "reinvestment_rate": null,
            "research_to_sale_ratio": null,
            "price_fair": 0,
            "eps_avg_yearly": 0,
            "eps_latest_yearly": 0,
            "eps_growth_yearly": 0
        },
        "20071": {
            "year_quarter": 20071,
            "year": 2007,
            "quarter": 1,
            "eps": null,
            "eps_growth_year": null,
            "eps_4q": null,
            "eps_4q_growth_year": null,
            "roe": null,
            "roe_4q": 0,
            "gross_profit": null,
            "gross_margin": null,
            "gross_margin_4q_avg": 0,
            "net_income": null,
            "revenue": null,
            "common_shares": null,
            "book_valuer_per_share": null,
            "book_valuer_per_share_4q_avg": 4.99,
            "equity": null,
            "current_ratio": null,
            "debt_ratio": null,
            "inventory_turnover_ratio": null,
            "account_receivable_turnover_ratio": null,
            "reinvestment_rate": null,
            "research_to_sale_ratio": null,
            "price_fair": 0,
            "eps_avg_yearly": 0,
            "eps_latest_yearly": 0,
            "eps_growth_yearly": 0
        },
        "20072": {
            "year_quarter": 20072,
            "year": 2007,
            "quarter": 2,
            "eps": null,
            "eps_growth_year": null,
            "eps_4q": null,
            "eps_4q_growth_year": null,
            "roe": null,
            "roe_4q": 0,
            "gross_profit": null,
            "gross_margin": null,
            "gross_margin_4q_avg": 0,
            "net_income": null,
            "revenue": null,
            "common_shares": null,
            "book_valuer_per_share": null,
            "book_valuer_per_share_4q_avg": 4.99,
            "equity": null,
            "current_ratio": null,
            "debt_ratio": null,
            "inventory_turnover_ratio": null,
            "account_receivable_turnover_ratio": null,
            "reinvestment_rate": null,
            "research_to_sale_ratio": null,
            "price_fair": 0,
            "eps_avg_yearly": 0,
            "eps_latest_yearly": 0,
            "eps_growth_yearly": 0
        },
        "20073": {
            "year_quarter": 20073,
            "year": 2007,
            "quarter": 3,
            "eps": null,
            "eps_growth_year": null,
            "eps_4q": null,
            "eps_4q_growth_year": null,
            "roe": null,
            "roe_4q": 0,
            "gross_profit": null,
            "gross_margin": null,
            "gross_margin_4q_avg": 0,
            "net_income": null,
            "revenue": null,
            "common_shares": null,
            "book_valuer_per_share": null,
            "book_valuer_per_share_4q_avg": 4.99,
            "equity": null,
            "current_ratio": null,
            "debt_ratio": null,
            "inventory_turnover_ratio": null,
            "account_receivable_turnover_ratio": null,
            "reinvestment_rate": null,
            "research_to_sale_ratio": null,
            "price_fair": 0,
            "eps_avg_yearly": 0,
            "eps_latest_yearly": 0,
            "eps_growth_yearly": 0
        },
        "20074": {
            "year_quarter": 20074,
            "year": 2007,
            "quarter": 4,
            "eps": null,
            "eps_growth_year": null,
            "eps_4q": null,
            "eps_4q_growth_year": null,
            "roe": null,
            "roe_4q": 0,
            "gross_profit": null,
            "gross_margin": null,
            "gross_margin_4q_avg": 0,
            "net_income": null,
            "revenue": null,
            "common_shares": 8872469,
            "book_valuer_per_share": 21.14,
            "book_valuer_per_share_4q_avg": 5.29,
            "equity": 21999381,
            "current_ratio": 136.27,
            "debt_ratio": 44.27,
            "inventory_turnover_ratio": null,
            "account_receivable_turnover_ratio": null,
            "reinvestment_rate": null,
            "research_to_sale_ratio": null,
            "price_fair": 0,
            "eps_avg_yearly": 0,
            "eps_latest_yearly": 0,
            "eps_growth_yearly": 0
        },
        "20081": {
            "year_quarter": 20081,
            "year": 2008,
            "quarter": 1,
            "eps": null,
            "eps_growth_year": null,
            "eps_4q": null,
            "eps_4q_growth_year": null,
            "roe": null,
            "roe_4q": 0,
            "gross_profit": null,
            "gross_margin": null,
            "gross_margin_4q_avg": 0,
            "net_income": null,
            "revenue": null,
            "common_shares": null,
            "book_valuer_per_share": null,
            "book_valuer_per_share_4q_avg": 5.29,
            "equity": null,
            "current_ratio": null,
            "debt_ratio": null,
            "inventory_turnover_ratio": null,
            "account_receivable_turnover_ratio": null,
            "reinvestment_rate": null,
            "research_to_sale_ratio": null,
            "price_fair": 0,
            "eps_avg_yearly": 0,
            "eps_latest_yearly": 0,
            "eps_growth_yearly": 0
        },
        "20082": {
            "year_quarter": 20082,
            "year": 2008,
            "quarter": 2,
            "eps": null,
            "eps_growth_year": null,
            "eps_4q": null,
            "eps_4q_growth_year": null,
            "roe": null,
            "roe_4q": 0,
            "gross_profit": null,
            "gross_margin": null,
            "gross_margin_4q_avg": 0,
            "net_income": null,
            "revenue": null,
            "common_shares": null,
            "book_valuer_per_share": null,
            "book_valuer_per_share_4q_avg": 5.29,
            "equity": null,
            "current_ratio": null,
            "debt_ratio": null,
            "inventory_turnover_ratio": null,
            "account_receivable_turnover_ratio": null,
            "reinvestment_rate": null,
            "research_to_sale_ratio": null,
            "price_fair": 0,
            "eps_avg_yearly": 0,
            "eps_latest_yearly": 0,
            "eps_growth_yearly": 0
        },
        "20083": {
            "year_quarter": 20083,
            "year": 2008,
            "quarter": 3,
            "eps": null,
            "eps_growth_year": null,
            "eps_4q": null,
            "eps_4q_growth_year": null,
            "roe": null,
            "roe_4q": 0,
            "gross_profit": null,
            "gross_margin": null,
            "gross_margin_4q_avg": 0,
            "net_income": null,
            "revenue": null,
            "common_shares": null,
            "book_valuer_per_share": null,
            "book_valuer_per_share_4q_avg": 5.29,
            "equity": null,
            "current_ratio": null,
            "debt_ratio": null,
            "inventory_turnover_ratio": null,
            "account_receivable_turnover_ratio": null,
            "reinvestment_rate": null,
            "research_to_sale_ratio": null,
            "price_fair": 0,
            "eps_avg_yearly": 0,
            "eps_latest_yearly": 0,
            "eps_growth_yearly": 0
        },
        "20084": {
            "year_quarter": 20084,
            "year": 2008,
            "quarter": 4,
            "eps": null,
            "eps_growth_year": null,
            "eps_4q": null,
            "eps_4q_growth_year": null,
            "roe": null,
            "roe_4q": 0,
            "gross_profit": null,
            "gross_margin": null,
            "gross_margin_4q_avg": 0,
            "net_income": null,
            "revenue": null,
            "common_shares": 8857606,
            "book_valuer_per_share": 15.28,
            "book_valuer_per_share_4q_avg": 3.82,
            "equity": 15859150,
            "current_ratio": 101.02,
            "debt_ratio": 51.45,
            "inventory_turnover_ratio": null,
            "account_receivable_turnover_ratio": null,
            "reinvestment_rate": null,
            "research_to_sale_ratio": null,
            "price_fair": 0,
            "eps_avg_yearly": 0,
            "eps_latest_yearly": 0,
            "eps_growth_yearly": 0
        },
        "20091": {
            "year_quarter": 20091,
            "year": 2009,
            "quarter": 1,
            "eps": null,
            "eps_growth_year": null,
            "eps_4q": null,
            "eps_4q_growth_year": null,
            "roe": null,
            "roe_4q": 0,
            "gross_profit": null,
            "gross_margin": null,
            "gross_margin_4q_avg": 0,
            "net_income": null,
            "revenue": null,
            "common_shares": null,
            "book_valuer_per_share": null,
            "book_valuer_per_share_4q_avg": 3.82,
            "equity": null,
            "current_ratio": null,
            "debt_ratio": null,
            "inventory_turnover_ratio": null,
            "account_receivable_turnover_ratio": null,
            "reinvestment_rate": null,
            "research_to_sale_ratio": null,
            "price_fair": 0,
            "eps_avg_yearly": 0,
            "eps_latest_yearly": 0,
            "eps_growth_yearly": 0
        },
        "20092": {
            "year_quarter": 20092,
            "year": 2009,
            "quarter": 2,
            "eps": null,
            "eps_growth_year": null,
            "eps_4q": null,
            "eps_4q_growth_year": null,
            "roe": null,
            "roe_4q": 0,
            "gross_profit": null,
            "gross_margin": null,
            "gross_margin_4q_avg": 0,
            "net_income": null,
            "revenue": null,
            "common_shares": null,
            "book_valuer_per_share": null,
            "book_valuer_per_share_4q_avg": 3.82,
            "equity": null,
            "current_ratio": null,
            "debt_ratio": null,
            "inventory_turnover_ratio": null,
            "account_receivable_turnover_ratio": null,
            "reinvestment_rate": null,
            "research_to_sale_ratio": null,
            "price_fair": 0,
            "eps_avg_yearly": 0,
            "eps_latest_yearly": 0,
            "eps_growth_yearly": 0
        },
        "20093": {
            "year_quarter": 20093,
            "year": 2009,
            "quarter": 3,
            "eps": null,
            "eps_growth_year": null,
            "eps_4q": null,
            "eps_4q_growth_year": null,
            "roe": null,
            "roe_4q": 0,
            "gross_profit": null,
            "gross_margin": null,
            "gross_margin_4q_avg": 0,
            "net_income": null,
            "revenue": null,
            "common_shares": null,
            "book_valuer_per_share": null,
            "book_valuer_per_share_4q_avg": 3.82,
            "equity": null,
            "current_ratio": null,
            "debt_ratio": null,
            "inventory_turnover_ratio": null,
            "account_receivable_turnover_ratio": null,
            "reinvestment_rate": null,
            "research_to_sale_ratio": null,
            "price_fair": 0,
            "eps_avg_yearly": 0,
            "eps_latest_yearly": 0,
            "eps_growth_yearly": 0
        },
        "20094": {
            "year_quarter": 20094,
            "year": 2009,
            "quarter": 4,
            "eps": null,
            "eps_growth_year": null,
            "eps_4q": null,
            "eps_4q_growth_year": null,
            "roe": null,
            "roe_4q": 0,
            "gross_profit": null,
            "gross_margin": null,
            "gross_margin_4q_avg": 0,
            "net_income": null,
            "revenue": null,
            "common_shares": 8857606,
            "book_valuer_per_share": 10.39,
            "book_valuer_per_share_4q_avg": 2.6,
            "equity": 11364216,
            "current_ratio": 117,
            "debt_ratio": 61.14,
            "inventory_turnover_ratio": null,
            "account_receivable_turnover_ratio": null,
            "reinvestment_rate": null,
            "research_to_sale_ratio": null,
            "price_fair": 0,
            "eps_avg_yearly": 0,
            "eps_latest_yearly": 0,
            "eps_growth_yearly": 0
        },
        "20101": {
            "year_quarter": 20101,
            "year": 2010,
            "quarter": 1,
            "eps": null,
            "eps_growth_year": null,
            "eps_4q": null,
            "eps_4q_growth_year": null,
            "roe": null,
            "roe_4q": 0,
            "gross_profit": null,
            "gross_margin": null,
            "gross_margin_4q_avg": 0,
            "net_income": null,
            "revenue": null,
            "common_shares": null,
            "book_valuer_per_share": null,
            "book_valuer_per_share_4q_avg": 2.6,
            "equity": null,
            "current_ratio": null,
            "debt_ratio": null,
            "inventory_turnover_ratio": null,
            "account_receivable_turnover_ratio": null,
            "reinvestment_rate": null,
            "research_to_sale_ratio": null,
            "price_fair": 0,
            "eps_avg_yearly": 0,
            "eps_latest_yearly": 0,
            "eps_growth_yearly": 0
        },
        "20102": {
            "year_quarter": 20102,
            "year": 2010,
            "quarter": 2,
            "eps": null,
            "eps_growth_year": null,
            "eps_4q": null,
            "eps_4q_growth_year": null,
            "roe": null,
            "roe_4q": 0,
            "gross_profit": null,
            "gross_margin": null,
            "gross_margin_4q_avg": 0,
            "net_income": null,
            "revenue": null,
            "common_shares": null,
            "book_valuer_per_share": null,
            "book_valuer_per_share_4q_avg": 2.6,
            "equity": null,
            "current_ratio": null,
            "debt_ratio": null,
            "inventory_turnover_ratio": null,
            "account_receivable_turnover_ratio": null,
            "reinvestment_rate": null,
            "research_to_sale_ratio": null,
            "price_fair": 0,
            "eps_avg_yearly": 0,
            "eps_latest_yearly": 0,
            "eps_growth_yearly": 0
        },
        "20103": {
            "year_quarter": 20103,
            "year": 2010,
            "quarter": 3,
            "eps": null,
            "eps_growth_year": null,
            "eps_4q": null,
            "eps_4q_growth_year": null,
            "roe": null,
            "roe_4q": 0,
            "gross_profit": null,
            "gross_margin": null,
            "gross_margin_4q_avg": 0,
            "net_income": null,
            "revenue": null,
            "common_shares": null,
            "book_valuer_per_share": null,
            "book_valuer_per_share_4q_avg": 2.6,
            "equity": null,
            "current_ratio": null,
            "debt_ratio": null,
            "inventory_turnover_ratio": null,
            "account_receivable_turnover_ratio": null,
            "reinvestment_rate": null,
            "research_to_sale_ratio": null,
            "price_fair": 0,
            "eps_avg_yearly": 0,
            "eps_latest_yearly": 0,
            "eps_growth_yearly": 0
        },
        "20104": {
            "year_quarter": 20104,
            "year": 2010,
            "quarter": 4,
            "eps": null,
            "eps_growth_year": null,
            "eps_4q": null,
            "eps_4q_growth_year": null,
            "roe": null,
            "roe_4q": 0,
            "gross_profit": null,
            "gross_margin": null,
            "gross_margin_4q_avg": 0,
            "net_income": null,
            "revenue": null,
            "common_shares": 8428553,
            "book_valuer_per_share": 13.91,
            "book_valuer_per_share_4q_avg": 3.48,
            "equity": 11304568,
            "current_ratio": 89.74,
            "debt_ratio": 64.8,
            "inventory_turnover_ratio": null,
            "account_receivable_turnover_ratio": null,
            "reinvestment_rate": null,
            "research_to_sale_ratio": null,
            "price_fair": 0,
            "eps_avg_yearly": 0,
            "eps_latest_yearly": 0,
            "eps_growth_yearly": 0
        },
        "20111": {
            "year_quarter": 20111,
            "year": 2011,
            "quarter": 1,
            "eps": null,
            "eps_growth_year": null,
            "eps_4q": null,
            "eps_4q_growth_year": null,
            "roe": null,
            "roe_4q": 0,
            "gross_profit": null,
            "gross_margin": null,
            "gross_margin_4q_avg": 0,
            "net_income": null,
            "revenue": null,
            "common_shares": null,
            "book_valuer_per_share": null,
            "book_valuer_per_share_4q_avg": 3.48,
            "equity": null,
            "current_ratio": null,
            "debt_ratio": null,
            "inventory_turnover_ratio": null,
            "account_receivable_turnover_ratio": null,
            "reinvestment_rate": null,
            "research_to_sale_ratio": null,
            "price_fair": 0,
            "eps_avg_yearly": 0,
            "eps_latest_yearly": 0,
            "eps_growth_yearly": 0
        },
        "20112": {
            "year_quarter": 20112,
            "year": 2011,
            "quarter": 2,
            "eps": null,
            "eps_growth_year": null,
            "eps_4q": null,
            "eps_4q_growth_year": null,
            "roe": null,
            "roe_4q": 0,
            "gross_profit": null,
            "gross_margin": null,
            "gross_margin_4q_avg": 0,
            "net_income": null,
            "revenue": null,
            "common_shares": null,
            "book_valuer_per_share": null,
            "book_valuer_per_share_4q_avg": 3.48,
            "equity": null,
            "current_ratio": null,
            "debt_ratio": null,
            "inventory_turnover_ratio": null,
            "account_receivable_turnover_ratio": null,
            "reinvestment_rate": null,
            "research_to_sale_ratio": null,
            "price_fair": 0,
            "eps_avg_yearly": 0,
            "eps_latest_yearly": 0,
            "eps_growth_yearly": 0
        },
        "20113": {
            "year_quarter": 20113,
            "year": 2011,
            "quarter": 3,
            "eps": null,
            "eps_growth_year": null,
            "eps_4q": null,
            "eps_4q_growth_year": null,
            "roe": null,
            "roe_4q": 0,
            "gross_profit": null,
            "gross_margin": null,
            "gross_margin_4q_avg": 0,
            "net_income": null,
            "revenue": null,
            "common_shares": null,
            "book_valuer_per_share": null,
            "book_valuer_per_share_4q_avg": 3.48,
            "equity": null,
            "current_ratio": null,
            "debt_ratio": null,
            "inventory_turnover_ratio": null,
            "account_receivable_turnover_ratio": null,
            "reinvestment_rate": null,
            "research_to_sale_ratio": null,
            "price_fair": 0,
            "eps_avg_yearly": 0,
            "eps_latest_yearly": 0,
            "eps_growth_yearly": 0
        },
        "20114": {
            "year_quarter": 20114,
            "year": 2011,
            "quarter": 4,
            "eps": null,
            "eps_growth_year": null,
            "eps_4q": null,
            "eps_4q_growth_year": null,
            "roe": null,
            "roe_4q": 0,
            "gross_profit": null,
            "gross_margin": null,
            "gross_margin_4q_avg": 0,
            "net_income": null,
            "revenue": null,
            "common_shares": 8428553,
            "book_valuer_per_share": 14.31,
            "book_valuer_per_share_4q_avg": 3.58,
            "equity": 14217059,
            "current_ratio": 250.93,
            "debt_ratio": 49.25,
            "inventory_turnover_ratio": null,
            "account_receivable_turnover_ratio": null,
            "reinvestment_rate": null,
            "research_to_sale_ratio": null,
            "price_fair": 0,
            "eps_avg_yearly": 0,
            "eps_latest_yearly": 0,
            "eps_growth_yearly": 0
        },
        "20121": {
            "year_quarter": 20121,
            "year": 2012,
            "quarter": 1,
            "eps": null,
            "eps_growth_year": null,
            "eps_4q": null,
            "eps_4q_growth_year": null,
            "roe": null,
            "roe_4q": 0,
            "gross_profit": null,
            "gross_margin": null,
            "gross_margin_4q_avg": 0,
            "net_income": null,
            "revenue": null,
            "common_shares": null,
            "book_valuer_per_share": null,
            "book_valuer_per_share_4q_avg": 3.58,
            "equity": null,
            "current_ratio": null,
            "debt_ratio": null,
            "inventory_turnover_ratio": null,
            "account_receivable_turnover_ratio": null,
            "reinvestment_rate": null,
            "research_to_sale_ratio": null,
            "price_fair": 0,
            "eps_avg_yearly": 0,
            "eps_latest_yearly": 0,
            "eps_growth_yearly": 0
        },
        "20122": {
            "year_quarter": 20122,
            "year": 2012,
            "quarter": 2,
            "eps": null,
            "eps_growth_year": null,
            "eps_4q": null,
            "eps_4q_growth_year": null,
            "roe": null,
            "roe_4q": 0,
            "gross_profit": null,
            "gross_margin": null,
            "gross_margin_4q_avg": 0,
            "net_income": null,
            "revenue": null,
            "common_shares": 8428553,
            "book_valuer_per_share": null,
            "book_valuer_per_share_4q_avg": 3.58,
            "equity": 14965575,
            "current_ratio": null,
            "debt_ratio": null,
            "inventory_turnover_ratio": null,
            "account_receivable_turnover_ratio": null,
            "reinvestment_rate": null,
            "research_to_sale_ratio": null,
            "price_fair": 0,
            "eps_avg_yearly": 0,
            "eps_latest_yearly": 0,
            "eps_growth_yearly": 0
        },
        "20123": {
            "year_quarter": 20123,
            "year": 2012,
            "quarter": 3,
            "eps": null,
            "eps_growth_year": null,
            "eps_4q": null,
            "eps_4q_growth_year": null,
            "roe": null,
            "roe_4q": 0,
            "gross_profit": 943983,
            "gross_margin": null,
            "gross_margin_4q_avg": 0,
            "net_income": 506846,
            "revenue": 5139944,
            "common_shares": 8428553,
            "book_valuer_per_share": null,
            "book_valuer_per_share_4q_avg": 3.58,
            "equity": 16232906,
            "current_ratio": null,
            "debt_ratio": null,
            "inventory_turnover_ratio": null,
            "account_receivable_turnover_ratio": null,
            "reinvestment_rate": null,
            "research_to_sale_ratio": null,
            "price_fair": 0,
            "eps_avg_yearly": 0,
            "eps_latest_yearly": 0,
            "eps_growth_yearly": 0
        },
        "20124": {
            "year_quarter": 20124,
            "year": 2012,
            "quarter": 4,
            "eps": null,
            "eps_growth_year": null,
            "eps_4q": null,
            "eps_4q_growth_year": null,
            "roe": null,
            "roe_4q": 0,
            "gross_profit": 784972,
            "gross_margin": null,
            "gross_margin_4q_avg": 0,
            "net_income": 552289,
            "revenue": 4867353,
            "common_shares": 8428553,
            "book_valuer_per_share": 16.05,
            "book_valuer_per_share_4q_avg": 4.01,
            "equity": 16098072,
            "current_ratio": 257.82,
            "debt_ratio": 44.99,
            "inventory_turnover_ratio": null,
            "account_receivable_turnover_ratio": null,
            "reinvestment_rate": null,
            "research_to_sale_ratio": null,
            "price_fair": 0,
            "eps_avg_yearly": 0,
            "eps_latest_yearly": 0,
            "eps_growth_yearly": 0
        },
        "20131": {
            "year_quarter": 20131,
            "year": 2013,
            "quarter": 1,
            "eps": null,
            "eps_growth_year": null,
            "eps_4q": null,
            "eps_4q_growth_year": null,
            "roe": null,
            "roe_4q": 0,
            "gross_profit": 605347,
            "gross_margin": null,
            "gross_margin_4q_avg": 0,
            "net_income": 465849,
            "revenue": 4420745,
            "common_shares": 8428553,
            "book_valuer_per_share": 16.46,
            "book_valuer_per_share_4q_avg": 8.13,
            "equity": 16585272,
            "current_ratio": 251.84,
            "debt_ratio": 42.5,
            "inventory_turnover_ratio": null,
            "account_receivable_turnover_ratio": null,
            "reinvestment_rate": null,
            "research_to_sale_ratio": null,
            "price_fair": 0,
            "eps_avg_yearly": 0,
            "eps_latest_yearly": 0,
            "eps_growth_yearly": 0
        },
        "20132": {
            "year_quarter": 20132,
            "year": 2013,
            "quarter": 2,
            "eps": 0.64,
            "eps_growth_year": null,
            "eps_4q": 0.64,
            "eps_4q_growth_year": null,
            "roe": 3.38,
            "roe_4q": 3.38,
            "gross_profit": 749231,
            "gross_margin": 15.17,
            "gross_margin_4q_avg": 3.79,
            "net_income": 572951,
            "revenue": 4939177,
            "common_shares": 8428553,
            "book_valuer_per_share": 16.94,
            "book_valuer_per_share_4q_avg": 12.36,
            "equity": 17267264,
            "current_ratio": 219.07,
            "debt_ratio": 44.99,
            "inventory_turnover_ratio": 2.46,
            "account_receivable_turnover_ratio": 2.34,
            "reinvestment_rate": null,
            "research_to_sale_ratio": null,
            "price_fair": 0,
            "eps_avg_yearly": 0,
            "eps_latest_yearly": 0,
            "eps_growth_yearly": 0
        },
        "20133": {
            "year_quarter": 20133,
            "year": 2013,
            "quarter": 3,
            "eps": 0.74,
            "eps_growth_year": null,
            "eps_4q": 1.38,
            "eps_4q_growth_year": null,
            "roe": 3.66,
            "roe_4q": 7.04,
            "gross_profit": 1123524,
            "gross_margin": 21.98,
            "gross_margin_4q_avg": 9.29,
            "net_income": 637143,
            "revenue": 5111888,
            "common_shares": 8428553,
            "book_valuer_per_share": 17.65,
            "book_valuer_per_share_4q_avg": 16.78,
            "equity": 17569454,
            "current_ratio": 218.81,
            "debt_ratio": 40.88,
            "inventory_turnover_ratio": 2.52,
            "account_receivable_turnover_ratio": 1.22,
            "reinvestment_rate": null,
            "research_to_sale_ratio": 2.68,
            "price_fair": 103.6,
            "eps_avg_yearly": 2.96,
            "eps_latest_yearly": 2.96,
            "eps_growth_yearly": 62.5
        },
        "20134": {
            "year_quarter": 20134,
            "year": 2013,
            "quarter": 4,
            "eps": 0.86,
            "eps_growth_year": null,
            "eps_4q": 2.24,
            "eps_4q_growth_year": null,
            "roe": 5.78,
            "roe_4q": 12.82,
            "gross_profit": 914606,
            "gross_margin": 18.7,
            "gross_margin_4q_avg": 13.96,
            "net_income": 1026257,
            "revenue": 4890120,
            "common_shares": 8428553,
            "book_valuer_per_share": 18.32,
            "book_valuer_per_share_4q_avg": 17.34,
            "equity": 17946773,
            "current_ratio": 234.12,
            "debt_ratio": 40.27,
            "inventory_turnover_ratio": 2.64,
            "account_receivable_turnover_ratio": 1.19,
            "reinvestment_rate": null,
            "research_to_sale_ratio": 3.32,
            "price_fair": 112,
            "eps_avg_yearly": 3.2,
            "eps_latest_yearly": 3.44,
            "eps_growth_yearly": 63.68
        },
        "20141": {
            "year_quarter": 20141,
            "year": 2014,
            "quarter": 1,
            "eps": 1.05,
            "eps_growth_year": null,
            "eps_4q": 3.28,
            "eps_4q_growth_year": null,
            "roe": 6.91,
            "roe_4q": 19.73,
            "gross_profit": 975106,
            "gross_margin": 19.54,
            "gross_margin_4q_avg": 18.85,
            "net_income": 1265246,
            "revenue": 4989022,
            "common_shares": 8428553,
            "book_valuer_per_share": 19.11,
            "book_valuer_per_share_4q_avg": 18.01,
            "equity": 18651098,
            "current_ratio": 247.64,
            "debt_ratio": 35.52,
            "inventory_turnover_ratio": 2.66,
            "account_receivable_turnover_ratio": 1.22,
            "reinvestment_rate": null,
            "research_to_sale_ratio": 3.41,
            "price_fair": 123.67,
            "eps_avg_yearly": 3.53,
            "eps_latest_yearly": 4.2,
            "eps_growth_yearly": 71.91
        },
        "20142": {
            "year_quarter": 20142,
            "year": 2014,
            "quarter": 2,
            "eps": 0.57,
            "eps_growth_year": -10.67,
            "eps_4q": 3.15,
            "eps_4q_growth_year": 394.15,
            "roe": 2.74,
            "roe_4q": 19.09,
            "gross_profit": 1266753,
            "gross_margin": 23.4,
            "gross_margin_4q_avg": 20.91,
            "net_income": 510749,
            "revenue": 5413399,
            "common_shares": 8646193,
            "book_valuer_per_share": 18.74,
            "book_valuer_per_share_4q_avg": 18.46,
            "equity": 18671942,
            "current_ratio": 217.2,
            "debt_ratio": 38.83,
            "inventory_turnover_ratio": 2.69,
            "account_receivable_turnover_ratio": 1.28,
            "reinvestment_rate": null,
            "research_to_sale_ratio": 3.12,
            "price_fair": 58.67,
            "eps_avg_yearly": 3.22,
            "eps_latest_yearly": 2.28,
            "eps_growth_yearly": 8.22
        },
        "20143": {
            "year_quarter": 20143,
            "year": 2014,
            "quarter": 3,
            "eps": 1.08,
            "eps_growth_year": 45.95,
            "eps_4q": 3.51,
            "eps_4q_growth_year": 154.11,
            "roe": 5.15,
            "roe_4q": 20.580000000000002,
            "gross_profit": 1488176,
            "gross_margin": 25.63,
            "gross_margin_4q_avg": 21.82,
            "net_income": 989119,
            "revenue": 5806281,
            "common_shares": 8646193,
            "book_valuer_per_share": 19.87,
            "book_valuer_per_share_4q_avg": 19.01,
            "equity": 19725705,
            "current_ratio": 282.4,
            "debt_ratio": 38.57,
            "inventory_turnover_ratio": 2.63,
            "account_receivable_turnover_ratio": 1.29,
            "reinvestment_rate": null,
            "research_to_sale_ratio": 2.82,
            "price_fair": 120.4,
            "eps_avg_yearly": 3.44,
            "eps_latest_yearly": 4.32,
            "eps_growth_yearly": 78.15
        },
        "20144": {
            "year_quarter": 20144,
            "year": 2014,
            "quarter": 4,
            "eps": 1.17,
            "eps_growth_year": 35.98,
            "eps_4q": 3.84,
            "eps_4q_growth_year": 71.53,
            "roe": 5.24,
            "roe_4q": 20.04,
            "gross_profit": 1441580,
            "gross_margin": 24.87,
            "gross_margin_4q_avg": 23.36,
            "net_income": 1063066,
            "revenue": 5796429,
            "common_shares": 8646193,
            "book_valuer_per_share": 21.1,
            "book_valuer_per_share_4q_avg": 19.71,
            "equity": 20864857,
            "current_ratio": 245.8,
            "debt_ratio": 39.76,
            "inventory_turnover_ratio": 2.55,
            "account_receivable_turnover_ratio": 1.22,
            "reinvestment_rate": null,
            "research_to_sale_ratio": 3.05,
            "price_fair": 127.63,
            "eps_avg_yearly": 3.65,
            "eps_latest_yearly": 4.68,
            "eps_growth_yearly": 70.68
        },
        "20151": {
            "year_quarter": 20151,
            "year": 2015,
            "quarter": 1,
            "eps": 0.82,
            "eps_growth_year": -21.9,
            "eps_4q": 3.63,
            "eps_4q_growth_year": 10.64,
            "roe": 3.45,
            "roe_4q": 16.580000000000002,
            "gross_profit": 1202486,
            "gross_margin": 23.04,
            "gross_margin_4q_avg": 24.24,
            "net_income": 732603,
            "revenue": 5218138,
            "common_shares": 8646193,
            "book_valuer_per_share": 21.89,
            "book_valuer_per_share_4q_avg": 20.4,
            "equity": 21570100,
            "current_ratio": 297.51,
            "debt_ratio": 38.77,
            "inventory_turnover_ratio": 2.31,
            "account_receivable_turnover_ratio": 1.16,
            "reinvestment_rate": null,
            "research_to_sale_ratio": 3.28,
            "price_fair": 125.8,
            "eps_avg_yearly": 3.59,
            "eps_latest_yearly": 3.28,
            "eps_growth_yearly": 43.49
        },
        "20152": {
            "year_quarter": 20152,
            "year": 2015,
            "quarter": 2,
            "eps": 0.58,
            "eps_growth_year": 1.75,
            "eps_4q": 3.5,
            "eps_4q_growth_year": 10.95,
            "roe": 2.56,
            "roe_4q": 16.4,
            "gross_profit": 1124241,
            "gross_margin": 22.18,
            "gross_margin_4q_avg": 23.93,
            "net_income": 514224,
            "revenue": 5069135,
            "common_shares": 9005516,
            "book_valuer_per_share": 20.67,
            "book_valuer_per_share_4q_avg": 20.88,
            "equity": 18618128,
            "current_ratio": 231.66,
            "debt_ratio": 44.41,
            "inventory_turnover_ratio": 2.23,
            "account_receivable_turnover_ratio": 1.23,
            "reinvestment_rate": null,
            "research_to_sale_ratio": 3.35,
            "price_fair": 114.8,
            "eps_avg_yearly": 3.44,
            "eps_latest_yearly": 2.32,
            "eps_growth_yearly": 23.42
        },
        "20153": {
            "year_quarter": 20153,
            "year": 2015,
            "quarter": 3,
            "eps": 0.65,
            "eps_growth_year": -39.81,
            "eps_4q": 3.12,
            "eps_4q_growth_year": -10.93,
            "roe": 3.13,
            "roe_4q": 14.38,
            "gross_profit": 863971,
            "gross_margin": 17.9,
            "gross_margin_4q_avg": 22,
            "net_income": 583471,
            "revenue": 4827089,
            "common_shares": 9163036,
            "book_valuer_per_share": 20.79,
            "book_valuer_per_share_4q_avg": 21.11,
            "equity": 18631011,
            "current_ratio": 264.48,
            "debt_ratio": 38.78,
            "inventory_turnover_ratio": 2.25,
            "account_receivable_turnover_ratio": 1.21,
            "reinvestment_rate": null,
            "research_to_sale_ratio": 3.88,
            "price_fair": 116.98,
            "eps_avg_yearly": 3.34,
            "eps_latest_yearly": 2.6,
            "eps_growth_yearly": 26.18
        },
        "20154": {
            "year_quarter": 20154,
            "year": 2015,
            "quarter": 4,
            "eps": 0.49,
            "eps_growth_year": -58.14,
            "eps_4q": 2.49,
            "eps_4q_growth_year": -35.16,
            "roe": 2.32,
            "roe_4q": 11.46,
            "gross_profit": 897649,
            "gross_margin": 18.88,
            "gross_margin_4q_avg": 20.5,
            "net_income": 437244,
            "revenue": 4755029,
            "common_shares": 8962066,
            "book_valuer_per_share": 21.33,
            "book_valuer_per_share_4q_avg": 21.17,
            "equity": 19107629,
            "current_ratio": 270.33,
            "debt_ratio": 38.21,
            "inventory_turnover_ratio": 2.26,
            "account_receivable_turnover_ratio": 1.24,
            "reinvestment_rate": null,
            "research_to_sale_ratio": 4.62,
            "price_fair": 76,
            "eps_avg_yearly": 3.2,
            "eps_latest_yearly": 1.96,
            "eps_growth_yearly": 13.72
        },
        "20161": {
            "year_quarter": 20161,
            "year": 2016,
            "quarter": 1,
            "eps": 0.4,
            "eps_growth_year": -51.22,
            "eps_4q": 2.12,
            "eps_4q_growth_year": -41.53,
            "roe": 1.83,
            "roe_4q": 9.84,
            "gross_profit": 900380,
            "gross_margin": 19.06,
            "gross_margin_4q_avg": 19.51,
            "net_income": 348423,
            "revenue": 4724139,
            "common_shares": 8957836,
            "book_valuer_per_share": 21.58,
            "book_valuer_per_share_4q_avg": 21.09,
            "equity": 19018370,
            "current_ratio": 272.83,
            "debt_ratio": 41.31,
            "inventory_turnover_ratio": 2.24,
            "account_receivable_turnover_ratio": 1.27,
            "reinvestment_rate": null,
            "research_to_sale_ratio": 4.25,
            "price_fair": 48.3,
            "eps_avg_yearly": 3.06,
            "eps_latest_yearly": 1.6,
            "eps_growth_yearly": 5.79
        },
        "20162": {
            "year_quarter": 20162,
            "year": 2016,
            "quarter": 2,
            "eps": 0.37,
            "eps_growth_year": -36.21,
            "eps_4q": 1.94,
            "eps_4q_growth_year": -44.52,
            "roe": 1.75,
            "roe_4q": 9.030000000000001,
            "gross_profit": 796923,
            "gross_margin": 16.86,
            "gross_margin_4q_avg": 18.18,
            "net_income": 314870,
            "revenue": 4727088,
            "common_shares": 8972192,
            "book_valuer_per_share": 19.68,
            "book_valuer_per_share_4q_avg": 20.85,
            "equity": 17066769,
            "current_ratio": 267.14,
            "debt_ratio": 47.87,
            "inventory_turnover_ratio": 2.01,
            "account_receivable_turnover_ratio": 1.27,
            "reinvestment_rate": 14.65,
            "research_to_sale_ratio": 4.6,
            "price_fair": 37.49,
            "eps_avg_yearly": 2.93,
            "eps_latest_yearly": 1.48,
            "eps_growth_yearly": 2.81
        },
        "20163": {
            "year_quarter": 20163,
            "year": 2016,
            "quarter": 3,
            "eps": 0.3,
            "eps_growth_year": -53.85,
            "eps_4q": 1.56,
            "eps_4q_growth_year": -49.95,
            "roe": 1.48,
            "roe_4q": 7.380000000000001,
            "gross_profit": 954374,
            "gross_margin": 19.03,
            "gross_margin_4q_avg": 18.46,
            "net_income": 255060,
            "revenue": 5015601,
            "common_shares": 8967963,
            "book_valuer_per_share": 19.97,
            "book_valuer_per_share_4q_avg": 20.64,
            "equity": 17304444,
            "current_ratio": 261.89,
            "debt_ratio": 47.59,
            "inventory_turnover_ratio": 1.85,
            "account_receivable_turnover_ratio": 1.27,
            "reinvestment_rate": 26.39,
            "research_to_sale_ratio": 4.33,
            "price_fair": 8.38,
            "eps_avg_yearly": 2.79,
            "eps_latest_yearly": 1.2,
            "eps_growth_yearly": -3.23
        },
        "20164": {
            "year_quarter": 20164,
            "year": 2016,
            "quarter": 4,
            "eps": 0.72,
            "eps_growth_year": 46.86,
            "eps_4q": 1.79,
            "eps_4q_growth_year": -28.15,
            "roe": 1.83,
            "roe_4q": 6.890000000000001,
            "gross_profit": 990444,
            "gross_margin": 25.26,
            "gross_margin_4q_avg": 20.05,
            "net_income": 307927,
            "revenue": 3920765,
            "common_shares": 8869663,
            "book_valuer_per_share": 18.99,
            "book_valuer_per_share_4q_avg": 20.06,
            "equity": 16273514,
            "current_ratio": 363.74,
            "debt_ratio": 48,
            "inventory_turnover_ratio": 1.43,
            "account_receivable_turnover_ratio": 0.95,
            "reinvestment_rate": -20.22,
            "research_to_sale_ratio": 5.18,
            "price_fair": 98,
            "eps_avg_yearly": 2.8,
            "eps_latest_yearly": 2.88,
            "eps_growth_yearly": 37
        },
        "20171": {
            "year_quarter": 20171,
            "year": 2017,
            "quarter": 1,
            "eps": 2.82,
            "eps_growth_year": 605,
            "eps_4q": 4.16,
            "eps_4q_growth_year": 95.76,
            "roe": 13.72,
            "roe_4q": 18.78,
            "gross_profit": 816562,
            "gross_margin": 17.91,
            "gross_margin_4q_avg": 19.77,
            "net_income": 2380057,
            "revenue": 4560283,
            "common_shares": 8868393,
            "book_valuer_per_share": 21.49,
            "book_valuer_per_share_4q_avg": 20.03,
            "equity": 18408492,
            "current_ratio": 331.64,
            "debt_ratio": 46.01,
            "inventory_turnover_ratio": 1.96,
            "account_receivable_turnover_ratio": 1.19,
            "reinvestment_rate": 34.93,
            "research_to_sale_ratio": 5.63,
            "price_fair": 117.79,
            "eps_avg_yearly": 3.37,
            "eps_latest_yearly": 11.28,
            "eps_growth_yearly": 112.31
        },
        "20172": {
            "year_quarter": 20172,
            "year": 2017,
            "quarter": 2,
            "eps": 0.38,
            "eps_growth_year": 2.7,
            "eps_4q": 4.17,
            "eps_4q_growth_year": 114.76,
            "roe": 1.77,
            "roe_4q": 18.8,
            "gross_profit": 910438,
            "gross_margin": 20.05,
            "gross_margin_4q_avg": 20.56,
            "net_income": 321397,
            "revenue": 4541251,
            "common_shares": 8866843,
            "book_valuer_per_share": 20.95,
            "book_valuer_per_share_4q_avg": 20.35,
            "equity": 17942107,
            "current_ratio": 209.1,
            "debt_ratio": 49.23,
            "inventory_turnover_ratio": 1.88,
            "account_receivable_turnover_ratio": 1.28,
            "reinvestment_rate": 35.08,
            "research_to_sale_ratio": 5.39,
            "price_fair": 113.75,
            "eps_avg_yearly": 3.25,
            "eps_latest_yearly": 1.52,
            "eps_growth_yearly": 83.66
        },
        "20173": {
            "year_quarter": 20173,
            "year": 2017,
            "quarter": 3,
            "eps": 0.19,
            "eps_growth_year": -36.67,
            "eps_4q": 4.06,
            "eps_4q_growth_year": 159.63,
            "roe": 0.9,
            "roe_4q": 18.22,
            "gross_profit": 760836,
            "gross_margin": 17.17,
            "gross_margin_4q_avg": 20.1,
            "net_income": 162037,
            "revenue": 4431093,
            "common_shares": 8864131,
            "book_valuer_per_share": 21.22,
            "book_valuer_per_share_4q_avg": 20.66,
            "equity": 18167460,
            "current_ratio": 237.89,
            "debt_ratio": 46.27,
            "inventory_turnover_ratio": 1.91,
            "account_receivable_turnover_ratio": 1.17,
            "reinvestment_rate": 39.31,
            "research_to_sale_ratio": 5.57,
            "price_fair": 108.94,
            "eps_avg_yearly": 3.11,
            "eps_latest_yearly": 0.76,
            "eps_growth_yearly": 67.26
        },
        "20174": {
            "year_quarter": 20174,
            "year": 2017,
            "quarter": 4,
            "eps": 0.19,
            "eps_growth_year": -73.42,
            "eps_4q": 3.53,
            "eps_4q_growth_year": 97.67,
            "roe": 0.89,
            "roe_4q": 17.28,
            "gross_profit": 749290,
            "gross_margin": 17,
            "gross_margin_4q_avg": 18.03,
            "net_income": 163037,
            "revenue": 4408228,
            "common_shares": 8862971,
            "book_valuer_per_share": 21.49,
            "book_valuer_per_share_4q_avg": 21.29,
            "equity": 18393336,
            "current_ratio": 212.89,
            "debt_ratio": 44.7,
            "inventory_turnover_ratio": 1.91,
            "account_receivable_turnover_ratio": 1.09,
            "reinvestment_rate": 59.04,
            "research_to_sale_ratio": 5.39,
            "price_fair": 103.08,
            "eps_avg_yearly": 2.95,
            "eps_latest_yearly": 0.76,
            "eps_growth_yearly": 63.2
        },
        "20181": {
            "year_quarter": 20181,
            "year": 2018,
            "quarter": 1,
            "eps": 0.03,
            "eps_growth_year": -98.94,
            "eps_4q": 0.78,
            "eps_4q_growth_year": -81.21,
            "roe": 0.12,
            "roe_4q": 3.68,
            "gross_profit": 584133,
            "gross_margin": 14.56,
            "gross_margin_4q_avg": 17.2,
            "net_income": 22763,
            "revenue": 4010958,
            "common_shares": 8861441,
            "book_valuer_per_share": 21.73,
            "book_valuer_per_share_4q_avg": 21.35,
            "equity": 18598527,
            "current_ratio": 203.86,
            "debt_ratio": 43.73,
            "inventory_turnover_ratio": 1.85,
            "account_receivable_turnover_ratio": 1.05,
            "reinvestment_rate": 80.6,
            "research_to_sale_ratio": 5.38,
            "price_fair": 94.15,
            "eps_avg_yearly": 2.69,
            "eps_latest_yearly": 0.12,
            "eps_growth_yearly": 36.63
        },
        "20182": {
            "year_quarter": 20182,
            "year": 2018,
            "quarter": 2,
            "eps": 0.15,
            "eps_growth_year": -60.53,
            "eps_4q": 0.55,
            "eps_4q_growth_year": -86.77,
            "roe": 0.67,
            "roe_4q": 2.58,
            "gross_profit": 735240,
            "gross_margin": 16.37,
            "gross_margin_4q_avg": 16.28,
            "net_income": 124100,
            "revenue": 4491581,
            "common_shares": 8859811,
            "book_valuer_per_share": 21.58,
            "book_valuer_per_share_4q_avg": 21.51,
            "equity": 18465920,
            "current_ratio": 247.58,
            "debt_ratio": 40.81,
            "inventory_turnover_ratio": 2.1,
            "account_receivable_turnover_ratio": 1.12,
            "reinvestment_rate": 83.59,
            "research_to_sale_ratio": 5.56,
            "price_fair": 90.48,
            "eps_avg_yearly": 2.59,
            "eps_latest_yearly": 0.6,
            "eps_growth_yearly": 148.06
        },
        "20183": {
            "year_quarter": 20183,
            "year": 2018,
            "quarter": 3,
            "eps": 0.56,
            "eps_growth_year": 194.74,
            "eps_4q": 1.03,
            "eps_4q_growth_year": -74.62,
            "roe": 2.44,
            "roe_4q": 4.12,
            "gross_profit": 975818,
            "gross_margin": 19.5,
            "gross_margin_4q_avg": 16.86,
            "net_income": 439608,
            "revenue": 5005190,
            "common_shares": 7528985,
            "book_valuer_per_share": 24.13,
            "book_valuer_per_share_4q_avg": 22.23,
            "equity": 17550341,
            "current_ratio": 223.72,
            "debt_ratio": 47.73,
            "inventory_turnover_ratio": 2.26,
            "account_receivable_turnover_ratio": 1.1,
            "reinvestment_rate": 86.86,
            "research_to_sale_ratio": 4.67,
            "price_fair": 85.93,
            "eps_avg_yearly": 2.46,
            "eps_latest_yearly": 2.24,
            "eps_growth_yearly": 194.02
        },
        "20184": {
            "year_quarter": 20184,
            "year": 2018,
            "quarter": 4,
            "eps": 0.71,
            "eps_growth_year": 273.03,
            "eps_4q": 1.52,
            "eps_4q_growth_year": -57.09,
            "roe": 2.9,
            "roe_4q": 6.13,
            "gross_profit": 1134804,
            "gross_margin": 22.82,
            "gross_margin_4q_avg": 18.31,
            "net_income": 516604,
            "revenue": 4972298,
            "common_shares": 7528577,
            "book_valuer_per_share": 24.85,
            "book_valuer_per_share_4q_avg": 23.07,
            "equity": 18070811,
            "current_ratio": 229.05,
            "debt_ratio": 45.46,
            "inventory_turnover_ratio": 2.16,
            "account_receivable_turnover_ratio": 1.05,
            "reinvestment_rate": 90.6,
            "research_to_sale_ratio": 4.83,
            "price_fair": 81.9,
            "eps_avg_yearly": 2.34,
            "eps_latest_yearly": 2.84,
            "eps_growth_yearly": 198.63
        },
        "20191": {
            "year_quarter": 20191,
            "year": 2019,
            "quarter": 1,
            "eps": 0.27,
            "eps_growth_year": 800,
            "eps_4q": 1.75,
            "eps_4q_growth_year": 124.09,
            "roe": 1.06,
            "roe_4q": 7.07,
            "gross_profit": 668251,
            "gross_margin": 14.98,
            "gross_margin_4q_avg": 18.42,
            "net_income": 193720,
            "revenue": 4462007,
            "common_shares": 7528347,
            "book_valuer_per_share": 25.18,
            "book_valuer_per_share_4q_avg": 23.94,
            "equity": 18310318,
            "current_ratio": 256.76,
            "debt_ratio": 45.38,
            "inventory_turnover_ratio": 2.2,
            "account_receivable_turnover_ratio": 1.01,
            "reinvestment_rate": 87.74,
            "research_to_sale_ratio": 5.3,
            "price_fair": 77.09,
            "eps_avg_yearly": 2.2,
            "eps_latest_yearly": 1.08,
            "eps_growth_yearly": 190.62
        },
        "20192": {
            "year_quarter": 20192,
            "year": 2019,
            "quarter": 2,
            "eps": 1.75,
            "eps_growth_year": 1066.67,
            "eps_4q": 3.33,
            "eps_4q_growth_year": 504.59,
            "roe": 6.89,
            "roe_4q": 13.29,
            "gross_profit": 838258,
            "gross_margin": 17.09,
            "gross_margin_4q_avg": 18.6,
            "net_income": 1274549,
            "revenue": 4905345,
            "common_shares": 7400859,
            "book_valuer_per_share": 25.69,
            "book_valuer_per_share_4q_avg": 24.96,
            "equity": 18683817,
            "current_ratio": 257.61,
            "debt_ratio": 44.75,
            "inventory_turnover_ratio": 2.4,
            "account_receivable_turnover_ratio": 1.13,
            "reinvestment_rate": 73.09,
            "research_to_sale_ratio": 5.38,
            "price_fair": 87.33,
            "eps_avg_yearly": 2.5,
            "eps_latest_yearly": 7,
            "eps_growth_yearly": 334.97
        },
        "20193": {
            "year_quarter": 20193,
            "year": 2019,
            "quarter": 3,
            "eps": 0.81,
            "eps_growth_year": 44.64,
            "eps_4q": 3.54,
            "eps_4q_growth_year": 243.04,
            "roe": 3.1,
            "roe_4q": 13.950000000000001,
            "gross_profit": 1152760,
            "gross_margin": 21.35,
            "gross_margin_4q_avg": 19.06,
            "net_income": 585924,
            "revenue": 5399048,
            "common_shares": 7272401,
            "book_valuer_per_share": 26.33,
            "book_valuer_per_share_4q_avg": 25.51,
            "equity": 19150898,
            "current_ratio": 246.25,
            "debt_ratio": 44.23,
            "inventory_turnover_ratio": 2.43,
            "account_receivable_turnover_ratio": 1.11,
            "reinvestment_rate": 80.43,
            "research_to_sale_ratio": 4.69,
            "price_fair": 88.73,
            "eps_avg_yearly": 2.54,
            "eps_latest_yearly": 3.24,
            "eps_growth_yearly": 318.53
        },
        "20194": {
            "year_quarter": 20194,
            "year": 2019,
            "quarter": 4,
            "eps": 0.73,
            "eps_growth_year": 2.59,
            "eps_4q": 3.55,
            "eps_4q_growth_year": 134.28,
            "roe": 2.73,
            "roe_4q": 13.78,
            "gross_profit": 1266870,
            "gross_margin": 22.74,
            "gross_margin_4q_avg": 19.04,
            "net_income": 529968,
            "revenue": 5571481,
            "common_shares": 7272401,
            "book_valuer_per_share": 27.02,
            "book_valuer_per_share_4q_avg": 26.06,
            "equity": 19651239,
            "current_ratio": 239.96,
            "debt_ratio": 42.72,
            "inventory_turnover_ratio": 2.43,
            "account_receivable_turnover_ratio": 1.15,
            "reinvestment_rate": 85.84,
            "research_to_sale_ratio": 4.56,
            "price_fair": 90.83,
            "eps_avg_yearly": 2.6,
            "eps_latest_yearly": 2.92,
            "eps_growth_yearly": 322.21
        },
        "20201": {
            "year_quarter": 20201,
            "year": 2020,
            "quarter": 1,
            "eps": 0.98,
            "eps_growth_year": 262.96,
            "eps_4q": 4.27,
            "eps_4q_growth_year": 143.58,
            "roe": 3.57,
            "roe_4q": 16.29,
            "gross_profit": 1270712,
            "gross_margin": 22.74,
            "gross_margin_4q_avg": 20.98,
            "net_income": 712716,
            "revenue": 5586802,
            "common_shares": 7272401,
            "book_valuer_per_share": 27.93,
            "book_valuer_per_share_4q_avg": 26.74,
            "equity": 20310472,
            "current_ratio": 344.58,
            "debt_ratio": 46.88,
            "inventory_turnover_ratio": 2.11,
            "account_receivable_turnover_ratio": 1.22,
            "reinvestment_rate": 79.32,
            "research_to_sale_ratio": 4.61,
            "price_fair": 95.9,
            "eps_avg_yearly": 2.74,
            "eps_latest_yearly": 3.92,
            "eps_growth_yearly": 335.37
        },
        "20202": {
            "year_quarter": 20202,
            "year": 2020,
            "quarter": 2,
            "eps": 0.75,
            "eps_growth_year": -57.14,
            "eps_4q": 3.26,
            "eps_4q_growth_year": -2.1,
            "roe": 2.73,
            "roe_4q": 12.129999999999999,
            "gross_profit": 1124464,
            "gross_margin": 20.72,
            "gross_margin_4q_avg": 21.89,
            "net_income": 544929,
            "revenue": 5428133,
            "common_shares": 7272401,
            "book_valuer_per_share": 26.9,
            "book_valuer_per_share_4q_avg": 27.05,
            "equity": 19564367,
            "current_ratio": 218.01,
            "debt_ratio": 45.11,
            "inventory_turnover_ratio": 1.86,
            "account_receivable_turnover_ratio": 1.18,
            "reinvestment_rate": 74.37,
            "research_to_sale_ratio": 4.65,
            "price_fair": 99.23,
            "eps_avg_yearly": 2.84,
            "eps_latest_yearly": 3,
            "eps_growth_yearly": 331.37
        },
        "20203": {
            "year_quarter": 20203,
            "year": 2020,
            "quarter": 3,
            "eps": 0.58,
            "eps_growth_year": -28.4,
            "eps_4q": 3.04,
            "eps_4q_growth_year": -13.99,
            "roe": 2.14,
            "roe_4q": 11.17,
            "gross_profit": 1095593,
            "gross_margin": 19.27,
            "gross_margin_4q_avg": 21.37,
            "net_income": 423435,
            "revenue": 5686127,
            "common_shares": 7272401,
            "book_valuer_per_share": 27.6,
            "book_valuer_per_share_4q_avg": 27.36,
            "equity": 20075104,
            "current_ratio": 301.55,
            "debt_ratio": 41.22,
            "inventory_turnover_ratio": 2.11,
            "account_receivable_turnover_ratio": 1.25,
            "reinvestment_rate": 59.37,
            "research_to_sale_ratio": 4.31,
            "price_fair": 101.68,
            "eps_avg_yearly": 2.91,
            "eps_latest_yearly": 2.32,
            "eps_growth_yearly": 330.44
        },
        "20204": {
            "year_quarter": 20204,
            "year": 2020,
            "quarter": 4,
            "eps": 0.94,
            "eps_growth_year": 29.52,
            "eps_4q": 3.26,
            "eps_4q_growth_year": -8.38,
            "roe": 3.36,
            "roe_4q": 11.8,
            "gross_profit": 1541404,
            "gross_margin": 24.43,
            "gross_margin_4q_avg": 21.79,
            "net_income": 686403,
            "revenue": 6310319,
            "common_shares": 7272401,
            "book_valuer_per_share": 28.64,
            "book_valuer_per_share_4q_avg": 27.77,
            "equity": 20831752,
            "current_ratio": 219.86,
            "debt_ratio": 40.62,
            "inventory_turnover_ratio": 2.3,
            "account_receivable_turnover_ratio": 1.26,
            "reinvestment_rate": 81.49,
            "research_to_sale_ratio": 4.13,
            "price_fair": 103.6,
            "eps_avg_yearly": 2.96,
            "eps_latest_yearly": 3.76,
            "eps_growth_yearly": 310.95
        },
        "20211": {
            "year_quarter": 20211,
            "year": 2021,
            "quarter": 1,
            "eps": 1.32,
            "eps_growth_year": 34.69,
            "eps_4q": 3.59,
            "eps_4q_growth_year": -15.77,
            "roe": 4.5,
            "roe_4q": 12.73,
            "gross_profit": 1561638,
            "gross_margin": 24.15,
            "gross_margin_4q_avg": 22.14,
            "net_income": 959121,
            "revenue": 6465339,
            "common_shares": 7272401,
            "book_valuer_per_share": 29.92,
            "book_valuer_per_share_4q_avg": 28.27,
            "equity": 21760672,
            "current_ratio": 237.29,
            "debt_ratio": 41.36,
            "inventory_turnover_ratio": 2.24,
            "account_receivable_turnover_ratio": 1.19,
            "reinvestment_rate": 68.34,
            "research_to_sale_ratio": 4.14,
            "price_fair": 90.48,
            "eps_avg_yearly": 2.59,
            "eps_latest_yearly": 5.28,
            "eps_growth_yearly": 248.14
        },
        "20212": {
            "year_quarter": 20212,
            "year": 2021,
            "quarter": 2,
            "eps": 1.76,
            "eps_growth_year": 134.67,
            "eps_4q": 4.61,
            "eps_4q_growth_year": 41.25,
            "roe": 5.73,
            "roe_4q": 15.73,
            "gross_profit": 1966024,
            "gross_margin": 28.16,
            "gross_margin_4q_avg": 24,
            "net_income": 1283588,
            "revenue": 6982242,
            "common_shares": 7272401,
            "book_valuer_per_share": 31.7,
            "book_valuer_per_share_4q_avg": 29.47,
            "equity": 23052095,
            "current_ratio": 220.95,
            "debt_ratio": 39.63,
            "inventory_turnover_ratio": 2.09,
            "account_receivable_turnover_ratio": 1.23,
            "reinvestment_rate": 42.53,
            "research_to_sale_ratio": 4.13,
            "price_fair": 102.55,
            "eps_avg_yearly": 2.93,
            "eps_latest_yearly": 7.04,
            "eps_growth_yearly": 278.11
        },
        "20213": {
            "year_quarter": 20213,
            "year": 2021,
            "quarter": 3,
            "eps": 1.93,
            "eps_growth_year": 232.76,
            "eps_4q": 5.95,
            "eps_4q_growth_year": 95.74,
            "roe": 6.1,
            "roe_4q": 19.689999999999998,
            "gross_profit": 1957797,
            "gross_margin": 27.34,
            "gross_margin_4q_avg": 26.02,
            "net_income": 1398884,
            "revenue": 7161039,
            "common_shares": 7272401,
            "book_valuer_per_share": 31.41,
            "book_valuer_per_share_4q_avg": 30.42,
            "equity": 22842158,
            "current_ratio": 218.79,
            "debt_ratio": 41.93,
            "inventory_turnover_ratio": 2.03,
            "account_receivable_turnover_ratio": 1.19,
            "reinvestment_rate": 36.01,
            "research_to_sale_ratio": 4.06,
            "price_fair": 117.78,
            "eps_avg_yearly": 3.37,
            "eps_latest_yearly": 7.72,
            "eps_growth_yearly": 293.02
        },
        "20214": {
            "year_quarter": 20214,
            "year": 2021,
            "quarter": 4,
            "eps": 1.95,
            "eps_growth_year": 106.51,
            "eps_4q": 6.96,
            "eps_4q_growth_year": 113.69,
            "roe": 6,
            "roe_4q": 22.33,
            "gross_profit": 1768519,
            "gross_margin": 26.04,
            "gross_margin_4q_avg": 26.42,
            "net_income": 1417476,
            "revenue": 6791415,
            "common_shares": 7272401,
            "book_valuer_per_share": 33.53,
            "book_valuer_per_share_4q_avg": 31.64,
            "equity": 24385886,
            "current_ratio": 229.55,
            "debt_ratio": 42.65,
            "inventory_turnover_ratio": 1.73,
            "account_receivable_turnover_ratio": 1.09,
            "reinvestment_rate": 47.62,
            "research_to_sale_ratio": 4.3,
            "price_fair": 133.18,
            "eps_avg_yearly": 3.81,
            "eps_latest_yearly": 7.8,
            "eps_growth_yearly": 293.28
        },
        "20221": {
            "year_quarter": 20221,
            "year": 2022,
            "quarter": 1,
            "eps": 1.68,
            "eps_growth_year": 27.27,
            "eps_4q": 7.32,
            "eps_4q_growth_year": 103.71,
            "roe": 4.89,
            "roe_4q": 22.720000000000002,
            "gross_profit": 1678024,
            "gross_margin": 24.95,
            "gross_margin_4q_avg": 26.62,
            "net_income": 1224739,
            "revenue": 6725222,
            "common_shares": 7272401,
            "book_valuer_per_share": 35.39,
            "book_valuer_per_share_4q_avg": 33.01,
            "equity": 25734728,
            "current_ratio": 302.78,
            "debt_ratio": 38.75,
            "inventory_turnover_ratio": 1.58,
            "account_receivable_turnover_ratio": 1.12,
            "reinvestment_rate": 30.55,
            "research_to_sale_ratio": 4.48,
            "price_fair": 147.61,
            "eps_avg_yearly": 4.22,
            "eps_latest_yearly": 6.72,
            "eps_growth_yearly": 310.87
        },
        "20222": {
            "year_quarter": 20222,
            "year": 2022,
            "quarter": 2,
            "eps": 1.82,
            "eps_growth_year": 3.41,
            "eps_4q": 7.37,
            "eps_4q_growth_year": 59.93,
            "roe": 5.33,
            "roe_4q": 22.32,
            "gross_profit": 1741892,
            "gross_margin": 25.42,
            "gross_margin_4q_avg": 25.94,
            "net_income": 1320548,
            "revenue": 6851737,
            "common_shares": 7272401,
            "book_valuer_per_share": 32.69,
            "book_valuer_per_share_4q_avg": 33.26,
            "equity": 23775454,
            "current_ratio": 195.68,
            "debt_ratio": 44.76,
            "inventory_turnover_ratio": 1.63,
            "account_receivable_turnover_ratio": 1.19,
            "reinvestment_rate": 30.04,
            "research_to_sale_ratio": 4.49,
            "price_fair": 162.23,
            "eps_avg_yearly": 4.64,
            "eps_latest_yearly": 7.28,
            "eps_growth_yearly": 212.96
        },
        "20223": {
            "year_quarter": 20223,
            "year": 2022,
            "quarter": 3,
            "eps": 0.92,
            "eps_growth_year": -52.33,
            "eps_4q": 6.37,
            "eps_4q_growth_year": 7.08,
            "roe": 2.78,
            "roe_4q": 19,
            "gross_profit": 812223,
            "gross_margin": 15.46,
            "gross_margin_4q_avg": 22.97,
            "net_income": 671812,
            "revenue": 5253906,
            "common_shares": 7272401,
            "book_valuer_per_share": 33.71,
            "book_valuer_per_share_4q_avg": 33.83,
            "equity": 24517528,
            "current_ratio": 317.97,
            "debt_ratio": 41.7,
            "inventory_turnover_ratio": 1.39,
            "account_receivable_turnover_ratio": 1.01,
            "reinvestment_rate": 30.26,
            "research_to_sale_ratio": 5.56,
            "price_fair": 165.38,
            "eps_avg_yearly": 4.73,
            "eps_latest_yearly": 3.68,
            "eps_growth_yearly": 132.26
        },
        "20224": {
            "year_quarter": 20224,
            "year": 2022,
            "quarter": 4,
            "eps": 0.21,
            "eps_growth_year": -89.07,
            "eps_4q": 4.64,
            "eps_4q_growth_year": -33.35,
            "roe": 0.63,
            "roe_4q": 13.629999999999999,
            "gross_profit": 679918,
            "gross_margin": 14.51,
            "gross_margin_4q_avg": 20.09,
            "net_income": 154875,
            "revenue": 4686199,
            "common_shares": 7272401,
            "book_valuer_per_share": 34.12,
            "book_valuer_per_share_4q_avg": 33.98,
            "equity": 24811933,
            "current_ratio": 289.95,
            "debt_ratio": 44.79,
            "inventory_turnover_ratio": 1.23,
            "account_receivable_turnover_ratio": 1.05,
            "reinvestment_rate": 30.67,
            "research_to_sale_ratio": 5.49,
            "price_fair": 161,
            "eps_avg_yearly": 4.6,
            "eps_latest_yearly": 0.84,
            "eps_growth_yearly": 106.27
        },
        "20231": {
            "year_quarter": 20231,
            "year": 2023,
            "quarter": 1,
            "eps": 0.28,
            "eps_growth_year": -83.33,
            "eps_4q": 3.23,
            "eps_4q_growth_year": -55.87,
            "roe": 0.81,
            "roe_4q": 9.55,
            "gross_profit": 569773,
            "gross_margin": 12.37,
            "gross_margin_4q_avg": 16.94,
            "net_income": 202350,
            "revenue": 4605134,
            "common_shares": 7272401,
            "book_valuer_per_share": 34.44,
            "book_valuer_per_share_4q_avg": 33.74,
            "equity": 25046492,
            "current_ratio": 336.22,
            "debt_ratio": 45.21,
            "inventory_turnover_ratio": 1.32,
            "account_receivable_turnover_ratio": 1.07,
            "reinvestment_rate": 27.17,
            "research_to_sale_ratio": 5.53,
            "price_fair": 161.09,
            "eps_avg_yearly": 4.6,
            "eps_latest_yearly": 1.12,
            "eps_growth_yearly": 130.1
        }
    },
    "months": {
        "2013-04": {
            "month": "2013-04",
            "price": "36.02",
            "revenue": 1574083
        },
        "2013-05": {
            "month": "2013-05",
            "price": "31.11",
            "revenue": 1646561
        },
        "2013-06": {
            "month": "2013-06",
            "price": "28.74",
            "revenue": 1718533
        },
        "2013-07": {
            "month": "2013-07",
            "price": "29.19",
            "revenue": 1717668
        },
        "2013-08": {
            "month": "2013-08",
            "price": "27.45",
            "revenue": 1713107
        },
        "2013-09": {
            "month": "2013-09",
            "price": "23.78",
            "revenue": 1681113
        },
        "2013-10": {
            "month": "2013-10",
            "price": "25.37",
            "revenue": 1635511
        },
        "2013-11": {
            "month": "2013-11",
            "price": "25.01",
            "revenue": 1620490
        },
        "2013-12": {
            "month": "2013-12",
            "price": "28.09",
            "revenue": 1634119
        },
        "2014-01": {
            "month": "2014-01",
            "price": "31.46",
            "revenue": 1621743
        },
        "2014-02": {
            "month": "2014-02",
            "price": "34.07",
            "revenue": 1627266
        },
        "2014-03": {
            "month": "2014-03",
            "price": "35.20",
            "revenue": 1740013
        },
        "2014-04": {
            "month": "2014-04",
            "price": "36.72",
            "revenue": 1784958
        },
        "2014-05": {
            "month": "2014-05",
            "price": "40.28",
            "revenue": 1828666
        },
        "2014-06": {
            "month": "2014-06",
            "price": "42.97",
            "revenue": 1799775
        },
        "2014-07": {
            "month": "2014-07",
            "price": "41.65",
            "revenue": 1943939
        },
        "2014-08": {
            "month": "2014-08",
            "price": "39.37",
            "revenue": 1953964
        },
        "2014-09": {
            "month": "2014-09",
            "price": "38.79",
            "revenue": 1908378
        },
        "2014-10": {
            "month": "2014-10",
            "price": "37.93",
            "revenue": 1942369
        },
        "2014-11": {
            "month": "2014-11",
            "price": "39.76",
            "revenue": 1948552
        },
        "2014-12": {
            "month": "2014-12",
            "price": "41.98",
            "revenue": 1905508
        },
        "2015-01": {
            "month": "2015-01",
            "price": "43.65",
            "revenue": 1792208
        },
        "2015-02": {
            "month": "2015-02",
            "price": "48.65",
            "revenue": 1650676
        },
        "2015-03": {
            "month": "2015-03",
            "price": "47.51",
            "revenue": 1775254
        },
        "2015-04": {
            "month": "2015-04",
            "price": "44.63",
            "revenue": 1712894
        },
        "2015-05": {
            "month": "2015-05",
            "price": "41.91",
            "revenue": 1667705
        },
        "2015-06": {
            "month": "2015-06",
            "price": "42.59",
            "revenue": 1688536
        },
        "2015-07": {
            "month": "2015-07",
            "price": "36.57",
            "revenue": 1635888
        },
        "2015-08": {
            "month": "2015-08",
            "price": "29.78",
            "revenue": 1588601
        },
        "2015-09": {
            "month": "2015-09",
            "price": "33.57",
            "revenue": 1602601
        },
        "2015-10": {
            "month": "2015-10",
            "price": "32.90",
            "revenue": 1603579
        },
        "2015-11": {
            "month": "2015-11",
            "price": "34.27",
            "revenue": 1576650
        },
        "2015-12": {
            "month": "2015-12",
            "price": "32.33",
            "revenue": 1574799
        },
        "2016-01": {
            "month": "2016-01",
            "price": "29.56",
            "revenue": 1601335
        },
        "2016-02": {
            "month": "2016-02",
            "price": "32.90",
            "revenue": 1496798
        },
        "2016-03": {
            "month": "2016-03",
            "price": "34.41",
            "revenue": 1626006
        },
        "2016-04": {
            "month": "2016-04",
            "price": "31.41",
            "revenue": 1558778
        },
        "2016-05": {
            "month": "2016-05",
            "price": "31.53",
            "revenue": 1550159
        },
        "2016-06": {
            "month": "2016-06",
            "price": "33.52",
            "revenue": 1618151
        },
        "2016-07": {
            "month": "2016-07",
            "price": "33.46",
            "revenue": 1621938
        },
        "2016-08": {
            "month": "2016-08",
            "price": "31.33",
            "revenue": 1706560
        },
        "2016-09": {
            "month": "2016-09",
            "price": "30.71",
            "revenue": 1687103
        },
        "2016-10": {
            "month": "2016-10",
            "price": "29.04",
            "revenue": 1645212
        },
        "2016-11": {
            "month": "2016-11",
            "price": "25.92",
            "revenue": 1603132
        },
        "2016-12": {
            "month": "2016-12",
            "price": "24.18",
            "revenue": 1677587
        },
        "2017-01": {
            "month": "2017-01",
            "price": "25.32",
            "revenue": 1556521
        },
        "2017-02": {
            "month": "2017-02",
            "price": "24.88",
            "revenue": 1421019
        },
        "2017-03": {
            "month": "2017-03",
            "price": "25.53",
            "revenue": 1582743
        },
        "2017-04": {
            "month": "2017-04",
            "price": "26.48",
            "revenue": 1604063
        },
        "2017-05": {
            "month": "2017-05",
            "price": "28.18",
            "revenue": 1526081
        },
        "2017-06": {
            "month": "2017-06",
            "price": "31.52",
            "revenue": 1411107
        },
        "2017-07": {
            "month": "2017-07",
            "price": "30.51",
            "revenue": 1417508
        },
        "2017-08": {
            "month": "2017-08",
            "price": "27.37",
            "revenue": 1479336
        },
        "2017-09": {
            "month": "2017-09",
            "price": "28.81",
            "revenue": 1534249
        },
        "2017-10": {
            "month": "2017-10",
            "price": "31.39",
            "revenue": 1537094
        },
        "2017-11": {
            "month": "2017-11",
            "price": "28.56",
            "revenue": 1459549
        },
        "2017-12": {
            "month": "2017-12",
            "price": "26.91",
            "revenue": 1411585
        },
        "2018-01": {
            "month": "2018-01",
            "price": "26.72",
            "revenue": 1336964
        },
        "2018-02": {
            "month": "2018-02",
            "price": "24.90",
            "revenue": 1210391
        },
        "2018-03": {
            "month": "2018-03",
            "price": "24.88",
            "revenue": 1463603
        },
        "2018-04": {
            "month": "2018-04",
            "price": "22.33",
            "revenue": 1419069
        },
        "2018-05": {
            "month": "2018-05",
            "price": "21.51",
            "revenue": 1522342
        },
        "2018-06": {
            "month": "2018-06",
            "price": "22.91",
            "revenue": 1550170
        },
        "2018-07": {
            "month": "2018-07",
            "price": "22.22",
            "revenue": 1576707
        },
        "2018-08": {
            "month": "2018-08",
            "price": "21.77",
            "revenue": 1733030
        },
        "2018-09": {
            "month": "2018-09",
            "price": "21.82",
            "revenue": 1695453
        },
        "2018-10": {
            "month": "2018-10",
            "price": "23.03",
            "revenue": 1813497
        },
        "2018-11": {
            "month": "2018-11",
            "price": "26.14",
            "revenue": 1620831
        },
        "2018-12": {
            "month": "2018-12",
            "price": "26.74",
            "revenue": 1537970
        },
        "2019-01": {
            "month": "2019-01",
            "price": "24.95",
            "revenue": 1549924
        },
        "2019-02": {
            "month": "2019-02",
            "price": "25.44",
            "revenue": 1328454
        },
        "2019-03": {
            "month": "2019-03",
            "price": "25.64",
            "revenue": 1583629
        },
        "2019-04": {
            "month": "2019-04",
            "price": "27.44",
            "revenue": 1559515
        },
        "2019-05": {
            "month": "2019-05",
            "price": "24.90",
            "revenue": 1709126
        },
        "2019-06": {
            "month": "2019-06",
            "price": "23.82",
            "revenue": 1636704
        },
        "2019-07": {
            "month": "2019-07",
            "price": "26.10",
            "revenue": 1737309
        },
        "2019-08": {
            "month": "2019-08",
            "price": "29.69",
            "revenue": 1912105
        },
        "2019-09": {
            "month": "2019-09",
            "price": "32.81",
            "revenue": 1749634
        },
        "2019-10": {
            "month": "2019-10",
            "price": "31.55",
            "revenue": 1898900
        },
        "2019-11": {
            "month": "2019-11",
            "price": "34.97",
            "revenue": 1849069
        },
        "2019-12": {
            "month": "2019-12",
            "price": "35.10",
            "revenue": 1823512
        },
        "2020-01": {
            "month": "2020-01",
            "price": "33.25",
            "revenue": 1732334
        },
        "2020-02": {
            "month": "2020-02",
            "price": "30.46",
            "revenue": 1887632
        },
        "2020-03": {
            "month": "2020-03",
            "price": "27.59",
            "revenue": 1966836
        },
        "2020-04": {
            "month": "2020-04",
            "price": "28.87",
            "revenue": 1854324
        },
        "2020-05": {
            "month": "2020-05",
            "price": "31.48",
            "revenue": 1789294
        },
        "2020-06": {
            "month": "2020-06",
            "price": "33.53",
            "revenue": 1784515
        },
        "2020-07": {
            "month": "2020-07",
            "price": "32.23",
            "revenue": 1886592
        },
        "2020-08": {
            "month": "2020-08",
            "price": "30.93",
            "revenue": 1902474
        },
        "2020-09": {
            "month": "2020-09",
            "price": "29.01",
            "revenue": 1897061
        },
        "2020-10": {
            "month": "2020-10",
            "price": "28.88",
            "revenue": 2068704
        },
        "2020-11": {
            "month": "2020-11",
            "price": "30.08",
            "revenue": 2051072
        },
        "2020-12": {
            "month": "2020-12",
            "price": "34.81",
            "revenue": 2190543
        },
        "2021-01": {
            "month": "2021-01",
            "price": "35.61",
            "revenue": 2163311
        },
        "2021-02": {
            "month": "2021-02",
            "price": "35.96",
            "revenue": 1957424
        },
        "2021-03": {
            "month": "2021-03",
            "price": "40.44",
            "revenue": 2344604
        },
        "2021-04": {
            "month": "2021-04",
            "price": "47.01",
            "revenue": 2283389
        },
        "2021-05": {
            "month": "2021-05",
            "price": "43.50",
            "revenue": 2338610
        },
        "2021-06": {
            "month": "2021-06",
            "price": "47.57",
            "revenue": 2360243
        },
        "2021-07": {
            "month": "2021-07",
            "price": "51.24",
            "revenue": 2417897
        },
        "2021-08": {
            "month": "2021-08",
            "price": "55.53",
            "revenue": 2399295
        },
        "2021-09": {
            "month": "2021-09",
            "price": "54.26",
            "revenue": 2343847
        },
        "2021-10": {
            "month": "2021-10",
            "price": "45.29",
            "revenue": 2289435
        },
        "2021-11": {
            "month": "2021-11",
            "price": "46.46",
            "revenue": 2236478
        },
        "2021-12": {
            "month": "2021-12",
            "price": "47.04",
            "revenue": 2265502
        },
        "2022-01": {
            "month": "2022-01",
            "price": "48.06",
            "revenue": 2272996
        },
        "2022-02": {
            "month": "2022-02",
            "price": "47.73",
            "revenue": 2096899
        },
        "2022-03": {
            "month": "2022-03",
            "price": "51.44",
            "revenue": 2355327
        },
        "2022-04": {
            "month": "2022-04",
            "price": "48.36",
            "revenue": 2344156
        },
        "2022-05": {
            "month": "2022-05",
            "price": "47.45",
            "revenue": 2396762
        },
        "2022-06": {
            "month": "2022-06",
            "price": "47.49",
            "revenue": 2110819
        },
        "2022-07": {
            "month": "2022-07",
            "price": "34.59",
            "revenue": 1947919
        },
        "2022-08": {
            "month": "2022-08",
            "price": "35.83",
            "revenue": 1715097
        },
        "2022-09": {
            "month": "2022-09",
            "price": "32.48",
            "revenue": 1590890
        },
        "2022-10": {
            "month": "2022-10",
            "price": "30.73",
            "revenue": 1574012
        },
        "2022-11": {
            "month": "2022-11",
            "price": "32.80",
            "revenue": 1558359
        },
        "2022-12": {
            "month": "2022-12",
            "price": "33.16",
            "revenue": 1553828
        },
        "2023-01": {
            "month": "2023-01",
            "price": "33.61",
            "revenue": 1330159
        },
        "2023-02": {
            "month": "2023-02",
            "price": "35.83",
            "revenue": 1437306
        },
        "2023-03": {
            "month": "2023-03",
            "price": "36.93",
            "revenue": 1837669
        },
        "2023-04": {
            "month": "2023-04",
            "price": "38.07",
            "revenue": 1821728
        },
        "2023-05": {
            "month": "2023-05",
            "price": "38.37",
            "revenue": 1834281
        }
    }
}
