{
    "summary": {
        "stock_name": "博智",
        "stock_id": "8155",
        "category": "電子零組件",
        "main_business": "電子零組件製造業<br>電子材料批發及零售業<br>國際貿易業",
        "website_url": "http://www.accl.com.tw",
        "ceo": "洪輝龍",
        "pe_ratio": 28,
        "report_year_from": 2001,
        "report_year_to": 2023,
        "age": 22,
        "eps_negative_percentage": 0,
        "eps_growth_avg": {
            "last_all": 29.65,
            "last_2y": 38.41,
            "last_4y": 19.02,
            "last_8y": 28.67,
            "last_12y": null,
            "last_16y": null,
            "last_20y": null,
            "at_2006_last_3y": null,
            "at_2007_last_3y": null,
            "at_2008_last_3y": null,
            "at_2009_last_3y": null,
            "at_2010_last_3y": null,
            "at_2011_last_3y": null,
            "at_2012_last_3y": null,
            "at_2013_last_3y": null,
            "at_2014_last_3y": null,
            "at_2015_last_3y": 15.67,
            "at_2016_last_3y": 10.59,
            "at_2017_last_3y": 40.74,
            "at_2018_last_3y": 37.08,
            "at_2019_last_3y": 37.06,
            "at_2020_last_3y": 42.14,
            "at_2021_last_3y": 13.33,
            "at_2022_last_3y": 18.95,
            "at_2023_last_3y": 18.95,
            "at_2006_last_all": null,
            "at_2007_last_all": null,
            "at_2008_last_all": null,
            "at_2009_last_all": null,
            "at_2010_last_all": null,
            "at_2011_last_all": null,
            "at_2012_last_all": null,
            "at_2013_last_all": 34.04,
            "at_2014_last_all": 34,
            "at_2015_last_all": 15.67,
            "at_2016_last_all": 28.47,
            "at_2017_last_all": 38.51,
            "at_2018_last_all": 35.76,
            "at_2019_last_all": 26.37,
            "at_2020_last_all": 34.55,
            "at_2021_last_all": 28.44,
            "at_2022_last_all": 29.65,
            "at_2023_last_all": 29.65
        },
        "latest_eps": 5.53,
        "latest_price": 154.5,
        "latest_roe": 14.06,
        "latest_gross_margin": 16.45,
        "latest_equity": 2009815,
        "latest_revenue": 673017,
        "latest_gross_profit": 110714,
        "latest_net_income": 40620,
        "latest_debt_ratio": 40.8,
        "latest_current_ratio": 164.41,
        "latest_account_receivable_turnover_ratio": 0.74,
        "latest_inventory_turnover_ratio": 1.45,
        "latest_reinvestment_rate": 15.13,
        "latest_research_to_sale_ratio": 3.66
    },
    "eps_dividends": {
        "2001": {
            "cash": 0,
            "stock": 0,
            "eps": 0
        },
        "2002": {
            "cash": 0,
            "stock": 0,
            "eps": 0
        },
        "2003": {
            "cash": 0,
            "stock": 0,
            "eps": 0
        },
        "2004": {
            "cash": 0,
            "stock": 0,
            "eps": 0
        },
        "2005": {
            "cash": 0,
            "stock": 0,
            "eps": 0
        },
        "2006": {
            "cash": 0,
            "stock": 0,
            "eps": 0
        },
        "2007": {
            "cash": 0,
            "stock": 0,
            "eps": 0
        },
        "2008": {
            "cash": 0,
            "stock": 0,
            "eps": 0
        },
        "2009": {
            "cash": 0,
            "stock": 0,
            "eps": 0
        },
        "2010": {
            "cash": 0,
            "stock": 0,
            "eps": 0
        },
        "2011": {
            "cash": 0,
            "stock": 0.5,
            "eps": 1.3
        },
        "2012": {
            "cash": 0.2,
            "stock": 0.5,
            "eps": 3.29
        },
        "2013": {
            "cash": 1.5,
            "stock": 0,
            "eps": 2.24
        },
        "2014": {
            "cash": 1.6,
            "stock": 0,
            "eps": 3
        },
        "2015": {
            "cash": 2,
            "stock": 0,
            "eps": 1.82
        },
        "2016": {
            "cash": 2,
            "stock": 0,
            "eps": 3.27
        },
        "2017": {
            "cash": 2.93,
            "stock": 0,
            "eps": 6.17
        },
        "2018": {
            "cash": 5.5,
            "stock": 0,
            "eps": 7.36
        },
        "2019": {
            "cash": 5.6,
            "stock": 0,
            "eps": 4.46
        },
        "2020": {
            "cash": 3.6,
            "stock": 0,
            "eps": 10.69
        },
        "2021": {
            "cash": 7,
            "stock": 0,
            "eps": 7.85
        },
        "2022": {
            "cash": 6,
            "stock": 0,
            "eps": 11.13
        },
        "2023": {
            "cash": 7.3,
            "stock": 0,
            "eps": 1.88
        }
    },
    "dividends": {
        "2011-04-27": {
            "cash": 0,
            "stock": 0.5
        },
        "2012-06-25": {
            "cash": 0.2,
            "stock": 0.5
        },
        "2013-06-21": {
            "cash": 1.5,
            "stock": 0
        },
        "2014-09-03": {
            "cash": 1.6,
            "stock": 0
        },
        "2015-09-03": {
            "cash": 2,
            "stock": 0
        },
        "2016-09-02": {
            "cash": 2,
            "stock": 0
        },
        "2017-09-01": {
            "cash": 2.93,
            "stock": 0
        },
        "2018-08-31": {
            "cash": 5.5,
            "stock": 0
        },
        "2019-08-30": {
            "cash": 5.6,
            "stock": 0
        },
        "2020-08-28": {
            "cash": 3.6,
            "stock": 0
        },
        "2021-08-27": {
            "cash": 7,
            "stock": 0
        },
        "2022-08-26": {
            "cash": 6,
            "stock": 0
        },
        "2023-08-25": {
            "cash": 7.3,
            "stock": 0
        }
    },
    "prices": {
        "200101": "無",
        "200102": "無",
        "200103": "無",
        "200104": "無",
        "200105": "無",
        "200106": "無",
        "200107": "無",
        "200108": "無",
        "200109": "無",
        "200110": "無",
        "200111": "無",
        "200112": "無",
        "200201": "無",
        "200202": "無",
        "200203": "無",
        "200204": "無",
        "200205": "無",
        "200206": "無",
        "200207": "無",
        "200208": "無",
        "200209": "無",
        "200210": "無",
        "200211": "無",
        "200212": "無",
        "200301": "無",
        "200302": "無",
        "200303": "無",
        "200304": "無",
        "200305": "無",
        "200306": "無",
        "200307": "無",
        "200308": "無",
        "200309": "無",
        "200310": "無",
        "200311": "無",
        "200312": "無",
        "200401": "無",
        "200402": "無",
        "200403": "無",
        "200404": "無",
        "200405": "無",
        "200406": "無",
        "200407": "無",
        "200408": "無",
        "200409": "無",
        "200410": "無",
        "200411": "無",
        "200412": "無",
        "200501": "無",
        "200502": "無",
        "200503": "無",
        "200504": "無",
        "200505": "無",
        "200506": "無",
        "200507": "無",
        "200508": "無",
        "200509": "無",
        "200510": "無",
        "200511": "無",
        "200512": "無",
        "200601": "無",
        "200602": "無",
        "200603": "無",
        "200604": "無",
        "200605": "無",
        "200606": "無",
        "200607": "無",
        "200608": "無",
        "200609": "無",
        "200610": "無",
        "200611": "無",
        "200612": "無",
        "200701": "無",
        "200702": "無",
        "200703": "無",
        "200704": "無",
        "200705": "無",
        "200706": "無",
        "200707": "無",
        "200708": "無",
        "200709": "無",
        "200710": "無",
        "200711": "無",
        "200712": "無",
        "200801": "無",
        "200802": "無",
        "200803": "無",
        "200804": "無",
        "200805": "無",
        "200806": "無",
        "200807": "無",
        "200808": "無",
        "200809": "無",
        "200810": "無",
        "200811": "無",
        "200812": "無",
        "200901": "無",
        "200902": "無",
        "200903": "無",
        "200904": "無",
        "200905": "無",
        "200906": "無",
        "200907": "無",
        "200908": "無",
        "200909": "無",
        "200910": "無",
        "200911": "無",
        "200912": "無",
        "201001": "無",
        "201002": "無",
        "201003": "無",
        "201004": "無",
        "201005": "無",
        "201006": "無",
        "201007": "無",
        "201008": "無",
        "201009": "無",
        "201010": "無",
        "201011": "無",
        "201012": "無",
        "201101": "無",
        "201102": "無",
        "201103": "無",
        "201104": "無",
        "201105": "30.00",
        "201106": "25.88",
        "201107": "21.20",
        "201108": "23.93",
        "201109": "26.79",
        "201110": "26.09",
        "201111": "24.90",
        "201112": "22.36",
        "201201": "21.00",
        "201202": "22.13",
        "201203": "22.49",
        "201204": "21.95",
        "201205": "20.37",
        "201206": "19.63",
        "201207": "20.22",
        "201208": "23.36",
        "201209": "29.59",
        "201210": "30.40",
        "201211": "30.99",
        "201212": "31.08",
        "201301": "38.11",
        "201302": "38.77",
        "201303": "36.49",
        "201304": "31.96",
        "201305": "29.43",
        "201306": "28.37",
        "201307": "27.00",
        "201308": "25.03",
        "201309": "25.30",
        "201310": "24.89",
        "201311": "22.03",
        "201312": "22.65",
        "201401": "25.46",
        "201402": "30.20",
        "201403": "32.98",
        "201404": "40.53",
        "201405": "40.78",
        "201406": "44.02",
        "201407": "41.52",
        "201408": "37.45",
        "201409": "36.74",
        "201410": "32.63",
        "201411": "30.85",
        "201412": "37.43",
        "201501": "39.30",
        "201502": "38.15",
        "201503": "36.81",
        "201504": "37.16",
        "201505": "34.20",
        "201506": "28.46",
        "201507": "24.27",
        "201508": "16.76",
        "201509": "18.33",
        "201510": "20.88",
        "201511": "18.74",
        "201512": "17.60",
        "201601": "16.25",
        "201602": "17.81",
        "201603": "20.70",
        "201604": "22.48",
        "201605": "23.67",
        "201606": "27.15",
        "201607": "30.79",
        "201608": "30.53",
        "201609": "31.37",
        "201610": "30.22",
        "201611": "28.26",
        "201612": "28.02",
        "201701": "29.68",
        "201702": "32.99",
        "201703": "36.19",
        "201704": "37.68",
        "201705": "38.80",
        "201706": "42.41",
        "201707": "49.29",
        "201708": "55.85",
        "201709": "70.09",
        "201710": "73.54",
        "201711": "76.89",
        "201712": "73.74",
        "201801": "97.52",
        "201802": "103.74",
        "201803": "110.87",
        "201804": "133.72",
        "201805": "136.95",
        "201806": "127.78",
        "201807": "96.62",
        "201808": "99.75",
        "201809": "85.02",
        "201810": "61.48",
        "201811": "58.84",
        "201812": "64.47",
        "201901": "61.12",
        "201902": "66.87",
        "201903": "67.58",
        "201904": "66.25",
        "201905": "57.25",
        "201906": "58.99",
        "201907": "68.11",
        "201908": "68.73",
        "201909": "71.83",
        "201910": "82.27",
        "201911": "96.40",
        "201912": "99.08",
        "202001": "98.20",
        "202002": "124.26",
        "202003": "142.66",
        "202004": "157.75",
        "202005": "155.22",
        "202006": "145.38",
        "202007": "142.65",
        "202008": "131.79",
        "202009": "119.89",
        "202010": "115.68",
        "202011": "117.88",
        "202012": "130.43",
        "202101": "114.82",
        "202102": "116.54",
        "202103": "123.05",
        "202104": "119.58",
        "202105": "100.43",
        "202106": "112.29",
        "202107": "122.14",
        "202108": "109.18",
        "202109": "123.72",
        "202110": "138.55",
        "202111": "144.05",
        "202112": "146.36",
        "202201": "173.22",
        "202202": "189.53",
        "202203": "192.78",
        "202204": "166.61",
        "202205": "160.64",
        "202206": "140.67",
        "202207": "120.50",
        "202208": "118.93",
        "202209": "107.07",
        "202210": "89.36",
        "202211": "104.67",
        "202212": "112.50",
        "202301": "110.62",
        "202302": "120.25",
        "202303": "123.96",
        "202304": "144.56",
        "202305": "145.91",
        "202306": "143.92",
        "202307": "163.81",
        "202308": "141.68",
        "202309": "146.96"
    },
    "quarters": {
        "20011": {
            "year_quarter": 20011,
            "year": 2001,
            "quarter": 1,
            "eps": null,
            "eps_growth_year": null,
            "eps_4q": null,
            "eps_4q_growth_year": null,
            "roe": null,
            "roe_4q": 0,
            "gross_profit": null,
            "gross_margin": null,
            "gross_margin_4q_avg": 0,
            "net_income": null,
            "revenue": null,
            "common_shares": null,
            "book_valuer_per_share": null,
            "book_valuer_per_share_4q_avg": 0,
            "equity": null,
            "current_ratio": null,
            "debt_ratio": null,
            "inventory_turnover_ratio": null,
            "account_receivable_turnover_ratio": null,
            "reinvestment_rate": null,
            "research_to_sale_ratio": null,
            "price_fair": 0,
            "eps_avg_yearly": 0,
            "eps_latest_yearly": 0,
            "eps_growth_yearly": 0
        },
        "20012": {
            "year_quarter": 20012,
            "year": 2001,
            "quarter": 2,
            "eps": null,
            "eps_growth_year": null,
            "eps_4q": null,
            "eps_4q_growth_year": null,
            "roe": null,
            "roe_4q": 0,
            "gross_profit": null,
            "gross_margin": null,
            "gross_margin_4q_avg": 0,
            "net_income": null,
            "revenue": null,
            "common_shares": null,
            "book_valuer_per_share": null,
            "book_valuer_per_share_4q_avg": 0,
            "equity": null,
            "current_ratio": null,
            "debt_ratio": null,
            "inventory_turnover_ratio": null,
            "account_receivable_turnover_ratio": null,
            "reinvestment_rate": null,
            "research_to_sale_ratio": null,
            "price_fair": 0,
            "eps_avg_yearly": 0,
            "eps_latest_yearly": 0,
            "eps_growth_yearly": 0
        },
        "20013": {
            "year_quarter": 20013,
            "year": 2001,
            "quarter": 3,
            "eps": null,
            "eps_growth_year": null,
            "eps_4q": null,
            "eps_4q_growth_year": null,
            "roe": null,
            "roe_4q": 0,
            "gross_profit": null,
            "gross_margin": null,
            "gross_margin_4q_avg": 0,
            "net_income": null,
            "revenue": null,
            "common_shares": null,
            "book_valuer_per_share": null,
            "book_valuer_per_share_4q_avg": 0,
            "equity": null,
            "current_ratio": null,
            "debt_ratio": null,
            "inventory_turnover_ratio": null,
            "account_receivable_turnover_ratio": null,
            "reinvestment_rate": null,
            "research_to_sale_ratio": null,
            "price_fair": 0,
            "eps_avg_yearly": 0,
            "eps_latest_yearly": 0,
            "eps_growth_yearly": 0
        },
        "20014": {
            "year_quarter": 20014,
            "year": 2001,
            "quarter": 4,
            "eps": null,
            "eps_growth_year": null,
            "eps_4q": null,
            "eps_4q_growth_year": null,
            "roe": null,
            "roe_4q": 0,
            "gross_profit": null,
            "gross_margin": null,
            "gross_margin_4q_avg": 0,
            "net_income": null,
            "revenue": null,
            "common_shares": 770000,
            "book_valuer_per_share": 10.05,
            "book_valuer_per_share_4q_avg": 2.51,
            "equity": 773661,
            "current_ratio": 104.28,
            "debt_ratio": 61.68,
            "inventory_turnover_ratio": null,
            "account_receivable_turnover_ratio": null,
            "reinvestment_rate": null,
            "research_to_sale_ratio": null,
            "price_fair": 0,
            "eps_avg_yearly": 0,
            "eps_latest_yearly": 0,
            "eps_growth_yearly": 0
        },
        "20021": {
            "year_quarter": 20021,
            "year": 2002,
            "quarter": 1,
            "eps": null,
            "eps_growth_year": null,
            "eps_4q": null,
            "eps_4q_growth_year": null,
            "roe": null,
            "roe_4q": 0,
            "gross_profit": null,
            "gross_margin": null,
            "gross_margin_4q_avg": 0,
            "net_income": null,
            "revenue": null,
            "common_shares": null,
            "book_valuer_per_share": null,
            "book_valuer_per_share_4q_avg": 2.51,
            "equity": null,
            "current_ratio": null,
            "debt_ratio": null,
            "inventory_turnover_ratio": null,
            "account_receivable_turnover_ratio": null,
            "reinvestment_rate": null,
            "research_to_sale_ratio": null,
            "price_fair": 0,
            "eps_avg_yearly": 0,
            "eps_latest_yearly": 0,
            "eps_growth_yearly": 0
        },
        "20022": {
            "year_quarter": 20022,
            "year": 2002,
            "quarter": 2,
            "eps": null,
            "eps_growth_year": null,
            "eps_4q": null,
            "eps_4q_growth_year": null,
            "roe": null,
            "roe_4q": 0,
            "gross_profit": null,
            "gross_margin": null,
            "gross_margin_4q_avg": 0,
            "net_income": null,
            "revenue": null,
            "common_shares": null,
            "book_valuer_per_share": null,
            "book_valuer_per_share_4q_avg": 2.51,
            "equity": null,
            "current_ratio": null,
            "debt_ratio": null,
            "inventory_turnover_ratio": null,
            "account_receivable_turnover_ratio": null,
            "reinvestment_rate": null,
            "research_to_sale_ratio": null,
            "price_fair": 0,
            "eps_avg_yearly": 0,
            "eps_latest_yearly": 0,
            "eps_growth_yearly": 0
        },
        "20023": {
            "year_quarter": 20023,
            "year": 2002,
            "quarter": 3,
            "eps": null,
            "eps_growth_year": null,
            "eps_4q": null,
            "eps_4q_growth_year": null,
            "roe": null,
            "roe_4q": 0,
            "gross_profit": null,
            "gross_margin": null,
            "gross_margin_4q_avg": 0,
            "net_income": null,
            "revenue": null,
            "common_shares": null,
            "book_valuer_per_share": null,
            "book_valuer_per_share_4q_avg": 2.51,
            "equity": null,
            "current_ratio": null,
            "debt_ratio": null,
            "inventory_turnover_ratio": null,
            "account_receivable_turnover_ratio": null,
            "reinvestment_rate": null,
            "research_to_sale_ratio": null,
            "price_fair": 0,
            "eps_avg_yearly": 0,
            "eps_latest_yearly": 0,
            "eps_growth_yearly": 0
        },
        "20024": {
            "year_quarter": 20024,
            "year": 2002,
            "quarter": 4,
            "eps": null,
            "eps_growth_year": null,
            "eps_4q": null,
            "eps_4q_growth_year": null,
            "roe": null,
            "roe_4q": 0,
            "gross_profit": null,
            "gross_margin": null,
            "gross_margin_4q_avg": 0,
            "net_income": null,
            "revenue": null,
            "common_shares": 1000000,
            "book_valuer_per_share": 7.63,
            "book_valuer_per_share_4q_avg": 1.91,
            "equity": 762509,
            "current_ratio": 61.99,
            "debt_ratio": 55.72,
            "inventory_turnover_ratio": null,
            "account_receivable_turnover_ratio": null,
            "reinvestment_rate": null,
            "research_to_sale_ratio": null,
            "price_fair": 0,
            "eps_avg_yearly": 0,
            "eps_latest_yearly": 0,
            "eps_growth_yearly": 0
        },
        "20031": {
            "year_quarter": 20031,
            "year": 2003,
            "quarter": 1,
            "eps": null,
            "eps_growth_year": null,
            "eps_4q": null,
            "eps_4q_growth_year": null,
            "roe": null,
            "roe_4q": 0,
            "gross_profit": null,
            "gross_margin": null,
            "gross_margin_4q_avg": 0,
            "net_income": null,
            "revenue": null,
            "common_shares": null,
            "book_valuer_per_share": null,
            "book_valuer_per_share_4q_avg": 1.91,
            "equity": null,
            "current_ratio": null,
            "debt_ratio": null,
            "inventory_turnover_ratio": null,
            "account_receivable_turnover_ratio": null,
            "reinvestment_rate": null,
            "research_to_sale_ratio": null,
            "price_fair": 0,
            "eps_avg_yearly": 0,
            "eps_latest_yearly": 0,
            "eps_growth_yearly": 0
        },
        "20032": {
            "year_quarter": 20032,
            "year": 2003,
            "quarter": 2,
            "eps": null,
            "eps_growth_year": null,
            "eps_4q": null,
            "eps_4q_growth_year": null,
            "roe": null,
            "roe_4q": 0,
            "gross_profit": null,
            "gross_margin": null,
            "gross_margin_4q_avg": 0,
            "net_income": null,
            "revenue": null,
            "common_shares": null,
            "book_valuer_per_share": null,
            "book_valuer_per_share_4q_avg": 1.91,
            "equity": null,
            "current_ratio": null,
            "debt_ratio": null,
            "inventory_turnover_ratio": null,
            "account_receivable_turnover_ratio": null,
            "reinvestment_rate": null,
            "research_to_sale_ratio": null,
            "price_fair": 0,
            "eps_avg_yearly": 0,
            "eps_latest_yearly": 0,
            "eps_growth_yearly": 0
        },
        "20033": {
            "year_quarter": 20033,
            "year": 2003,
            "quarter": 3,
            "eps": null,
            "eps_growth_year": null,
            "eps_4q": null,
            "eps_4q_growth_year": null,
            "roe": null,
            "roe_4q": 0,
            "gross_profit": null,
            "gross_margin": null,
            "gross_margin_4q_avg": 0,
            "net_income": null,
            "revenue": null,
            "common_shares": null,
            "book_valuer_per_share": null,
            "book_valuer_per_share_4q_avg": 1.91,
            "equity": null,
            "current_ratio": null,
            "debt_ratio": null,
            "inventory_turnover_ratio": null,
            "account_receivable_turnover_ratio": null,
            "reinvestment_rate": null,
            "research_to_sale_ratio": null,
            "price_fair": 0,
            "eps_avg_yearly": 0,
            "eps_latest_yearly": 0,
            "eps_growth_yearly": 0
        },
        "20034": {
            "year_quarter": 20034,
            "year": 2003,
            "quarter": 4,
            "eps": null,
            "eps_growth_year": null,
            "eps_4q": null,
            "eps_4q_growth_year": null,
            "roe": null,
            "roe_4q": 0,
            "gross_profit": null,
            "gross_margin": null,
            "gross_margin_4q_avg": 0,
            "net_income": null,
            "revenue": null,
            "common_shares": null,
            "book_valuer_per_share": null,
            "book_valuer_per_share_4q_avg": 0,
            "equity": null,
            "current_ratio": null,
            "debt_ratio": null,
            "inventory_turnover_ratio": null,
            "account_receivable_turnover_ratio": null,
            "reinvestment_rate": null,
            "research_to_sale_ratio": null,
            "price_fair": 0,
            "eps_avg_yearly": 0,
            "eps_latest_yearly": 0,
            "eps_growth_yearly": 0
        },
        "20041": {
            "year_quarter": 20041,
            "year": 2004,
            "quarter": 1,
            "eps": null,
            "eps_growth_year": null,
            "eps_4q": null,
            "eps_4q_growth_year": null,
            "roe": null,
            "roe_4q": 0,
            "gross_profit": null,
            "gross_margin": null,
            "gross_margin_4q_avg": 0,
            "net_income": null,
            "revenue": null,
            "common_shares": null,
            "book_valuer_per_share": null,
            "book_valuer_per_share_4q_avg": 0,
            "equity": null,
            "current_ratio": null,
            "debt_ratio": null,
            "inventory_turnover_ratio": null,
            "account_receivable_turnover_ratio": null,
            "reinvestment_rate": null,
            "research_to_sale_ratio": null,
            "price_fair": 0,
            "eps_avg_yearly": 0,
            "eps_latest_yearly": 0,
            "eps_growth_yearly": 0
        },
        "20042": {
            "year_quarter": 20042,
            "year": 2004,
            "quarter": 2,
            "eps": null,
            "eps_growth_year": null,
            "eps_4q": null,
            "eps_4q_growth_year": null,
            "roe": null,
            "roe_4q": 0,
            "gross_profit": null,
            "gross_margin": null,
            "gross_margin_4q_avg": 0,
            "net_income": null,
            "revenue": null,
            "common_shares": null,
            "book_valuer_per_share": null,
            "book_valuer_per_share_4q_avg": 0,
            "equity": null,
            "current_ratio": null,
            "debt_ratio": null,
            "inventory_turnover_ratio": null,
            "account_receivable_turnover_ratio": null,
            "reinvestment_rate": null,
            "research_to_sale_ratio": null,
            "price_fair": 0,
            "eps_avg_yearly": 0,
            "eps_latest_yearly": 0,
            "eps_growth_yearly": 0
        },
        "20043": {
            "year_quarter": 20043,
            "year": 2004,
            "quarter": 3,
            "eps": null,
            "eps_growth_year": null,
            "eps_4q": null,
            "eps_4q_growth_year": null,
            "roe": null,
            "roe_4q": 0,
            "gross_profit": null,
            "gross_margin": null,
            "gross_margin_4q_avg": 0,
            "net_income": null,
            "revenue": null,
            "common_shares": null,
            "book_valuer_per_share": null,
            "book_valuer_per_share_4q_avg": 0,
            "equity": null,
            "current_ratio": null,
            "debt_ratio": null,
            "inventory_turnover_ratio": null,
            "account_receivable_turnover_ratio": null,
            "reinvestment_rate": null,
            "research_to_sale_ratio": null,
            "price_fair": 0,
            "eps_avg_yearly": 0,
            "eps_latest_yearly": 0,
            "eps_growth_yearly": 0
        },
        "20044": {
            "year_quarter": 20044,
            "year": 2004,
            "quarter": 4,
            "eps": null,
            "eps_growth_year": null,
            "eps_4q": null,
            "eps_4q_growth_year": null,
            "roe": null,
            "roe_4q": 0,
            "gross_profit": null,
            "gross_margin": null,
            "gross_margin_4q_avg": 0,
            "net_income": null,
            "revenue": null,
            "common_shares": null,
            "book_valuer_per_share": null,
            "book_valuer_per_share_4q_avg": 0,
            "equity": null,
            "current_ratio": null,
            "debt_ratio": null,
            "inventory_turnover_ratio": null,
            "account_receivable_turnover_ratio": null,
            "reinvestment_rate": null,
            "research_to_sale_ratio": null,
            "price_fair": 0,
            "eps_avg_yearly": 0,
            "eps_latest_yearly": 0,
            "eps_growth_yearly": 0
        },
        "20051": {
            "year_quarter": 20051,
            "year": 2005,
            "quarter": 1,
            "eps": null,
            "eps_growth_year": null,
            "eps_4q": null,
            "eps_4q_growth_year": null,
            "roe": null,
            "roe_4q": 0,
            "gross_profit": null,
            "gross_margin": null,
            "gross_margin_4q_avg": 0,
            "net_income": null,
            "revenue": null,
            "common_shares": null,
            "book_valuer_per_share": null,
            "book_valuer_per_share_4q_avg": 0,
            "equity": null,
            "current_ratio": null,
            "debt_ratio": null,
            "inventory_turnover_ratio": null,
            "account_receivable_turnover_ratio": null,
            "reinvestment_rate": null,
            "research_to_sale_ratio": null,
            "price_fair": 0,
            "eps_avg_yearly": 0,
            "eps_latest_yearly": 0,
            "eps_growth_yearly": 0
        },
        "20052": {
            "year_quarter": 20052,
            "year": 2005,
            "quarter": 2,
            "eps": null,
            "eps_growth_year": null,
            "eps_4q": null,
            "eps_4q_growth_year": null,
            "roe": null,
            "roe_4q": 0,
            "gross_profit": null,
            "gross_margin": null,
            "gross_margin_4q_avg": 0,
            "net_income": null,
            "revenue": null,
            "common_shares": null,
            "book_valuer_per_share": null,
            "book_valuer_per_share_4q_avg": 0,
            "equity": null,
            "current_ratio": null,
            "debt_ratio": null,
            "inventory_turnover_ratio": null,
            "account_receivable_turnover_ratio": null,
            "reinvestment_rate": null,
            "research_to_sale_ratio": null,
            "price_fair": 0,
            "eps_avg_yearly": 0,
            "eps_latest_yearly": 0,
            "eps_growth_yearly": 0
        },
        "20053": {
            "year_quarter": 20053,
            "year": 2005,
            "quarter": 3,
            "eps": null,
            "eps_growth_year": null,
            "eps_4q": null,
            "eps_4q_growth_year": null,
            "roe": null,
            "roe_4q": 0,
            "gross_profit": null,
            "gross_margin": null,
            "gross_margin_4q_avg": 0,
            "net_income": null,
            "revenue": null,
            "common_shares": null,
            "book_valuer_per_share": null,
            "book_valuer_per_share_4q_avg": 0,
            "equity": null,
            "current_ratio": null,
            "debt_ratio": null,
            "inventory_turnover_ratio": null,
            "account_receivable_turnover_ratio": null,
            "reinvestment_rate": null,
            "research_to_sale_ratio": null,
            "price_fair": 0,
            "eps_avg_yearly": 0,
            "eps_latest_yearly": 0,
            "eps_growth_yearly": 0
        },
        "20054": {
            "year_quarter": 20054,
            "year": 2005,
            "quarter": 4,
            "eps": null,
            "eps_growth_year": null,
            "eps_4q": null,
            "eps_4q_growth_year": null,
            "roe": null,
            "roe_4q": 0,
            "gross_profit": null,
            "gross_margin": null,
            "gross_margin_4q_avg": 0,
            "net_income": null,
            "revenue": null,
            "common_shares": null,
            "book_valuer_per_share": null,
            "book_valuer_per_share_4q_avg": 0,
            "equity": null,
            "current_ratio": null,
            "debt_ratio": null,
            "inventory_turnover_ratio": null,
            "account_receivable_turnover_ratio": null,
            "reinvestment_rate": null,
            "research_to_sale_ratio": null,
            "price_fair": 0,
            "eps_avg_yearly": 0,
            "eps_latest_yearly": 0,
            "eps_growth_yearly": 0
        },
        "20061": {
            "year_quarter": 20061,
            "year": 2006,
            "quarter": 1,
            "eps": null,
            "eps_growth_year": null,
            "eps_4q": null,
            "eps_4q_growth_year": null,
            "roe": null,
            "roe_4q": 0,
            "gross_profit": null,
            "gross_margin": null,
            "gross_margin_4q_avg": 0,
            "net_income": null,
            "revenue": null,
            "common_shares": null,
            "book_valuer_per_share": null,
            "book_valuer_per_share_4q_avg": 0,
            "equity": null,
            "current_ratio": null,
            "debt_ratio": null,
            "inventory_turnover_ratio": null,
            "account_receivable_turnover_ratio": null,
            "reinvestment_rate": null,
            "research_to_sale_ratio": null,
            "price_fair": 0,
            "eps_avg_yearly": 0,
            "eps_latest_yearly": 0,
            "eps_growth_yearly": 0
        },
        "20062": {
            "year_quarter": 20062,
            "year": 2006,
            "quarter": 2,
            "eps": null,
            "eps_growth_year": null,
            "eps_4q": null,
            "eps_4q_growth_year": null,
            "roe": null,
            "roe_4q": 0,
            "gross_profit": null,
            "gross_margin": null,
            "gross_margin_4q_avg": 0,
            "net_income": null,
            "revenue": null,
            "common_shares": null,
            "book_valuer_per_share": null,
            "book_valuer_per_share_4q_avg": 0,
            "equity": null,
            "current_ratio": null,
            "debt_ratio": null,
            "inventory_turnover_ratio": null,
            "account_receivable_turnover_ratio": null,
            "reinvestment_rate": null,
            "research_to_sale_ratio": null,
            "price_fair": 0,
            "eps_avg_yearly": 0,
            "eps_latest_yearly": 0,
            "eps_growth_yearly": 0
        },
        "20063": {
            "year_quarter": 20063,
            "year": 2006,
            "quarter": 3,
            "eps": null,
            "eps_growth_year": null,
            "eps_4q": null,
            "eps_4q_growth_year": null,
            "roe": null,
            "roe_4q": 0,
            "gross_profit": null,
            "gross_margin": null,
            "gross_margin_4q_avg": 0,
            "net_income": null,
            "revenue": null,
            "common_shares": null,
            "book_valuer_per_share": null,
            "book_valuer_per_share_4q_avg": 0,
            "equity": null,
            "current_ratio": null,
            "debt_ratio": null,
            "inventory_turnover_ratio": null,
            "account_receivable_turnover_ratio": null,
            "reinvestment_rate": null,
            "research_to_sale_ratio": null,
            "price_fair": 0,
            "eps_avg_yearly": 0,
            "eps_latest_yearly": 0,
            "eps_growth_yearly": 0
        },
        "20064": {
            "year_quarter": 20064,
            "year": 2006,
            "quarter": 4,
            "eps": null,
            "eps_growth_year": null,
            "eps_4q": null,
            "eps_4q_growth_year": null,
            "roe": null,
            "roe_4q": 0,
            "gross_profit": null,
            "gross_margin": null,
            "gross_margin_4q_avg": 0,
            "net_income": null,
            "revenue": null,
            "common_shares": 700000,
            "book_valuer_per_share": 8.3,
            "book_valuer_per_share_4q_avg": 2.08,
            "equity": 580767,
            "current_ratio": 81.69,
            "debt_ratio": 65.07,
            "inventory_turnover_ratio": null,
            "account_receivable_turnover_ratio": null,
            "reinvestment_rate": null,
            "research_to_sale_ratio": null,
            "price_fair": 0,
            "eps_avg_yearly": 0,
            "eps_latest_yearly": 0,
            "eps_growth_yearly": 0
        },
        "20071": {
            "year_quarter": 20071,
            "year": 2007,
            "quarter": 1,
            "eps": null,
            "eps_growth_year": null,
            "eps_4q": null,
            "eps_4q_growth_year": null,
            "roe": null,
            "roe_4q": 0,
            "gross_profit": null,
            "gross_margin": null,
            "gross_margin_4q_avg": 0,
            "net_income": null,
            "revenue": null,
            "common_shares": null,
            "book_valuer_per_share": null,
            "book_valuer_per_share_4q_avg": 2.08,
            "equity": null,
            "current_ratio": null,
            "debt_ratio": null,
            "inventory_turnover_ratio": null,
            "account_receivable_turnover_ratio": null,
            "reinvestment_rate": null,
            "research_to_sale_ratio": null,
            "price_fair": 0,
            "eps_avg_yearly": 0,
            "eps_latest_yearly": 0,
            "eps_growth_yearly": 0
        },
        "20072": {
            "year_quarter": 20072,
            "year": 2007,
            "quarter": 2,
            "eps": null,
            "eps_growth_year": null,
            "eps_4q": null,
            "eps_4q_growth_year": null,
            "roe": null,
            "roe_4q": 0,
            "gross_profit": null,
            "gross_margin": null,
            "gross_margin_4q_avg": 0,
            "net_income": null,
            "revenue": null,
            "common_shares": null,
            "book_valuer_per_share": null,
            "book_valuer_per_share_4q_avg": 2.08,
            "equity": null,
            "current_ratio": null,
            "debt_ratio": null,
            "inventory_turnover_ratio": null,
            "account_receivable_turnover_ratio": null,
            "reinvestment_rate": null,
            "research_to_sale_ratio": null,
            "price_fair": 0,
            "eps_avg_yearly": 0,
            "eps_latest_yearly": 0,
            "eps_growth_yearly": 0
        },
        "20073": {
            "year_quarter": 20073,
            "year": 2007,
            "quarter": 3,
            "eps": null,
            "eps_growth_year": null,
            "eps_4q": null,
            "eps_4q_growth_year": null,
            "roe": null,
            "roe_4q": 0,
            "gross_profit": null,
            "gross_margin": null,
            "gross_margin_4q_avg": 0,
            "net_income": null,
            "revenue": null,
            "common_shares": null,
            "book_valuer_per_share": null,
            "book_valuer_per_share_4q_avg": 2.08,
            "equity": null,
            "current_ratio": null,
            "debt_ratio": null,
            "inventory_turnover_ratio": null,
            "account_receivable_turnover_ratio": null,
            "reinvestment_rate": null,
            "research_to_sale_ratio": null,
            "price_fair": 0,
            "eps_avg_yearly": 0,
            "eps_latest_yearly": 0,
            "eps_growth_yearly": 0
        },
        "20074": {
            "year_quarter": 20074,
            "year": 2007,
            "quarter": 4,
            "eps": null,
            "eps_growth_year": null,
            "eps_4q": null,
            "eps_4q_growth_year": null,
            "roe": null,
            "roe_4q": 0,
            "gross_profit": null,
            "gross_margin": null,
            "gross_margin_4q_avg": 0,
            "net_income": null,
            "revenue": null,
            "common_shares": 700000,
            "book_valuer_per_share": 7.49,
            "book_valuer_per_share_4q_avg": 1.87,
            "equity": 524294,
            "current_ratio": 88.99,
            "debt_ratio": 64.67,
            "inventory_turnover_ratio": null,
            "account_receivable_turnover_ratio": null,
            "reinvestment_rate": null,
            "research_to_sale_ratio": null,
            "price_fair": 0,
            "eps_avg_yearly": 0,
            "eps_latest_yearly": 0,
            "eps_growth_yearly": 0
        },
        "20081": {
            "year_quarter": 20081,
            "year": 2008,
            "quarter": 1,
            "eps": null,
            "eps_growth_year": null,
            "eps_4q": null,
            "eps_4q_growth_year": null,
            "roe": null,
            "roe_4q": 0,
            "gross_profit": null,
            "gross_margin": null,
            "gross_margin_4q_avg": 0,
            "net_income": null,
            "revenue": null,
            "common_shares": null,
            "book_valuer_per_share": null,
            "book_valuer_per_share_4q_avg": 1.87,
            "equity": null,
            "current_ratio": null,
            "debt_ratio": null,
            "inventory_turnover_ratio": null,
            "account_receivable_turnover_ratio": null,
            "reinvestment_rate": null,
            "research_to_sale_ratio": null,
            "price_fair": 0,
            "eps_avg_yearly": 0,
            "eps_latest_yearly": 0,
            "eps_growth_yearly": 0
        },
        "20082": {
            "year_quarter": 20082,
            "year": 2008,
            "quarter": 2,
            "eps": null,
            "eps_growth_year": null,
            "eps_4q": null,
            "eps_4q_growth_year": null,
            "roe": null,
            "roe_4q": 0,
            "gross_profit": null,
            "gross_margin": null,
            "gross_margin_4q_avg": 0,
            "net_income": null,
            "revenue": null,
            "common_shares": null,
            "book_valuer_per_share": null,
            "book_valuer_per_share_4q_avg": 1.87,
            "equity": null,
            "current_ratio": null,
            "debt_ratio": null,
            "inventory_turnover_ratio": null,
            "account_receivable_turnover_ratio": null,
            "reinvestment_rate": null,
            "research_to_sale_ratio": null,
            "price_fair": 0,
            "eps_avg_yearly": 0,
            "eps_latest_yearly": 0,
            "eps_growth_yearly": 0
        },
        "20083": {
            "year_quarter": 20083,
            "year": 2008,
            "quarter": 3,
            "eps": null,
            "eps_growth_year": null,
            "eps_4q": null,
            "eps_4q_growth_year": null,
            "roe": null,
            "roe_4q": 0,
            "gross_profit": null,
            "gross_margin": null,
            "gross_margin_4q_avg": 0,
            "net_income": null,
            "revenue": null,
            "common_shares": null,
            "book_valuer_per_share": null,
            "book_valuer_per_share_4q_avg": 1.87,
            "equity": null,
            "current_ratio": null,
            "debt_ratio": null,
            "inventory_turnover_ratio": null,
            "account_receivable_turnover_ratio": null,
            "reinvestment_rate": null,
            "research_to_sale_ratio": null,
            "price_fair": 0,
            "eps_avg_yearly": 0,
            "eps_latest_yearly": 0,
            "eps_growth_yearly": 0
        },
        "20084": {
            "year_quarter": 20084,
            "year": 2008,
            "quarter": 4,
            "eps": null,
            "eps_growth_year": null,
            "eps_4q": null,
            "eps_4q_growth_year": null,
            "roe": null,
            "roe_4q": 0,
            "gross_profit": null,
            "gross_margin": null,
            "gross_margin_4q_avg": 0,
            "net_income": null,
            "revenue": null,
            "common_shares": 700000,
            "book_valuer_per_share": 6.65,
            "book_valuer_per_share_4q_avg": 1.66,
            "equity": 465683,
            "current_ratio": 93.42,
            "debt_ratio": 62.25,
            "inventory_turnover_ratio": null,
            "account_receivable_turnover_ratio": null,
            "reinvestment_rate": null,
            "research_to_sale_ratio": null,
            "price_fair": 0,
            "eps_avg_yearly": 0,
            "eps_latest_yearly": 0,
            "eps_growth_yearly": 0
        },
        "20091": {
            "year_quarter": 20091,
            "year": 2009,
            "quarter": 1,
            "eps": null,
            "eps_growth_year": null,
            "eps_4q": null,
            "eps_4q_growth_year": null,
            "roe": null,
            "roe_4q": 0,
            "gross_profit": null,
            "gross_margin": null,
            "gross_margin_4q_avg": 0,
            "net_income": null,
            "revenue": null,
            "common_shares": null,
            "book_valuer_per_share": null,
            "book_valuer_per_share_4q_avg": 1.66,
            "equity": null,
            "current_ratio": null,
            "debt_ratio": null,
            "inventory_turnover_ratio": null,
            "account_receivable_turnover_ratio": null,
            "reinvestment_rate": null,
            "research_to_sale_ratio": null,
            "price_fair": 0,
            "eps_avg_yearly": 0,
            "eps_latest_yearly": 0,
            "eps_growth_yearly": 0
        },
        "20092": {
            "year_quarter": 20092,
            "year": 2009,
            "quarter": 2,
            "eps": null,
            "eps_growth_year": null,
            "eps_4q": null,
            "eps_4q_growth_year": null,
            "roe": null,
            "roe_4q": 0,
            "gross_profit": null,
            "gross_margin": null,
            "gross_margin_4q_avg": 0,
            "net_income": null,
            "revenue": null,
            "common_shares": null,
            "book_valuer_per_share": null,
            "book_valuer_per_share_4q_avg": 1.66,
            "equity": null,
            "current_ratio": null,
            "debt_ratio": null,
            "inventory_turnover_ratio": null,
            "account_receivable_turnover_ratio": null,
            "reinvestment_rate": null,
            "research_to_sale_ratio": null,
            "price_fair": 0,
            "eps_avg_yearly": 0,
            "eps_latest_yearly": 0,
            "eps_growth_yearly": 0
        },
        "20093": {
            "year_quarter": 20093,
            "year": 2009,
            "quarter": 3,
            "eps": null,
            "eps_growth_year": null,
            "eps_4q": null,
            "eps_4q_growth_year": null,
            "roe": null,
            "roe_4q": 0,
            "gross_profit": null,
            "gross_margin": null,
            "gross_margin_4q_avg": 0,
            "net_income": null,
            "revenue": null,
            "common_shares": null,
            "book_valuer_per_share": null,
            "book_valuer_per_share_4q_avg": 1.66,
            "equity": null,
            "current_ratio": null,
            "debt_ratio": null,
            "inventory_turnover_ratio": null,
            "account_receivable_turnover_ratio": null,
            "reinvestment_rate": null,
            "research_to_sale_ratio": null,
            "price_fair": 0,
            "eps_avg_yearly": 0,
            "eps_latest_yearly": 0,
            "eps_growth_yearly": 0
        },
        "20094": {
            "year_quarter": 20094,
            "year": 2009,
            "quarter": 4,
            "eps": null,
            "eps_growth_year": null,
            "eps_4q": null,
            "eps_4q_growth_year": null,
            "roe": null,
            "roe_4q": 0,
            "gross_profit": null,
            "gross_margin": null,
            "gross_margin_4q_avg": 0,
            "net_income": null,
            "revenue": null,
            "common_shares": 280000,
            "book_valuer_per_share": 17.15,
            "book_valuer_per_share_4q_avg": 4.29,
            "equity": 480136,
            "current_ratio": 131.32,
            "debt_ratio": 60.32,
            "inventory_turnover_ratio": null,
            "account_receivable_turnover_ratio": null,
            "reinvestment_rate": null,
            "research_to_sale_ratio": null,
            "price_fair": 0,
            "eps_avg_yearly": 0,
            "eps_latest_yearly": 0,
            "eps_growth_yearly": 0
        },
        "20101": {
            "year_quarter": 20101,
            "year": 2010,
            "quarter": 1,
            "eps": null,
            "eps_growth_year": null,
            "eps_4q": null,
            "eps_4q_growth_year": null,
            "roe": null,
            "roe_4q": 0,
            "gross_profit": null,
            "gross_margin": null,
            "gross_margin_4q_avg": 0,
            "net_income": null,
            "revenue": null,
            "common_shares": null,
            "book_valuer_per_share": null,
            "book_valuer_per_share_4q_avg": 4.29,
            "equity": null,
            "current_ratio": null,
            "debt_ratio": null,
            "inventory_turnover_ratio": null,
            "account_receivable_turnover_ratio": null,
            "reinvestment_rate": null,
            "research_to_sale_ratio": null,
            "price_fair": 0,
            "eps_avg_yearly": 0,
            "eps_latest_yearly": 0,
            "eps_growth_yearly": 0
        },
        "20102": {
            "year_quarter": 20102,
            "year": 2010,
            "quarter": 2,
            "eps": null,
            "eps_growth_year": null,
            "eps_4q": null,
            "eps_4q_growth_year": null,
            "roe": null,
            "roe_4q": 0,
            "gross_profit": null,
            "gross_margin": null,
            "gross_margin_4q_avg": 0,
            "net_income": null,
            "revenue": null,
            "common_shares": 280000,
            "book_valuer_per_share": null,
            "book_valuer_per_share_4q_avg": 4.29,
            "equity": 524983,
            "current_ratio": null,
            "debt_ratio": null,
            "inventory_turnover_ratio": null,
            "account_receivable_turnover_ratio": null,
            "reinvestment_rate": null,
            "research_to_sale_ratio": null,
            "price_fair": 0,
            "eps_avg_yearly": 0,
            "eps_latest_yearly": 0,
            "eps_growth_yearly": 0
        },
        "20103": {
            "year_quarter": 20103,
            "year": 2010,
            "quarter": 3,
            "eps": null,
            "eps_growth_year": null,
            "eps_4q": null,
            "eps_4q_growth_year": null,
            "roe": null,
            "roe_4q": 0,
            "gross_profit": null,
            "gross_margin": null,
            "gross_margin_4q_avg": 0,
            "net_income": null,
            "revenue": null,
            "common_shares": null,
            "book_valuer_per_share": null,
            "book_valuer_per_share_4q_avg": 4.29,
            "equity": null,
            "current_ratio": null,
            "debt_ratio": null,
            "inventory_turnover_ratio": null,
            "account_receivable_turnover_ratio": null,
            "reinvestment_rate": null,
            "research_to_sale_ratio": null,
            "price_fair": 0,
            "eps_avg_yearly": 0,
            "eps_latest_yearly": 0,
            "eps_growth_yearly": 0
        },
        "20104": {
            "year_quarter": 20104,
            "year": 2010,
            "quarter": 4,
            "eps": null,
            "eps_growth_year": null,
            "eps_4q": null,
            "eps_4q_growth_year": null,
            "roe": null,
            "roe_4q": 0,
            "gross_profit": null,
            "gross_margin": null,
            "gross_margin_4q_avg": 0,
            "net_income": null,
            "revenue": null,
            "common_shares": 280000,
            "book_valuer_per_share": 19.41,
            "book_valuer_per_share_4q_avg": 4.85,
            "equity": 543427,
            "current_ratio": 83.07,
            "debt_ratio": 63.15,
            "inventory_turnover_ratio": null,
            "account_receivable_turnover_ratio": null,
            "reinvestment_rate": null,
            "research_to_sale_ratio": null,
            "price_fair": 0,
            "eps_avg_yearly": 0,
            "eps_latest_yearly": 0,
            "eps_growth_yearly": 0
        },
        "20111": {
            "year_quarter": 20111,
            "year": 2011,
            "quarter": 1,
            "eps": null,
            "eps_growth_year": null,
            "eps_4q": null,
            "eps_4q_growth_year": null,
            "roe": null,
            "roe_4q": 0,
            "gross_profit": 52259,
            "gross_margin": null,
            "gross_margin_4q_avg": 0,
            "net_income": 25443,
            "revenue": 360447,
            "common_shares": 280000,
            "book_valuer_per_share": 21.04,
            "book_valuer_per_share_4q_avg": 10.11,
            "equity": 589013,
            "current_ratio": 120.05,
            "debt_ratio": 62.2,
            "inventory_turnover_ratio": null,
            "account_receivable_turnover_ratio": null,
            "reinvestment_rate": null,
            "research_to_sale_ratio": null,
            "price_fair": 0,
            "eps_avg_yearly": 0,
            "eps_latest_yearly": 0,
            "eps_growth_yearly": 0
        },
        "20112": {
            "year_quarter": 20112,
            "year": 2011,
            "quarter": 2,
            "eps": 1.3,
            "eps_growth_year": null,
            "eps_4q": null,
            "eps_4q_growth_year": null,
            "roe": 7.21,
            "roe_4q": 7.21,
            "gross_profit": 71939,
            "gross_margin": 17.29,
            "gross_margin_4q_avg": 4.32,
            "net_income": 46380,
            "revenue": 416111,
            "common_shares": 340000,
            "book_valuer_per_share": 20.51,
            "book_valuer_per_share_4q_avg": 15.24,
            "equity": 697250,
            "current_ratio": 122.22,
            "debt_ratio": 57.52,
            "inventory_turnover_ratio": 3.65,
            "account_receivable_turnover_ratio": 1.38,
            "reinvestment_rate": null,
            "research_to_sale_ratio": null,
            "price_fair": 0,
            "eps_avg_yearly": 0,
            "eps_latest_yearly": 0,
            "eps_growth_yearly": 0
        },
        "20113": {
            "year_quarter": 20113,
            "year": 2011,
            "quarter": 3,
            "eps": null,
            "eps_growth_year": null,
            "eps_4q": null,
            "eps_4q_growth_year": null,
            "roe": null,
            "roe_4q": 7.21,
            "gross_profit": 56217,
            "gross_margin": null,
            "gross_margin_4q_avg": 4.32,
            "net_income": 29340,
            "revenue": 373525,
            "common_shares": 357000,
            "book_valuer_per_share": 20.35,
            "book_valuer_per_share_4q_avg": 20.33,
            "equity": 726590,
            "current_ratio": 120.67,
            "debt_ratio": 56.02,
            "inventory_turnover_ratio": null,
            "account_receivable_turnover_ratio": null,
            "reinvestment_rate": null,
            "research_to_sale_ratio": null,
            "price_fair": 0,
            "eps_avg_yearly": 0,
            "eps_latest_yearly": 0,
            "eps_growth_yearly": 0
        },
        "20114": {
            "year_quarter": 20114,
            "year": 2011,
            "quarter": 4,
            "eps": null,
            "eps_growth_year": null,
            "eps_4q": null,
            "eps_4q_growth_year": null,
            "roe": null,
            "roe_4q": 7.21,
            "gross_profit": 20656,
            "gross_margin": null,
            "gross_margin_4q_avg": 4.32,
            "net_income": -12236,
            "revenue": 305591,
            "common_shares": 357000,
            "book_valuer_per_share": 20.01,
            "book_valuer_per_share_4q_avg": 20.48,
            "equity": 714354,
            "current_ratio": 115.31,
            "debt_ratio": 56.18,
            "inventory_turnover_ratio": null,
            "account_receivable_turnover_ratio": null,
            "reinvestment_rate": null,
            "research_to_sale_ratio": null,
            "price_fair": 0,
            "eps_avg_yearly": 0,
            "eps_latest_yearly": 0,
            "eps_growth_yearly": 0
        },
        "20121": {
            "year_quarter": 20121,
            "year": 2012,
            "quarter": 1,
            "eps": null,
            "eps_growth_year": null,
            "eps_4q": null,
            "eps_4q_growth_year": null,
            "roe": null,
            "roe_4q": 7.21,
            "gross_profit": 40460,
            "gross_margin": null,
            "gross_margin_4q_avg": 4.32,
            "net_income": 11303,
            "revenue": 311881,
            "common_shares": 357000,
            "book_valuer_per_share": 20.33,
            "book_valuer_per_share_4q_avg": 20.3,
            "equity": 725657,
            "current_ratio": 128,
            "debt_ratio": 54.51,
            "inventory_turnover_ratio": null,
            "account_receivable_turnover_ratio": null,
            "reinvestment_rate": null,
            "research_to_sale_ratio": null,
            "price_fair": 0,
            "eps_avg_yearly": 0,
            "eps_latest_yearly": 0,
            "eps_growth_yearly": 0
        },
        "20122": {
            "year_quarter": 20122,
            "year": 2012,
            "quarter": 2,
            "eps": 1.3,
            "eps_growth_year": 0.04,
            "eps_4q": 1.3,
            "eps_4q_growth_year": null,
            "roe": 6.53,
            "roe_4q": 6.53,
            "gross_profit": 75583,
            "gross_margin": 17.59,
            "gross_margin_4q_avg": 4.4,
            "net_income": 48718,
            "revenue": 429714,
            "common_shares": 357000,
            "book_valuer_per_share": 21.49,
            "book_valuer_per_share_4q_avg": 20.55,
            "equity": 767235,
            "current_ratio": 121.15,
            "debt_ratio": 55.03,
            "inventory_turnover_ratio": 4,
            "account_receivable_turnover_ratio": 1.64,
            "reinvestment_rate": null,
            "research_to_sale_ratio": null,
            "price_fair": 0,
            "eps_avg_yearly": 0,
            "eps_latest_yearly": 0,
            "eps_growth_yearly": 0
        },
        "20123": {
            "year_quarter": 20123,
            "year": 2012,
            "quarter": 3,
            "eps": 1.44,
            "eps_growth_year": null,
            "eps_4q": 2.74,
            "eps_4q_growth_year": null,
            "roe": 6.81,
            "roe_4q": 13.34,
            "gross_profit": 92187,
            "gross_margin": 20.58,
            "gross_margin_4q_avg": 9.54,
            "net_income": 54100,
            "revenue": 447924,
            "common_shares": 374850,
            "book_valuer_per_share": 21.91,
            "book_valuer_per_share_4q_avg": 20.94,
            "equity": 821335,
            "current_ratio": 126.84,
            "debt_ratio": 53.3,
            "inventory_turnover_ratio": 3.85,
            "account_receivable_turnover_ratio": 0.82,
            "reinvestment_rate": null,
            "research_to_sale_ratio": 2.06,
            "price_fair": 201.6,
            "eps_avg_yearly": 5.76,
            "eps_latest_yearly": 5.76,
            "eps_growth_yearly": 43.08
        },
        "20124": {
            "year_quarter": 20124,
            "year": 2012,
            "quarter": 4,
            "eps": 0.55,
            "eps_growth_year": null,
            "eps_4q": 3.03,
            "eps_4q_growth_year": null,
            "roe": 2.58,
            "roe_4q": 15.920000000000002,
            "gross_profit": 67080,
            "gross_margin": 17.34,
            "gross_margin_4q_avg": 13.88,
            "net_income": 22686,
            "revenue": 386852,
            "common_shares": 414850,
            "book_valuer_per_share": 22.66,
            "book_valuer_per_share_4q_avg": 21.6,
            "equity": 940021,
            "current_ratio": 154.99,
            "debt_ratio": 48.15,
            "inventory_turnover_ratio": 3.61,
            "account_receivable_turnover_ratio": 0.71,
            "reinvestment_rate": null,
            "research_to_sale_ratio": 2.96,
            "price_fair": 11.94,
            "eps_avg_yearly": 3.98,
            "eps_latest_yearly": 2.2,
            "eps_growth_yearly": -102.07
        },
        "20131": {
            "year_quarter": 20131,
            "year": 2013,
            "quarter": 1,
            "eps": 0.55,
            "eps_growth_year": null,
            "eps_4q": 3.57,
            "eps_4q_growth_year": null,
            "roe": 2.39,
            "roe_4q": 18.310000000000002,
            "gross_profit": 57177,
            "gross_margin": 16.61,
            "gross_margin_4q_avg": 18.03,
            "net_income": 22769,
            "revenue": 344239,
            "common_shares": 414850,
            "book_valuer_per_share": 23.19,
            "book_valuer_per_share_4q_avg": 22.31,
            "equity": 962081,
            "current_ratio": 154.44,
            "debt_ratio": 41.86,
            "inventory_turnover_ratio": 3.75,
            "account_receivable_turnover_ratio": 0.72,
            "reinvestment_rate": null,
            "research_to_sale_ratio": 3.14,
            "price_fair": 10.16,
            "eps_avg_yearly": 3.39,
            "eps_latest_yearly": 2.2,
            "eps_growth_yearly": -68.05
        },
        "20132": {
            "year_quarter": 20132,
            "year": 2013,
            "quarter": 2,
            "eps": 0.38,
            "eps_growth_year": -70.76,
            "eps_4q": 2.78,
            "eps_4q_growth_year": 113.69,
            "roe": 1.67,
            "roe_4q": 13.45,
            "gross_profit": 38620,
            "gross_margin": 12.63,
            "gross_margin_4q_avg": 16.79,
            "net_income": 15657,
            "revenue": 305813,
            "common_shares": 414850,
            "book_valuer_per_share": 22.07,
            "book_valuer_per_share_4q_avg": 22.46,
            "equity": 915510,
            "current_ratio": 140.08,
            "debt_ratio": 44.03,
            "inventory_turnover_ratio": 3.5,
            "account_receivable_turnover_ratio": 0.7,
            "reinvestment_rate": null,
            "research_to_sale_ratio": 3.45,
            "price_fair": 8.76,
            "eps_avg_yearly": 2.92,
            "eps_latest_yearly": 1.52,
            "eps_growth_yearly": -81.95
        },
        "20133": {
            "year_quarter": 20133,
            "year": 2013,
            "quarter": 3,
            "eps": 0.44,
            "eps_growth_year": -69.51,
            "eps_4q": 1.91,
            "eps_4q_growth_year": -30.25,
            "roe": 1.97,
            "roe_4q": 8.61,
            "gross_profit": 54576,
            "gross_margin": 15.16,
            "gross_margin_4q_avg": 15.44,
            "net_income": 18258,
            "revenue": 360059,
            "common_shares": 414850,
            "book_valuer_per_share": 22.51,
            "book_valuer_per_share_4q_avg": 22.61,
            "equity": 933768,
            "current_ratio": 157.9,
            "debt_ratio": 39.66,
            "inventory_turnover_ratio": 3.71,
            "account_receivable_turnover_ratio": 0.79,
            "reinvestment_rate": null,
            "research_to_sale_ratio": 2.8,
            "price_fair": 8.06,
            "eps_avg_yearly": 2.69,
            "eps_latest_yearly": 1.76,
            "eps_growth_yearly": -52.92
        },
        "20134": {
            "year_quarter": 20134,
            "year": 2013,
            "quarter": 4,
            "eps": 0.87,
            "eps_growth_year": 59.81,
            "eps_4q": 2.24,
            "eps_4q_growth_year": -25.95,
            "roe": 3.81,
            "roe_4q": 9.84,
            "gross_profit": 69380,
            "gross_margin": 17.6,
            "gross_margin_4q_avg": 15.5,
            "net_income": 36254,
            "revenue": 394246,
            "common_shares": 414850,
            "book_valuer_per_share": 23.4,
            "book_valuer_per_share_4q_avg": 22.79,
            "equity": 970578,
            "current_ratio": 166.18,
            "debt_ratio": 40.75,
            "inventory_turnover_ratio": 3.58,
            "account_receivable_turnover_ratio": 0.82,
            "reinvestment_rate": null,
            "research_to_sale_ratio": 2.57,
            "price_fair": 87.55,
            "eps_avg_yearly": 2.82,
            "eps_latest_yearly": 3.48,
            "eps_growth_yearly": 21.05
        },
        "20141": {
            "year_quarter": 20141,
            "year": 2014,
            "quarter": 1,
            "eps": 0.89,
            "eps_growth_year": 61.82,
            "eps_4q": 2.58,
            "eps_4q_growth_year": -27.7,
            "roe": 3.74,
            "roe_4q": 11.190000000000001,
            "gross_profit": 76440,
            "gross_margin": 17.65,
            "gross_margin_4q_avg": 15.76,
            "net_income": 37035,
            "revenue": 433174,
            "common_shares": 414850,
            "book_valuer_per_share": 24.29,
            "book_valuer_per_share_4q_avg": 23.07,
            "equity": 1007567,
            "current_ratio": 162.27,
            "debt_ratio": 40.63,
            "inventory_turnover_ratio": 3.4,
            "account_receivable_turnover_ratio": 0.84,
            "reinvestment_rate": null,
            "research_to_sale_ratio": 2.3,
            "price_fair": 85.88,
            "eps_avg_yearly": 2.93,
            "eps_latest_yearly": 3.56,
            "eps_growth_yearly": 19.35
        },
        "20142": {
            "year_quarter": 20142,
            "year": 2014,
            "quarter": 2,
            "eps": 0.78,
            "eps_growth_year": 105.26,
            "eps_4q": 2.98,
            "eps_4q_growth_year": 7.47,
            "roe": 3.26,
            "roe_4q": 12.780000000000001,
            "gross_profit": 73094,
            "gross_margin": 15.8,
            "gross_margin_4q_avg": 16.55,
            "net_income": 32273,
            "revenue": 462596,
            "common_shares": 414850,
            "book_valuer_per_share": 23.46,
            "book_valuer_per_share_4q_avg": 23.42,
            "equity": 973362,
            "current_ratio": 135.82,
            "debt_ratio": 45.29,
            "inventory_turnover_ratio": 3.49,
            "account_receivable_turnover_ratio": 0.8,
            "reinvestment_rate": null,
            "research_to_sale_ratio": 2.47,
            "price_fair": 61.23,
            "eps_avg_yearly": 2.95,
            "eps_latest_yearly": 3.12,
            "eps_growth_yearly": 10.76
        },
        "20143": {
            "year_quarter": 20143,
            "year": 2014,
            "quarter": 3,
            "eps": 0.44,
            "eps_growth_year": 0,
            "eps_4q": 2.41,
            "eps_4q_growth_year": 25.82,
            "roe": 1.61,
            "roe_4q": 12.42,
            "gross_profit": 59148,
            "gross_margin": 14.12,
            "gross_margin_4q_avg": 16.29,
            "net_income": 18373,
            "revenue": 418823,
            "common_shares": 514850,
            "book_valuer_per_share": 25.39,
            "book_valuer_per_share_4q_avg": 24.14,
            "equity": 1307165,
            "current_ratio": 204.64,
            "debt_ratio": 34.68,
            "inventory_turnover_ratio": 3.11,
            "account_receivable_turnover_ratio": 0.67,
            "reinvestment_rate": null,
            "research_to_sale_ratio": 2.94,
            "price_fair": 8.45,
            "eps_avg_yearly": 2.82,
            "eps_latest_yearly": 1.76,
            "eps_growth_yearly": -9.81
        },
        "20144": {
            "year_quarter": 20144,
            "year": 2014,
            "quarter": 4,
            "eps": 0.89,
            "eps_growth_year": 2.38,
            "eps_4q": 2.6,
            "eps_4q_growth_year": 15.96,
            "roe": 3.47,
            "roe_4q": 12.08,
            "gross_profit": 94581,
            "gross_margin": 19.93,
            "gross_margin_4q_avg": 16.88,
            "net_income": 46064,
            "revenue": 474477,
            "common_shares": 514850,
            "book_valuer_per_share": 26.25,
            "book_valuer_per_share_4q_avg": 24.85,
            "equity": 1351572,
            "current_ratio": 198.89,
            "debt_ratio": 32.41,
            "inventory_turnover_ratio": 2.8,
            "account_receivable_turnover_ratio": 0.77,
            "reinvestment_rate": 14.13,
            "research_to_sale_ratio": 2.75,
            "price_fair": 101.22,
            "eps_avg_yearly": 2.89,
            "eps_latest_yearly": 3.56,
            "eps_growth_yearly": 32.08
        },
        "20151": {
            "year_quarter": 20151,
            "year": 2015,
            "quarter": 1,
            "eps": 0.78,
            "eps_growth_year": -12.36,
            "eps_4q": 2.66,
            "eps_4q_growth_year": 2.98,
            "roe": 2.94,
            "roe_4q": 11.28,
            "gross_profit": 86848,
            "gross_margin": 18.66,
            "gross_margin_4q_avg": 17.13,
            "net_income": 40294,
            "revenue": 465443,
            "common_shares": 514850,
            "book_valuer_per_share": 27.03,
            "book_valuer_per_share_4q_avg": 25.53,
            "equity": 1391816,
            "current_ratio": 206.57,
            "debt_ratio": 30.01,
            "inventory_turnover_ratio": 2.76,
            "account_receivable_turnover_ratio": 0.76,
            "reinvestment_rate": 6.83,
            "research_to_sale_ratio": 2.55,
            "price_fair": 100.98,
            "eps_avg_yearly": 2.91,
            "eps_latest_yearly": 3.12,
            "eps_growth_yearly": 24.67
        },
        "20152": {
            "year_quarter": 20152,
            "year": 2015,
            "quarter": 2,
            "eps": 0.01,
            "eps_growth_year": -98.72,
            "eps_4q": 2.04,
            "eps_4q_growth_year": -31.51,
            "roe": 0.04,
            "roe_4q": 8.06,
            "gross_profit": 39466,
            "gross_margin": 10.76,
            "gross_margin_4q_avg": 15.87,
            "net_income": 509,
            "revenue": 366679,
            "common_shares": 514850,
            "book_valuer_per_share": 25.04,
            "book_valuer_per_share_4q_avg": 25.93,
            "equity": 1289292,
            "current_ratio": 183.22,
            "debt_ratio": 34.9,
            "inventory_turnover_ratio": 3.3,
            "account_receivable_turnover_ratio": 0.63,
            "reinvestment_rate": 3.45,
            "research_to_sale_ratio": 3.05,
            "price_fair": 8.02,
            "eps_avg_yearly": 2.67,
            "eps_latest_yearly": 0.04,
            "eps_growth_yearly": -10.29
        },
        "20153": {
            "year_quarter": 20153,
            "year": 2015,
            "quarter": 3,
            "eps": 0.33,
            "eps_growth_year": -25,
            "eps_4q": 2.04,
            "eps_4q_growth_year": -15.43,
            "roe": 1.32,
            "roe_4q": 7.77,
            "gross_profit": 44303,
            "gross_margin": 13.49,
            "gross_margin_4q_avg": 15.71,
            "net_income": 17014,
            "revenue": 328316,
            "common_shares": 514850,
            "book_valuer_per_share": 25.44,
            "book_valuer_per_share_4q_avg": 25.94,
            "equity": 1298090,
            "current_ratio": 218.18,
            "debt_ratio": 28.78,
            "inventory_turnover_ratio": 3.77,
            "account_receivable_turnover_ratio": 0.62,
            "reinvestment_rate": -6.64,
            "research_to_sale_ratio": 3.19,
            "price_fair": 89.92,
            "eps_avg_yearly": 2.57,
            "eps_latest_yearly": 1.32,
            "eps_growth_yearly": 975.11
        },
        "20154": {
            "year_quarter": 20154,
            "year": 2015,
            "quarter": 4,
            "eps": 0.7,
            "eps_growth_year": -21.68,
            "eps_4q": 1.86,
            "eps_4q_growth_year": -28.29,
            "roe": 2.67,
            "roe_4q": 6.970000000000001,
            "gross_profit": 76079,
            "gross_margin": 20.64,
            "gross_margin_4q_avg": 15.89,
            "net_income": 34866,
            "revenue": 368623,
            "common_shares": 497560,
            "book_valuer_per_share": 26.32,
            "book_valuer_per_share_4q_avg": 25.96,
            "equity": 1309547,
            "current_ratio": 205.36,
            "debt_ratio": 28.37,
            "inventory_turnover_ratio": 3.52,
            "account_receivable_turnover_ratio": 0.74,
            "reinvestment_rate": -11.04,
            "research_to_sale_ratio": 3.12,
            "price_fair": 90.5,
            "eps_avg_yearly": 2.59,
            "eps_latest_yearly": 2.8,
            "eps_growth_yearly": 937.5
        },
        "20161": {
            "year_quarter": 20161,
            "year": 2016,
            "quarter": 1,
            "eps": 0.75,
            "eps_growth_year": -3.85,
            "eps_4q": 1.8,
            "eps_4q_growth_year": -32.26,
            "roe": 2.81,
            "roe_4q": 6.840000000000001,
            "gross_profit": 84230,
            "gross_margin": 21.55,
            "gross_margin_4q_avg": 16.61,
            "net_income": 37301,
            "revenue": 390872,
            "common_shares": 497560,
            "book_valuer_per_share": 27.07,
            "book_valuer_per_share_4q_avg": 25.97,
            "equity": 1346824,
            "current_ratio": 208.13,
            "debt_ratio": 29.08,
            "inventory_turnover_ratio": 2.95,
            "account_receivable_turnover_ratio": 0.76,
            "reinvestment_rate": -10.57,
            "research_to_sale_ratio": 2.84,
            "price_fair": 91.47,
            "eps_avg_yearly": 2.61,
            "eps_latest_yearly": 3,
            "eps_growth_yearly": 876.9
        },
        "20162": {
            "year_quarter": 20162,
            "year": 2016,
            "quarter": 2,
            "eps": 0.89,
            "eps_growth_year": 8800,
            "eps_4q": 2.68,
            "eps_4q_growth_year": 31.31,
            "roe": 3.36,
            "roe_4q": 10.16,
            "gross_profit": 88631,
            "gross_margin": 20.1,
            "gross_margin_4q_avg": 18.95,
            "net_income": 44369,
            "revenue": 440860,
            "common_shares": 497560,
            "book_valuer_per_share": 25.96,
            "book_valuer_per_share_4q_avg": 26.2,
            "equity": 1291573,
            "current_ratio": 179.46,
            "debt_ratio": 34.35,
            "inventory_turnover_ratio": 3.29,
            "account_receivable_turnover_ratio": 0.81,
            "reinvestment_rate": -15.15,
            "research_to_sale_ratio": 2.72,
            "price_fair": 93.54,
            "eps_avg_yearly": 2.67,
            "eps_latest_yearly": 3.56,
            "eps_growth_yearly": 826.76
        },
        "20163": {
            "year_quarter": 20163,
            "year": 2016,
            "quarter": 3,
            "eps": 0.65,
            "eps_growth_year": 96.97,
            "eps_4q": 2.99,
            "eps_4q_growth_year": 47.07,
            "roe": 2.48,
            "roe_4q": 11.32,
            "gross_profit": 81081,
            "gross_margin": 18.4,
            "gross_margin_4q_avg": 20.17,
            "net_income": 32431,
            "revenue": 440730,
            "common_shares": 497560,
            "book_valuer_per_share": 26.61,
            "book_valuer_per_share_4q_avg": 26.49,
            "equity": 1323876,
            "current_ratio": 190.2,
            "debt_ratio": 32.89,
            "inventory_turnover_ratio": 3.45,
            "account_receivable_turnover_ratio": 0.74,
            "reinvestment_rate": -21.48,
            "research_to_sale_ratio": 2.73,
            "price_fair": 86.63,
            "eps_avg_yearly": 2.48,
            "eps_latest_yearly": 2.6,
            "eps_growth_yearly": 817.33
        },
        "20164": {
            "year_quarter": 20164,
            "year": 2016,
            "quarter": 4,
            "eps": 0.98,
            "eps_growth_year": 39.19,
            "eps_4q": 3.27,
            "eps_4q_growth_year": 75.47,
            "roe": 3.6,
            "roe_4q": 12.25,
            "gross_profit": 96038,
            "gross_margin": 20.52,
            "gross_margin_4q_avg": 20.14,
            "net_income": 48530,
            "revenue": 467991,
            "common_shares": 497560,
            "book_valuer_per_share": 27.51,
            "book_valuer_per_share_4q_avg": 26.79,
            "equity": 1368622,
            "current_ratio": 184.32,
            "debt_ratio": 34.65,
            "inventory_turnover_ratio": 3.03,
            "account_receivable_turnover_ratio": 0.69,
            "reinvestment_rate": -20.09,
            "research_to_sale_ratio": 2.87,
            "price_fair": 90.39,
            "eps_avg_yearly": 2.58,
            "eps_latest_yearly": 3.92,
            "eps_growth_yearly": 845.47
        },
        "20171": {
            "year_quarter": 20171,
            "year": 2017,
            "quarter": 1,
            "eps": 0.73,
            "eps_growth_year": -2.67,
            "eps_4q": 3.25,
            "eps_4q_growth_year": 80.4,
            "roe": 2.63,
            "roe_4q": 12.07,
            "gross_profit": 95192,
            "gross_margin": 19.21,
            "gross_margin_4q_avg": 19.56,
            "net_income": 36473,
            "revenue": 495503,
            "common_shares": 497560,
            "book_valuer_per_share": 28.24,
            "book_valuer_per_share_4q_avg": 27.08,
            "equity": 1404917,
            "current_ratio": 196.34,
            "debt_ratio": 32.52,
            "inventory_turnover_ratio": 2.7,
            "account_receivable_turnover_ratio": 0.7,
            "reinvestment_rate": -24.79,
            "research_to_sale_ratio": 2.44,
            "price_fair": 91.96,
            "eps_avg_yearly": 2.63,
            "eps_latest_yearly": 2.92,
            "eps_growth_yearly": 839.09
        },
        "20172": {
            "year_quarter": 20172,
            "year": 2017,
            "quarter": 2,
            "eps": 1.43,
            "eps_growth_year": 60.67,
            "eps_4q": 3.79,
            "eps_4q_growth_year": 41.22,
            "roe": 5.2,
            "roe_4q": 13.91,
            "gross_profit": 122710,
            "gross_margin": 22.93,
            "gross_margin_4q_avg": 20.27,
            "net_income": 71162,
            "revenue": 535114,
            "common_shares": 497560,
            "book_valuer_per_share": 26.74,
            "book_valuer_per_share_4q_avg": 27.28,
            "equity": 1330360,
            "current_ratio": 165.73,
            "debt_ratio": 38.65,
            "inventory_turnover_ratio": 2.26,
            "account_receivable_turnover_ratio": 0.73,
            "reinvestment_rate": -14.01,
            "research_to_sale_ratio": 2.46,
            "price_fair": 101.15,
            "eps_avg_yearly": 2.89,
            "eps_latest_yearly": 5.72,
            "eps_growth_yearly": 870.79
        },
        "20173": {
            "year_quarter": 20173,
            "year": 2017,
            "quarter": 3,
            "eps": 1.9,
            "eps_growth_year": 192.31,
            "eps_4q": 5.04,
            "eps_4q_growth_year": 68.39,
            "roe": 6.87,
            "roe_4q": 18.3,
            "gross_profit": 161610,
            "gross_margin": 24.81,
            "gross_margin_4q_avg": 21.87,
            "net_income": 94687,
            "revenue": 651348,
            "common_shares": 497560,
            "book_valuer_per_share": 28.64,
            "book_valuer_per_share_4q_avg": 27.78,
            "equity": 1425103,
            "current_ratio": 181.12,
            "debt_ratio": 35.21,
            "inventory_turnover_ratio": 2.29,
            "account_receivable_turnover_ratio": 0.79,
            "reinvestment_rate": -9.24,
            "research_to_sale_ratio": 2.2,
            "price_fair": 113.93,
            "eps_avg_yearly": 3.26,
            "eps_latest_yearly": 7.6,
            "eps_growth_yearly": 875.06
        },
        "20174": {
            "year_quarter": 20174,
            "year": 2017,
            "quarter": 4,
            "eps": 2.11,
            "eps_growth_year": 115.85,
            "eps_4q": 6.17,
            "eps_4q_growth_year": 88.82,
            "roe": 7.09,
            "roe_4q": 21.79,
            "gross_profit": 195872,
            "gross_margin": 27.37,
            "gross_margin_4q_avg": 23.58,
            "net_income": 104752,
            "revenue": 715710,
            "common_shares": 497560,
            "book_valuer_per_share": 30.74,
            "book_valuer_per_share_4q_avg": 28.59,
            "equity": 1529501,
            "current_ratio": 187.33,
            "debt_ratio": 34.61,
            "inventory_turnover_ratio": 2.39,
            "account_receivable_turnover_ratio": 0.79,
            "reinvestment_rate": -3.05,
            "research_to_sale_ratio": 2.32,
            "price_fair": 124.78,
            "eps_avg_yearly": 3.57,
            "eps_latest_yearly": 8.44,
            "eps_growth_yearly": 853.39
        },
        "20181": {
            "year_quarter": 20181,
            "year": 2018,
            "quarter": 1,
            "eps": 2.13,
            "eps_growth_year": 191.78,
            "eps_4q": 7.57,
            "eps_4q_growth_year": 132.64,
            "roe": 6.69,
            "roe_4q": 25.85,
            "gross_profit": 190498,
            "gross_margin": 26.49,
            "gross_margin_4q_avg": 25.4,
            "net_income": 105822,
            "revenue": 719036,
            "common_shares": 497560,
            "book_valuer_per_share": 32.87,
            "book_valuer_per_share_4q_avg": 29.75,
            "equity": 1635393,
            "current_ratio": 173.76,
            "debt_ratio": 39.84,
            "inventory_turnover_ratio": 2.44,
            "account_receivable_turnover_ratio": 0.78,
            "reinvestment_rate": 1.15,
            "research_to_sale_ratio": 1.99,
            "price_fair": 135.63,
            "eps_avg_yearly": 3.88,
            "eps_latest_yearly": 8.52,
            "eps_growth_yearly": 853.06
        },
        "20182": {
            "year_quarter": 20182,
            "year": 2018,
            "quarter": 2,
            "eps": 2.84,
            "eps_growth_year": 98.6,
            "eps_4q": 8.98,
            "eps_4q_growth_year": 136.96,
            "roe": 9.02,
            "roe_4q": 29.67,
            "gross_profit": 220601,
            "gross_margin": 28.83,
            "gross_margin_4q_avg": 26.88,
            "net_income": 141631,
            "revenue": 765301,
            "common_shares": 497560,
            "book_valuer_per_share": 30.22,
            "book_valuer_per_share_4q_avg": 30.62,
            "equity": 1503485,
            "current_ratio": 149.96,
            "debt_ratio": 47.07,
            "inventory_turnover_ratio": 2.54,
            "account_receivable_turnover_ratio": 0.83,
            "reinvestment_rate": -0.21,
            "research_to_sale_ratio": 2.16,
            "price_fair": 153.65,
            "eps_avg_yearly": 4.39,
            "eps_latest_yearly": 11.36,
            "eps_growth_yearly": 864.48
        },
        "20183": {
            "year_quarter": 20183,
            "year": 2018,
            "quarter": 3,
            "eps": 1.61,
            "eps_growth_year": -15.26,
            "eps_4q": 8.68,
            "eps_4q_growth_year": 72.2,
            "roe": 5.17,
            "roe_4q": 27.97,
            "gross_profit": 146312,
            "gross_margin": 22.83,
            "gross_margin_4q_avg": 26.38,
            "net_income": 79750,
            "revenue": 640903,
            "common_shares": 497560,
            "book_valuer_per_share": 31.82,
            "book_valuer_per_share_4q_avg": 31.41,
            "equity": 1583079,
            "current_ratio": 183.68,
            "debt_ratio": 36.43,
            "inventory_turnover_ratio": 2.72,
            "account_receivable_turnover_ratio": 0.7,
            "reinvestment_rate": -0.63,
            "research_to_sale_ratio": 2.59,
            "price_fair": 163.89,
            "eps_avg_yearly": 4.68,
            "eps_latest_yearly": 6.44,
            "eps_growth_yearly": 864.55
        },
        "20184": {
            "year_quarter": 20184,
            "year": 2018,
            "quarter": 4,
            "eps": 0.78,
            "eps_growth_year": -62.79,
            "eps_4q": 7.36,
            "eps_4q_growth_year": 19.25,
            "roe": 2.43,
            "roe_4q": 23.31,
            "gross_profit": 86879,
            "gross_margin": 18.6,
            "gross_margin_4q_avg": 24.19,
            "net_income": 38977,
            "revenue": 466992,
            "common_shares": 497560,
            "book_valuer_per_share": 32.6,
            "book_valuer_per_share_4q_avg": 31.88,
            "equity": 1621808,
            "current_ratio": 192.01,
            "debt_ratio": 34.56,
            "inventory_turnover_ratio": 2.5,
            "account_receivable_turnover_ratio": 0.56,
            "reinvestment_rate": 0.07,
            "research_to_sale_ratio": 3.57,
            "price_fair": 162.93,
            "eps_avg_yearly": 4.66,
            "eps_latest_yearly": 3.12,
            "eps_growth_yearly": 826.09
        },
        "20191": {
            "year_quarter": 20191,
            "year": 2019,
            "quarter": 1,
            "eps": 0.14,
            "eps_growth_year": -93.43,
            "eps_4q": 5.37,
            "eps_4q_growth_year": -28.96,
            "roe": 0.43,
            "roe_4q": 17.05,
            "gross_profit": 51594,
            "gross_margin": 12.76,
            "gross_margin_4q_avg": 20.76,
            "net_income": 7041,
            "revenue": 404300,
            "common_shares": 497560,
            "book_valuer_per_share": 32.74,
            "book_valuer_per_share_4q_avg": 31.85,
            "equity": 1628954,
            "current_ratio": 218.45,
            "debt_ratio": 29.19,
            "inventory_turnover_ratio": 2.8,
            "account_receivable_turnover_ratio": 0.57,
            "reinvestment_rate": 0.24,
            "research_to_sale_ratio": 3.82,
            "price_fair": 157.33,
            "eps_avg_yearly": 4.5,
            "eps_latest_yearly": 0.56,
            "eps_growth_yearly": 808.67
        },
        "20192": {
            "year_quarter": 20192,
            "year": 2019,
            "quarter": 2,
            "eps": 1.12,
            "eps_growth_year": -60.56,
            "eps_4q": 3.65,
            "eps_4q_growth_year": -59.36,
            "roe": 3.68,
            "roe_4q": 11.71,
            "gross_profit": 118238,
            "gross_margin": 25.21,
            "gross_margin_4q_avg": 19.85,
            "net_income": 55865,
            "revenue": 468998,
            "common_shares": 497560,
            "book_valuer_per_share": 28.26,
            "book_valuer_per_share_4q_avg": 31.36,
            "equity": 1406128,
            "current_ratio": 160.06,
            "debt_ratio": 39.7,
            "inventory_turnover_ratio": 2.84,
            "account_receivable_turnover_ratio": 0.72,
            "reinvestment_rate": 2.28,
            "research_to_sale_ratio": 4.21,
            "price_fair": 167.04,
            "eps_avg_yearly": 4.77,
            "eps_latest_yearly": 4.48,
            "eps_growth_yearly": 1008.35
        },
        "20193": {
            "year_quarter": 20193,
            "year": 2019,
            "quarter": 3,
            "eps": 1.37,
            "eps_growth_year": -14.91,
            "eps_4q": 3.42,
            "eps_4q_growth_year": -60.64,
            "roe": 4.73,
            "roe_4q": 11.27,
            "gross_profit": 134903,
            "gross_margin": 25.04,
            "gross_margin_4q_avg": 20.4,
            "net_income": 68116,
            "revenue": 538723,
            "common_shares": 497560,
            "book_valuer_per_share": 29.63,
            "book_valuer_per_share_4q_avg": 30.81,
            "equity": 1474081,
            "current_ratio": 179,
            "debt_ratio": 35.27,
            "inventory_turnover_ratio": 2.41,
            "account_receivable_turnover_ratio": 0.78,
            "reinvestment_rate": 1.35,
            "research_to_sale_ratio": 3.34,
            "price_fair": 176.14,
            "eps_avg_yearly": 5.03,
            "eps_latest_yearly": 5.48,
            "eps_growth_yearly": 213.93
        },
        "20194": {
            "year_quarter": 20194,
            "year": 2019,
            "quarter": 4,
            "eps": 1.83,
            "eps_growth_year": 133.47,
            "eps_4q": 4.46,
            "eps_4q_growth_year": -39.37,
            "roe": 5.99,
            "roe_4q": 14.83,
            "gross_profit": 161580,
            "gross_margin": 26.77,
            "gross_margin_4q_avg": 22.45,
            "net_income": 91000,
            "revenue": 603606,
            "common_shares": 497560,
            "book_valuer_per_share": 31.4,
            "book_valuer_per_share_4q_avg": 30.51,
            "equity": 1562236,
            "current_ratio": 177.86,
            "debt_ratio": 36.58,
            "inventory_turnover_ratio": 1.98,
            "account_receivable_turnover_ratio": 0.84,
            "reinvestment_rate": 5.17,
            "research_to_sale_ratio": 3.18,
            "price_fair": 186.03,
            "eps_avg_yearly": 5.32,
            "eps_latest_yearly": 7.32,
            "eps_growth_yearly": 194.29
        },
        "20201": {
            "year_quarter": 20201,
            "year": 2020,
            "quarter": 1,
            "eps": 2.92,
            "eps_growth_year": 1985.71,
            "eps_4q": 7.24,
            "eps_4q_growth_year": 34.8,
            "roe": 8.9,
            "roe_4q": 23.3,
            "gross_profit": 230194,
            "gross_margin": 31.13,
            "gross_margin_4q_avg": 27.04,
            "net_income": 145486,
            "revenue": 739511,
            "common_shares": 497560,
            "book_valuer_per_share": 34.32,
            "book_valuer_per_share_4q_avg": 30.9,
            "equity": 1707675,
            "current_ratio": 186.76,
            "debt_ratio": 36.62,
            "inventory_turnover_ratio": 1.92,
            "account_receivable_turnover_ratio": 0.98,
            "reinvestment_rate": 4.9,
            "research_to_sale_ratio": 2.63,
            "price_fair": 205.01,
            "eps_avg_yearly": 5.86,
            "eps_latest_yearly": 11.68,
            "eps_growth_yearly": 207.4
        },
        "20202": {
            "year_quarter": 20202,
            "year": 2020,
            "quarter": 2,
            "eps": 3.55,
            "eps_growth_year": 216.96,
            "eps_4q": 9.67,
            "eps_4q_growth_year": 164.94,
            "roe": 10.35,
            "roe_4q": 29.970000000000002,
            "gross_profit": 278556,
            "gross_margin": 33.56,
            "gross_margin_4q_avg": 29.13,
            "net_income": 176609,
            "revenue": 829986,
            "common_shares": 497560,
            "book_valuer_per_share": 34.27,
            "book_valuer_per_share_4q_avg": 32.41,
            "equity": 1705102,
            "current_ratio": 167.11,
            "debt_ratio": 42.15,
            "inventory_turnover_ratio": 1.85,
            "account_receivable_turnover_ratio": 1,
            "reinvestment_rate": 7.13,
            "research_to_sale_ratio": 2.6,
            "price_fair": 228.29,
            "eps_avg_yearly": 6.52,
            "eps_latest_yearly": 14.2,
            "eps_growth_yearly": 208.13
        },
        "20203": {
            "year_quarter": 20203,
            "year": 2020,
            "quarter": 3,
            "eps": 2.32,
            "eps_growth_year": 69.34,
            "eps_4q": 10.62,
            "eps_4q_growth_year": 210.78,
            "roe": 6.54,
            "roe_4q": 31.78,
            "gross_profit": 197483,
            "gross_margin": 27.74,
            "gross_margin_4q_avg": 29.8,
            "net_income": 115236,
            "revenue": 711980,
            "common_shares": 497560,
            "book_valuer_per_share": 36.59,
            "book_valuer_per_share_4q_avg": 34.15,
            "equity": 1820411,
            "current_ratio": 190.52,
            "debt_ratio": 36.06,
            "inventory_turnover_ratio": 1.69,
            "account_receivable_turnover_ratio": 0.88,
            "reinvestment_rate": 9.4,
            "research_to_sale_ratio": 2.96,
            "price_fair": 242.9,
            "eps_avg_yearly": 6.94,
            "eps_latest_yearly": 9.28,
            "eps_growth_yearly": 206.21
        },
        "20204": {
            "year_quarter": 20204,
            "year": 2020,
            "quarter": 4,
            "eps": 1.9,
            "eps_growth_year": 3.75,
            "eps_4q": 10.69,
            "eps_4q_growth_year": 139.5,
            "roe": 5.06,
            "roe_4q": 30.85,
            "gross_profit": 165735,
            "gross_margin": 26.18,
            "gross_margin_4q_avg": 29.65,
            "net_income": 94413,
            "revenue": 633135,
            "common_shares": 497560,
            "book_valuer_per_share": 38.44,
            "book_valuer_per_share_4q_avg": 35.91,
            "equity": 1912580,
            "current_ratio": 196.8,
            "debt_ratio": 35.87,
            "inventory_turnover_ratio": 1.62,
            "account_receivable_turnover_ratio": 0.86,
            "reinvestment_rate": 8.69,
            "research_to_sale_ratio": 3.39,
            "price_fair": 250.95,
            "eps_avg_yearly": 7.17,
            "eps_latest_yearly": 7.6,
            "eps_growth_yearly": 188.99
        },
        "20211": {
            "year_quarter": 20211,
            "year": 2021,
            "quarter": 1,
            "eps": 1.86,
            "eps_growth_year": -36.3,
            "eps_4q": 9.62,
            "eps_4q_growth_year": 32.83,
            "roe": 4.72,
            "roe_4q": 26.67,
            "gross_profit": 170159,
            "gross_margin": 26.24,
            "gross_margin_4q_avg": 28.43,
            "net_income": 92544,
            "revenue": 648485,
            "common_shares": 497560,
            "book_valuer_per_share": 40.3,
            "book_valuer_per_share_4q_avg": 37.4,
            "equity": 2005091,
            "current_ratio": 206.6,
            "debt_ratio": 34.33,
            "inventory_turnover_ratio": 1.7,
            "account_receivable_turnover_ratio": 0.92,
            "reinvestment_rate": 9.03,
            "research_to_sale_ratio": 3.19,
            "price_fair": 260.84,
            "eps_avg_yearly": 7.45,
            "eps_latest_yearly": 7.44,
            "eps_growth_yearly": 194.84
        },
        "20212": {
            "year_quarter": 20212,
            "year": 2021,
            "quarter": 2,
            "eps": 1.52,
            "eps_growth_year": -57.18,
            "eps_4q": 7.59,
            "eps_4q_growth_year": -21.48,
            "roe": 4.05,
            "roe_4q": 20.369999999999997,
            "gross_profit": 150790,
            "gross_margin": 21.84,
            "gross_margin_4q_avg": 25.5,
            "net_income": 75661,
            "revenue": 690395,
            "common_shares": 497560,
            "book_valuer_per_share": 34.82,
            "book_valuer_per_share_4q_avg": 37.54,
            "equity": 1732427,
            "current_ratio": 152.07,
            "debt_ratio": 46.25,
            "inventory_turnover_ratio": 1.81,
            "account_receivable_turnover_ratio": 0.88,
            "reinvestment_rate": 11.33,
            "research_to_sale_ratio": 3.33,
            "price_fair": 261.63,
            "eps_avg_yearly": 7.48,
            "eps_latest_yearly": 6.08,
            "eps_growth_yearly": 166.3
        },
        "20213": {
            "year_quarter": 20213,
            "year": 2021,
            "quarter": 3,
            "eps": 1.71,
            "eps_growth_year": -26.29,
            "eps_4q": 6.99,
            "eps_4q_growth_year": -34.18,
            "roe": 4.8,
            "roe_4q": 18.63,
            "gross_profit": 159318,
            "gross_margin": 22,
            "gross_margin_4q_avg": 24.07,
            "net_income": 85125,
            "revenue": 724133,
            "common_shares": 497560,
            "book_valuer_per_share": 36.53,
            "book_valuer_per_share_4q_avg": 37.52,
            "equity": 1817549,
            "current_ratio": 167.06,
            "debt_ratio": 41.1,
            "inventory_turnover_ratio": 1.6,
            "account_receivable_turnover_ratio": 0.79,
            "reinvestment_rate": 11.35,
            "research_to_sale_ratio": 3.11,
            "price_fair": 259.96,
            "eps_avg_yearly": 7.43,
            "eps_latest_yearly": 6.84,
            "eps_growth_yearly": 161.2
        },
        "20214": {
            "year_quarter": 20214,
            "year": 2021,
            "quarter": 4,
            "eps": 2.76,
            "eps_growth_year": 45.21,
            "eps_4q": 7.85,
            "eps_4q_growth_year": -26.58,
            "roe": 7.27,
            "roe_4q": 20.84,
            "gross_profit": 229687,
            "gross_margin": 27.32,
            "gross_margin_4q_avg": 24.35,
            "net_income": 137101,
            "revenue": 840650,
            "common_shares": 497560,
            "book_valuer_per_share": 39.28,
            "book_valuer_per_share_4q_avg": 37.73,
            "equity": 1954414,
            "current_ratio": 169.44,
            "debt_ratio": 41.84,
            "inventory_turnover_ratio": 1.49,
            "account_receivable_turnover_ratio": 0.79,
            "reinvestment_rate": 10.41,
            "research_to_sale_ratio": 2.8,
            "price_fair": 265.65,
            "eps_avg_yearly": 7.59,
            "eps_latest_yearly": 11.04,
            "eps_growth_yearly": 173.79
        },
        "20221": {
            "year_quarter": 20221,
            "year": 2022,
            "quarter": 1,
            "eps": 3.53,
            "eps_growth_year": 89.78,
            "eps_4q": 9.51,
            "eps_4q_growth_year": -1.13,
            "roe": 8.59,
            "roe_4q": 24.71,
            "gross_profit": 278209,
            "gross_margin": 29.7,
            "gross_margin_4q_avg": 25.22,
            "net_income": 175490,
            "revenue": 936694,
            "common_shares": 497560,
            "book_valuer_per_share": 42.81,
            "book_valuer_per_share_4q_avg": 38.36,
            "equity": 2130058,
            "current_ratio": 183.17,
            "debt_ratio": 39.46,
            "inventory_turnover_ratio": 1.44,
            "account_receivable_turnover_ratio": 0.84,
            "reinvestment_rate": 9.09,
            "research_to_sale_ratio": 2.46,
            "price_fair": 277.9,
            "eps_avg_yearly": 7.94,
            "eps_latest_yearly": 14.12,
            "eps_growth_yearly": 180.53
        },
        "20222": {
            "year_quarter": 20222,
            "year": 2022,
            "quarter": 2,
            "eps": 3.82,
            "eps_growth_year": 151.32,
            "eps_4q": 11.81,
            "eps_4q_growth_year": 55.58,
            "roe": 9.16,
            "roe_4q": 29.82,
            "gross_profit": 301909,
            "gross_margin": 33.65,
            "gross_margin_4q_avg": 28.17,
            "net_income": 190132,
            "revenue": 897281,
            "common_shares": 497560,
            "book_valuer_per_share": 40.63,
            "book_valuer_per_share_4q_avg": 39.81,
            "equity": 2021590,
            "current_ratio": 161.76,
            "debt_ratio": 44.63,
            "inventory_turnover_ratio": 1.2,
            "account_receivable_turnover_ratio": 0.87,
            "reinvestment_rate": 10.97,
            "research_to_sale_ratio": 2.77,
            "price_fair": 286.48,
            "eps_avg_yearly": 8.19,
            "eps_latest_yearly": 15.28,
            "eps_growth_yearly": 174.25
        },
        "20223": {
            "year_quarter": 20223,
            "year": 2022,
            "quarter": 3,
            "eps": 2.38,
            "eps_growth_year": 39.18,
            "eps_4q": 12.12,
            "eps_4q_growth_year": 73.41,
            "roe": 5.67,
            "roe_4q": 30.69,
            "gross_profit": 217176,
            "gross_margin": 26.06,
            "gross_margin_4q_avg": 29.18,
            "net_income": 118483,
            "revenue": 833409,
            "common_shares": 512560,
            "book_valuer_per_share": 42.09,
            "book_valuer_per_share_4q_avg": 41.2,
            "equity": 2157249,
            "current_ratio": 184.48,
            "debt_ratio": 38.27,
            "inventory_turnover_ratio": 1.2,
            "account_receivable_turnover_ratio": 0.77,
            "reinvestment_rate": 11.81,
            "research_to_sale_ratio": 2.93,
            "price_fair": 293.21,
            "eps_avg_yearly": 8.38,
            "eps_latest_yearly": 9.52,
            "eps_growth_yearly": 175.65
        },
        "20224": {
            "year_quarter": 20224,
            "year": 2022,
            "quarter": 4,
            "eps": 1.4,
            "eps_growth_year": -49.29,
            "eps_4q": 10.85,
            "eps_4q_growth_year": 38.23,
            "roe": 3.24,
            "roe_4q": 26.66,
            "gross_profit": 178338,
            "gross_margin": 22.91,
            "gross_margin_4q_avg": 28.08,
            "net_income": 71591,
            "revenue": 778431,
            "common_shares": 512310,
            "book_valuer_per_share": 44.07,
            "book_valuer_per_share_4q_avg": 42.4,
            "equity": 2257838,
            "current_ratio": 191.88,
            "debt_ratio": 36.85,
            "inventory_turnover_ratio": 1.2,
            "account_receivable_turnover_ratio": 0.7,
            "reinvestment_rate": 12.56,
            "research_to_sale_ratio": 3.31,
            "price_fair": 298.64,
            "eps_avg_yearly": 8.53,
            "eps_latest_yearly": 5.6,
            "eps_growth_yearly": 178.25
        },
        "20231": {
            "year_quarter": 20231,
            "year": 2023,
            "quarter": 1,
            "eps": 1.06,
            "eps_growth_year": -69.97,
            "eps_4q": 8.45,
            "eps_4q_growth_year": -11.19,
            "roe": 2.5,
            "roe_4q": 20.57,
            "gross_profit": 132877,
            "gross_margin": 19.08,
            "gross_margin_4q_avg": 25.43,
            "net_income": 52649,
            "revenue": 696283,
            "common_shares": 512310,
            "book_valuer_per_share": 38.17,
            "book_valuer_per_share_4q_avg": 41.24,
            "equity": 1955326,
            "current_ratio": 155.27,
            "debt_ratio": 44.14,
            "inventory_turnover_ratio": 1.26,
            "account_receivable_turnover_ratio": 0.69,
            "reinvestment_rate": 14.92,
            "research_to_sale_ratio": 3.39,
            "price_fair": 306.69,
            "eps_avg_yearly": 8.76,
            "eps_latest_yearly": 4.24,
            "eps_growth_yearly": 192.69
        },
        "20232": {
            "year_quarter": 20232,
            "year": 2023,
            "quarter": 2,
            "eps": 0.82,
            "eps_growth_year": -78.53,
            "eps_4q": 5.53,
            "eps_4q_growth_year": -53.19,
            "roe": 2.05,
            "roe_4q": 13.46,
            "gross_profit": 110714,
            "gross_margin": 16.45,
            "gross_margin_4q_avg": 21.13,
            "net_income": 40620,
            "revenue": 673017,
            "common_shares": 512310,
            "book_valuer_per_share": 39.23,
            "book_valuer_per_share_4q_avg": 40.89,
            "equity": 2009815,
            "current_ratio": 164.41,
            "debt_ratio": 40.8,
            "inventory_turnover_ratio": 1.45,
            "account_receivable_turnover_ratio": 0.74,
            "reinvestment_rate": 15.13,
            "research_to_sale_ratio": 3.66,
            "price_fair": 191.38,
            "eps_avg_yearly": 8.69,
            "eps_latest_yearly": 3.28,
            "eps_growth_yearly": 12.03
        }
    },
    "months": {
        "2011-05": {
            "month": "2011-05",
            "price": "30.00",
            "revenue": 149960
        },
        "2011-06": {
            "month": "2011-06",
            "price": "25.88",
            "revenue": 128108
        },
        "2011-07": {
            "month": "2011-07",
            "price": "21.20",
            "revenue": 125798
        },
        "2011-08": {
            "month": "2011-08",
            "price": "23.93",
            "revenue": 121937
        },
        "2011-09": {
            "month": "2011-09",
            "price": "26.79",
            "revenue": 125790
        },
        "2011-10": {
            "month": "2011-10",
            "price": "26.09",
            "revenue": 114164
        },
        "2011-11": {
            "month": "2011-11",
            "price": "24.90",
            "revenue": 93235
        },
        "2011-12": {
            "month": "2011-12",
            "price": "22.36",
            "revenue": 96893
        },
        "2012-01": {
            "month": "2012-01",
            "price": "21.00",
            "revenue": 77210
        },
        "2012-02": {
            "month": "2012-02",
            "price": "22.13",
            "revenue": 100498
        },
        "2012-03": {
            "month": "2012-03",
            "price": "22.49",
            "revenue": 134174
        },
        "2012-04": {
            "month": "2012-04",
            "price": "21.95",
            "revenue": 143130
        },
        "2012-05": {
            "month": "2012-05",
            "price": "20.37",
            "revenue": 146640
        },
        "2012-06": {
            "month": "2012-06",
            "price": "19.63",
            "revenue": 139943
        },
        "2012-07": {
            "month": "2012-07",
            "price": "20.22",
            "revenue": 144879
        },
        "2012-08": {
            "month": "2012-08",
            "price": "23.36",
            "revenue": 149987
        },
        "2012-09": {
            "month": "2012-09",
            "price": "29.59",
            "revenue": 153058
        },
        "2012-10": {
            "month": "2012-10",
            "price": "30.40",
            "revenue": 150798
        },
        "2012-11": {
            "month": "2012-11",
            "price": "30.99",
            "revenue": 125020
        },
        "2012-12": {
            "month": "2012-12",
            "price": "31.08",
            "revenue": 111034
        },
        "2013-01": {
            "month": "2013-01",
            "price": "38.11",
            "revenue": 121044
        },
        "2013-02": {
            "month": "2013-02",
            "price": "38.77",
            "revenue": 107859
        },
        "2013-03": {
            "month": "2013-03",
            "price": "36.49",
            "revenue": 115336
        },
        "2013-04": {
            "month": "2013-04",
            "price": "31.96",
            "revenue": 103069
        },
        "2013-05": {
            "month": "2013-05",
            "price": "29.43",
            "revenue": 101579
        },
        "2013-06": {
            "month": "2013-06",
            "price": "28.37",
            "revenue": 101165
        },
        "2013-07": {
            "month": "2013-07",
            "price": "27.00",
            "revenue": 114620
        },
        "2013-08": {
            "month": "2013-08",
            "price": "25.03",
            "revenue": 121732
        },
        "2013-09": {
            "month": "2013-09",
            "price": "25.30",
            "revenue": 123708
        },
        "2013-10": {
            "month": "2013-10",
            "price": "24.89",
            "revenue": 124291
        },
        "2013-11": {
            "month": "2013-11",
            "price": "22.03",
            "revenue": 133885
        },
        "2013-12": {
            "month": "2013-12",
            "price": "22.65",
            "revenue": 136069
        },
        "2014-01": {
            "month": "2014-01",
            "price": "25.46",
            "revenue": 141518
        },
        "2014-02": {
            "month": "2014-02",
            "price": "30.20",
            "revenue": 138397
        },
        "2014-03": {
            "month": "2014-03",
            "price": "32.98",
            "revenue": 153259
        },
        "2014-04": {
            "month": "2014-04",
            "price": "40.53",
            "revenue": 160638
        },
        "2014-05": {
            "month": "2014-05",
            "price": "40.78",
            "revenue": 161480
        },
        "2014-06": {
            "month": "2014-06",
            "price": "44.02",
            "revenue": 140012
        },
        "2014-07": {
            "month": "2014-07",
            "price": "41.52",
            "revenue": 138498
        },
        "2014-08": {
            "month": "2014-08",
            "price": "37.45",
            "revenue": 136709
        },
        "2014-09": {
            "month": "2014-09",
            "price": "36.74",
            "revenue": 143797
        },
        "2014-10": {
            "month": "2014-10",
            "price": "32.63",
            "revenue": 151016
        },
        "2014-11": {
            "month": "2014-11",
            "price": "30.85",
            "revenue": 159291
        },
        "2014-12": {
            "month": "2014-12",
            "price": "37.43",
            "revenue": 164146
        },
        "2015-01": {
            "month": "2015-01",
            "price": "39.30",
            "revenue": 170689
        },
        "2015-02": {
            "month": "2015-02",
            "price": "38.15",
            "revenue": 140329
        },
        "2015-03": {
            "month": "2015-03",
            "price": "36.81",
            "revenue": 154429
        },
        "2015-04": {
            "month": "2015-04",
            "price": "37.16",
            "revenue": 142793
        },
        "2015-05": {
            "month": "2015-05",
            "price": "34.20",
            "revenue": 122548
        },
        "2015-06": {
            "month": "2015-06",
            "price": "28.46",
            "revenue": 101357
        },
        "2015-07": {
            "month": "2015-07",
            "price": "24.27",
            "revenue": 103579
        },
        "2015-08": {
            "month": "2015-08",
            "price": "16.76",
            "revenue": 112846
        },
        "2015-09": {
            "month": "2015-09",
            "price": "18.33",
            "revenue": 111950
        },
        "2015-10": {
            "month": "2015-10",
            "price": "20.88",
            "revenue": 120761
        },
        "2015-11": {
            "month": "2015-11",
            "price": "18.74",
            "revenue": 122724
        },
        "2015-12": {
            "month": "2015-12",
            "price": "17.60",
            "revenue": 125421
        },
        "2016-01": {
            "month": "2016-01",
            "price": "16.25",
            "revenue": 133938
        },
        "2016-02": {
            "month": "2016-02",
            "price": "17.81",
            "revenue": 120144
        },
        "2016-03": {
            "month": "2016-03",
            "price": "20.70",
            "revenue": 136676
        },
        "2016-04": {
            "month": "2016-04",
            "price": "22.48",
            "revenue": 145328
        },
        "2016-05": {
            "month": "2016-05",
            "price": "23.67",
            "revenue": 147300
        },
        "2016-06": {
            "month": "2016-06",
            "price": "27.15",
            "revenue": 148243
        },
        "2016-07": {
            "month": "2016-07",
            "price": "30.79",
            "revenue": 145494
        },
        "2016-08": {
            "month": "2016-08",
            "price": "30.53",
            "revenue": 146853
        },
        "2016-09": {
            "month": "2016-09",
            "price": "31.37",
            "revenue": 148624
        },
        "2016-10": {
            "month": "2016-10",
            "price": "30.22",
            "revenue": 151503
        },
        "2016-11": {
            "month": "2016-11",
            "price": "28.26",
            "revenue": 155963
        },
        "2016-12": {
            "month": "2016-12",
            "price": "28.02",
            "revenue": 160784
        },
        "2017-01": {
            "month": "2017-01",
            "price": "29.68",
            "revenue": 165396
        },
        "2017-02": {
            "month": "2017-02",
            "price": "32.99",
            "revenue": 160685
        },
        "2017-03": {
            "month": "2017-03",
            "price": "36.19",
            "revenue": 169424
        },
        "2017-04": {
            "month": "2017-04",
            "price": "37.68",
            "revenue": 174077
        },
        "2017-05": {
            "month": "2017-05",
            "price": "38.80",
            "revenue": 178543
        },
        "2017-06": {
            "month": "2017-06",
            "price": "42.41",
            "revenue": 182401
        },
        "2017-07": {
            "month": "2017-07",
            "price": "49.29",
            "revenue": 192899
        },
        "2017-08": {
            "month": "2017-08",
            "price": "55.85",
            "revenue": 225652
        },
        "2017-09": {
            "month": "2017-09",
            "price": "70.09",
            "revenue": 232741
        },
        "2017-10": {
            "month": "2017-10",
            "price": "73.54",
            "revenue": 235504
        },
        "2017-11": {
            "month": "2017-11",
            "price": "76.89",
            "revenue": 238114
        },
        "2017-12": {
            "month": "2017-12",
            "price": "73.74",
            "revenue": 242070
        },
        "2018-01": {
            "month": "2018-01",
            "price": "97.52",
            "revenue": 245225
        },
        "2018-02": {
            "month": "2018-02",
            "price": "103.74",
            "revenue": 225332
        },
        "2018-03": {
            "month": "2018-03",
            "price": "110.87",
            "revenue": 248453
        },
        "2018-04": {
            "month": "2018-04",
            "price": "133.72",
            "revenue": 253305
        },
        "2018-05": {
            "month": "2018-05",
            "price": "136.95",
            "revenue": 255802
        },
        "2018-06": {
            "month": "2018-06",
            "price": "127.78",
            "revenue": 256176
        },
        "2018-07": {
            "month": "2018-07",
            "price": "96.62",
            "revenue": 230061
        },
        "2018-08": {
            "month": "2018-08",
            "price": "99.75",
            "revenue": 220919
        },
        "2018-09": {
            "month": "2018-09",
            "price": "85.02",
            "revenue": 189949
        },
        "2018-10": {
            "month": "2018-10",
            "price": "61.48",
            "revenue": 164339
        },
        "2018-11": {
            "month": "2018-11",
            "price": "58.84",
            "revenue": 160785
        },
        "2018-12": {
            "month": "2018-12",
            "price": "64.47",
            "revenue": 141882
        },
        "2019-01": {
            "month": "2019-01",
            "price": "61.12",
            "revenue": 151205
        },
        "2019-02": {
            "month": "2019-02",
            "price": "66.87",
            "revenue": 117357
        },
        "2019-03": {
            "month": "2019-03",
            "price": "67.58",
            "revenue": 135738
        },
        "2019-04": {
            "month": "2019-04",
            "price": "66.25",
            "revenue": 143077
        },
        "2019-05": {
            "month": "2019-05",
            "price": "57.25",
            "revenue": 158713
        },
        "2019-06": {
            "month": "2019-06",
            "price": "58.99",
            "revenue": 167209
        },
        "2019-07": {
            "month": "2019-07",
            "price": "68.11",
            "revenue": 173246
        },
        "2019-08": {
            "month": "2019-08",
            "price": "68.73",
            "revenue": 178500
        },
        "2019-09": {
            "month": "2019-09",
            "price": "71.83",
            "revenue": 186977
        },
        "2019-10": {
            "month": "2019-10",
            "price": "82.27",
            "revenue": 194141
        },
        "2019-11": {
            "month": "2019-11",
            "price": "96.40",
            "revenue": 202291
        },
        "2019-12": {
            "month": "2019-12",
            "price": "99.08",
            "revenue": 207173
        },
        "2020-01": {
            "month": "2020-01",
            "price": "98.20",
            "revenue": 222991
        },
        "2020-02": {
            "month": "2020-02",
            "price": "124.26",
            "revenue": 252169
        },
        "2020-03": {
            "month": "2020-03",
            "price": "142.66",
            "revenue": 264351
        },
        "2020-04": {
            "month": "2020-04",
            "price": "157.75",
            "revenue": 273907
        },
        "2020-05": {
            "month": "2020-05",
            "price": "155.22",
            "revenue": 284371
        },
        "2020-06": {
            "month": "2020-06",
            "price": "145.38",
            "revenue": 271708
        },
        "2020-07": {
            "month": "2020-07",
            "price": "142.65",
            "revenue": 263638
        },
        "2020-08": {
            "month": "2020-08",
            "price": "131.79",
            "revenue": 233105
        },
        "2020-09": {
            "month": "2020-09",
            "price": "119.89",
            "revenue": 215237
        },
        "2020-10": {
            "month": "2020-10",
            "price": "115.68",
            "revenue": 211184
        },
        "2020-11": {
            "month": "2020-11",
            "price": "117.88",
            "revenue": 212384
        },
        "2020-12": {
            "month": "2020-12",
            "price": "130.43",
            "revenue": 209567
        },
        "2021-01": {
            "month": "2021-01",
            "price": "114.82",
            "revenue": 241178
        },
        "2021-02": {
            "month": "2021-02",
            "price": "116.54",
            "revenue": 184491
        },
        "2021-03": {
            "month": "2021-03",
            "price": "123.05",
            "revenue": 222816
        },
        "2021-04": {
            "month": "2021-04",
            "price": "119.58",
            "revenue": 224402
        },
        "2021-05": {
            "month": "2021-05",
            "price": "100.43",
            "revenue": 230840
        },
        "2021-06": {
            "month": "2021-06",
            "price": "112.29",
            "revenue": 235153
        },
        "2021-07": {
            "month": "2021-07",
            "price": "122.14",
            "revenue": 238151
        },
        "2021-08": {
            "month": "2021-08",
            "price": "109.18",
            "revenue": 221945
        },
        "2021-09": {
            "month": "2021-09",
            "price": "123.72",
            "revenue": 264037
        },
        "2021-10": {
            "month": "2021-10",
            "price": "138.55",
            "revenue": 272316
        },
        "2021-11": {
            "month": "2021-11",
            "price": "144.05",
            "revenue": 277868
        },
        "2021-12": {
            "month": "2021-12",
            "price": "146.36",
            "revenue": 290466
        },
        "2022-01": {
            "month": "2022-01",
            "price": "173.22",
            "revenue": 329652
        },
        "2022-02": {
            "month": "2022-02",
            "price": "189.53",
            "revenue": 302645
        },
        "2022-03": {
            "month": "2022-03",
            "price": "192.78",
            "revenue": 304397
        },
        "2022-04": {
            "month": "2022-04",
            "price": "166.61",
            "revenue": 307651
        },
        "2022-05": {
            "month": "2022-05",
            "price": "160.64",
            "revenue": 306439
        },
        "2022-06": {
            "month": "2022-06",
            "price": "140.67",
            "revenue": 283191
        },
        "2022-07": {
            "month": "2022-07",
            "price": "120.50",
            "revenue": 280664
        },
        "2022-08": {
            "month": "2022-08",
            "price": "118.93",
            "revenue": 280828
        },
        "2022-09": {
            "month": "2022-09",
            "price": "107.07",
            "revenue": 271917
        },
        "2022-10": {
            "month": "2022-10",
            "price": "89.36",
            "revenue": 271178
        },
        "2022-11": {
            "month": "2022-11",
            "price": "104.67",
            "revenue": 260915
        },
        "2022-12": {
            "month": "2022-12",
            "price": "112.50",
            "revenue": 246338
        },
        "2023-01": {
            "month": "2023-01",
            "price": "110.62",
            "revenue": 241773
        },
        "2023-02": {
            "month": "2023-02",
            "price": "120.25",
            "revenue": 228354
        },
        "2023-03": {
            "month": "2023-03",
            "price": "123.96",
            "revenue": 226156
        },
        "2023-04": {
            "month": "2023-04",
            "price": "144.56",
            "revenue": 231697
        },
        "2023-05": {
            "month": "2023-05",
            "price": "145.91",
            "revenue": 211542
        },
        "2023-06": {
            "month": "2023-06",
            "price": "143.92",
            "revenue": 229778
        },
        "2023-07": {
            "month": "2023-07",
            "price": "163.81",
            "revenue": 232367
        },
        "2023-08": {
            "month": "2023-08",
            "price": "141.68",
            "revenue": 237408
        }
    }
}
