{
    "summary": {
        "stock_name": "達方",
        "stock_id": "8163",
        "category": "電腦及週邊設備",
        "main_business": "電子零組件<br>電腦週邊產品",
        "website_url": "http://www.darfon.com.tw",
        "ceo": "蔡耀坤",
        "pe_ratio": 10,
        "report_year_from": 2001,
        "report_year_to": 2023,
        "age": 23,
        "eps_negative_percentage": 0,
        "eps_growth_avg": {
            "last_all": 6.93,
            "last_2y": 23.53,
            "last_4y": 6.13,
            "last_8y": 26.67,
            "last_12y": 8.75,
            "last_16y": 6.93,
            "last_20y": null,
            "at_2006_last_3y": null,
            "at_2007_last_3y": null,
            "at_2008_last_3y": null,
            "at_2009_last_3y": null,
            "at_2010_last_3y": 1.45,
            "at_2011_last_3y": -41.62,
            "at_2012_last_3y": -15.55,
            "at_2013_last_3y": -42.09,
            "at_2014_last_3y": -45.01,
            "at_2015_last_3y": 12.42,
            "at_2016_last_3y": -6.67,
            "at_2017_last_3y": 36.46,
            "at_2018_last_3y": 52.34,
            "at_2019_last_3y": 17.12,
            "at_2020_last_3y": 22.36,
            "at_2021_last_3y": 21.57,
            "at_2022_last_3y": -3.06,
            "at_2023_last_3y": 17.88,
            "at_2024_last_3y": 17.88,
            "at_2006_last_all": null,
            "at_2007_last_all": null,
            "at_2008_last_all": 16.5,
            "at_2009_last_all": 13.05,
            "at_2010_last_all": 1.45,
            "at_2011_last_all": -13.29,
            "at_2012_last_all": -4.87,
            "at_2013_last_all": -18.46,
            "at_2014_last_all": -18.46,
            "at_2015_last_all": -3.65,
            "at_2016_last_all": -5.47,
            "at_2017_last_all": -1.98,
            "at_2018_last_all": 7.29,
            "at_2019_last_all": 3.27,
            "at_2020_last_all": 3.09,
            "at_2021_last_all": 4.75,
            "at_2022_last_all": 4.53,
            "at_2023_last_all": 6.93,
            "at_2024_last_all": 6.93
        },
        "latest_eps": 5.94,
        "latest_price": 61.4,
        "latest_roe": 12.79,
        "latest_gross_margin": 18.56,
        "latest_equity": 15769099,
        "latest_revenue": 6058816,
        "latest_gross_profit": 1124386,
        "latest_net_income": 204357,
        "latest_debt_ratio": 54.79,
        "latest_current_ratio": 148.27,
        "latest_account_receivable_turnover_ratio": 0.77,
        "latest_inventory_turnover_ratio": 0.76,
        "latest_reinvestment_rate": 66.27,
        "latest_research_to_sale_ratio": 4.13
    },
    "eps_dividends": {
        "2001": {
            "cash": 0,
            "stock": 0,
            "eps": 0
        },
        "2002": {
            "cash": 0,
            "stock": 0,
            "eps": 0
        },
        "2003": {
            "cash": 0,
            "stock": 0,
            "eps": 0
        },
        "2004": {
            "cash": 0,
            "stock": 0,
            "eps": 0
        },
        "2005": {
            "cash": 0,
            "stock": 0,
            "eps": 0
        },
        "2006": {
            "cash": 0.5,
            "stock": 2,
            "eps": 3.91
        },
        "2007": {
            "cash": 1.73,
            "stock": 1.73,
            "eps": 7.88
        },
        "2008": {
            "cash": 2.5,
            "stock": 1,
            "eps": 2.6
        },
        "2009": {
            "cash": 1.5,
            "stock": 0.5,
            "eps": 2.76
        },
        "2010": {
            "cash": 1.2,
            "stock": 0.5,
            "eps": 1.84
        },
        "2011": {
            "cash": 2,
            "stock": 0,
            "eps": 0.51
        },
        "2012": {
            "cash": 0,
            "stock": 0,
            "eps": 0.7
        },
        "2013": {
            "cash": 0.6,
            "stock": 0,
            "eps": 0
        },
        "2014": {
            "cash": 0.2,
            "stock": 0,
            "eps": 0.25
        },
        "2015": {
            "cash": 0.3,
            "stock": 0,
            "eps": 2
        },
        "2016": {
            "cash": 2,
            "stock": 0,
            "eps": 1.6
        },
        "2017": {
            "cash": 2,
            "stock": 0,
            "eps": 2.07
        },
        "2018": {
            "cash": 2,
            "stock": 0,
            "eps": 5.43
        },
        "2019": {
            "cash": 3.5,
            "stock": 0,
            "eps": 3.21
        },
        "2020": {
            "cash": 2.3,
            "stock": 0,
            "eps": 3.24
        },
        "2021": {
            "cash": 2.5,
            "stock": 0,
            "eps": 4.09
        },
        "2022": {
            "cash": 3,
            "stock": 0,
            "eps": 4.15
        },
        "2023": {
            "cash": 3,
            "stock": 0,
            "eps": 5.93
        },
        "2024": {
            "cash": 4,
            "stock": 0,
            "eps": 0
        }
    },
    "dividends": {
        "2006-02-20": {
            "cash": 0.5,
            "stock": 2
        },
        "2007-03-26": {
            "cash": 1.73,
            "stock": 1.73
        },
        "2008-04-11": {
            "cash": 2.5,
            "stock": 1
        },
        "2009-03-13": {
            "cash": 1.5,
            "stock": 0.5
        },
        "2010-03-10": {
            "cash": 1.2,
            "stock": 0.5
        },
        "2011-01-01": {
            "cash": 0.5,
            "stock": 0
        },
        "2011-03-04": {
            "cash": 1.5,
            "stock": 0
        },
        "2013-03-05": {
            "cash": 0.6,
            "stock": 0
        },
        "2014-06-19": {
            "cash": 0.2,
            "stock": 0
        },
        "2015-08-14": {
            "cash": 0.3,
            "stock": 0
        },
        "2016-08-12": {
            "cash": 2,
            "stock": 0
        },
        "2017-08-10": {
            "cash": 2,
            "stock": 0
        },
        "2018-08-10": {
            "cash": 2,
            "stock": 0
        },
        "2019-08-08": {
            "cash": 3.5,
            "stock": 0
        },
        "2020-08-05": {
            "cash": 2.3,
            "stock": 0
        },
        "2021-09-11": {
            "cash": 2.5,
            "stock": 0
        },
        "2022-08-04": {
            "cash": 3,
            "stock": 0
        },
        "2023-08-10": {
            "cash": 3,
            "stock": 0
        },
        "2024-03-04": {
            "cash": 4,
            "stock": 0
        }
    },
    "prices": {
        "200101": "無",
        "200102": "無",
        "200103": "無",
        "200104": "無",
        "200105": "無",
        "200106": "無",
        "200107": "無",
        "200108": "無",
        "200109": "無",
        "200110": "無",
        "200111": "無",
        "200112": "無",
        "200201": "無",
        "200202": "無",
        "200203": "無",
        "200204": "無",
        "200205": "無",
        "200206": "無",
        "200207": "無",
        "200208": "無",
        "200209": "無",
        "200210": "無",
        "200211": "無",
        "200212": "無",
        "200301": "無",
        "200302": "無",
        "200303": "無",
        "200304": "無",
        "200305": "無",
        "200306": "無",
        "200307": "無",
        "200308": "無",
        "200309": "無",
        "200310": "無",
        "200311": "無",
        "200312": "無",
        "200401": "無",
        "200402": "無",
        "200403": "無",
        "200404": "無",
        "200405": "無",
        "200406": "無",
        "200407": "無",
        "200408": "無",
        "200409": "無",
        "200410": "無",
        "200411": "無",
        "200412": "無",
        "200501": "無",
        "200502": "無",
        "200503": "無",
        "200504": "無",
        "200505": "無",
        "200506": "無",
        "200507": "無",
        "200508": "無",
        "200509": "無",
        "200510": "無",
        "200511": "無",
        "200512": "70.77",
        "200601": "81.84",
        "200602": "130.13",
        "200603": "156.54",
        "200604": "167.53",
        "200605": "154.40",
        "200606": "123.94",
        "200607": "122.94",
        "200608": "135.31",
        "200609": "143.10",
        "200610": "131.23",
        "200611": "109.63",
        "200612": "94.96",
        "200701": "104.99",
        "200702": "114.84",
        "200703": "107.27",
        "200704": "95.77",
        "200705": "100.43",
        "200706": "107.25",
        "200707": "102.30",
        "200708": "108.29",
        "200709": "112.61",
        "200710": "115.37",
        "200711": "93.07",
        "200712": "90.61",
        "200801": "76.73",
        "200802": "75.75",
        "200803": "82.73",
        "200804": "81.14",
        "200805": "81.93",
        "200806": "71.94",
        "200807": "60.11",
        "200808": "58.43",
        "200809": "42.55",
        "200810": "無",
        "200811": "22.44",
        "200812": "20.16",
        "200901": "22.76",
        "200902": "26.66",
        "200903": "30.70",
        "200904": "34.19",
        "200905": "35.69",
        "200906": "36.54",
        "200907": "44.22",
        "200908": "49.38",
        "200909": "53.50",
        "200910": "51.67",
        "200911": "50.24",
        "200912": "49.88",
        "201001": "51.66",
        "201002": "44.00",
        "201003": "47.68",
        "201004": "47.28",
        "201005": "39.06",
        "201006": "36.46",
        "201007": "36.52",
        "201008": "38.40",
        "201009": "40.37",
        "201010": "38.71",
        "201011": "36.70",
        "201012": "38.36",
        "201101": "36.63",
        "201102": "33.63",
        "201103": "35.80",
        "201104": "38.48",
        "201105": "33.70",
        "201106": "32.89",
        "201107": "29.23",
        "201108": "23.49",
        "201109": "19.42",
        "201110": "19.31",
        "201111": "17.60",
        "201112": "15.17",
        "201201": "16.94",
        "201202": "21.59",
        "201203": "24.77",
        "201204": "20.54",
        "201205": "19.50",
        "201206": "22.31",
        "201207": "22.54",
        "201208": "21.64",
        "201209": "22.65",
        "201210": "20.04",
        "201211": "15.98",
        "201212": "17.20",
        "201301": "19.38",
        "201302": "18.50",
        "201303": "22.26",
        "201304": "26.86",
        "201305": "27.70",
        "201306": "24.23",
        "201307": "21.97",
        "201308": "19.57",
        "201309": "19.13",
        "201310": "21.02",
        "201311": "19.95",
        "201312": "20.30",
        "201401": "21.75",
        "201402": "20.84",
        "201403": "22.63",
        "201404": "21.80",
        "201405": "20.80",
        "201406": "22.50",
        "201407": "21.33",
        "201408": "20.42",
        "201409": "20.28",
        "201410": "17.52",
        "201411": "15.98",
        "201412": "16.91",
        "201501": "17.69",
        "201502": "17.95",
        "201503": "19.04",
        "201504": "19.00",
        "201505": "18.76",
        "201506": "16.72",
        "201507": "15.82",
        "201508": "14.21",
        "201509": "16.37",
        "201510": "17.51",
        "201511": "17.28",
        "201512": "18.62",
        "201601": "17.68",
        "201602": "18.09",
        "201603": "21.11",
        "201604": "20.56",
        "201605": "18.93",
        "201606": "19.40",
        "201607": "18.52",
        "201608": "18.39",
        "201609": "19.05",
        "201610": "18.53",
        "201611": "19.08",
        "201612": "20.96",
        "201701": "20.54",
        "201702": "20.64",
        "201703": "23.02",
        "201704": "24.29",
        "201705": "27.08",
        "201706": "28.21",
        "201707": "25.56",
        "201708": "26.05",
        "201709": "27.01",
        "201710": "26.86",
        "201711": "28.22",
        "201712": "28.52",
        "201801": "31.44",
        "201802": "29.43",
        "201803": "31.18",
        "201804": "31.46",
        "201805": "47.99",
        "201806": "79.26",
        "201807": "68.50",
        "201808": "54.37",
        "201809": "47.72",
        "201810": "38.52",
        "201811": "40.15",
        "201812": "41.35",
        "201901": "41.41",
        "201902": "47.94",
        "201903": "48.71",
        "201904": "50.24",
        "201905": "44.30",
        "201906": "43.44",
        "201907": "42.77",
        "201908": "40.51",
        "201909": "39.99",
        "201910": "40.45",
        "201911": "39.39",
        "201912": "42.40",
        "202001": "42.50",
        "202002": "38.39",
        "202003": "31.81",
        "202004": "34.57",
        "202005": "36.58",
        "202006": "37.74",
        "202007": "37.55",
        "202008": "38.66",
        "202009": "39.53",
        "202010": "39.11",
        "202011": "41.92",
        "202012": "43.75",
        "202101": "43.00",
        "202102": "42.95",
        "202103": "46.51",
        "202104": "49.21",
        "202105": "43.67",
        "202106": "43.61",
        "202107": "46.58",
        "202108": "44.82",
        "202109": "42.98",
        "202110": "40.59",
        "202111": "44.04",
        "202112": "49.05",
        "202201": "47.11",
        "202202": "46.54",
        "202203": "48.40",
        "202204": "48.62",
        "202205": "43.47",
        "202206": "42.56",
        "202207": "38.65",
        "202208": "40.87",
        "202209": "40.91",
        "202210": "38.01",
        "202211": "39.11",
        "202212": "38.50",
        "202301": "38.62",
        "202302": "40.69",
        "202303": "43.33",
        "202304": "44.14",
        "202305": "45.46",
        "202306": "46.94",
        "202307": "45.42",
        "202308": "42.51",
        "202309": "43.58",
        "202310": "43.24",
        "202311": "50.43",
        "202312": "54.12"
    },
    "quarters": {
        "20011": {
            "year_quarter": 20011,
            "year": 2001,
            "quarter": 1,
            "eps": null,
            "eps_growth_year": null,
            "eps_4q": null,
            "eps_4q_growth_year": null,
            "roe": null,
            "roe_4q": 0,
            "gross_profit": null,
            "gross_margin": null,
            "gross_margin_4q_avg": 0,
            "net_income": null,
            "net_income_4q": null,
            "revenue": null,
            "revenue_4q": null,
            "common_shares": null,
            "book_valuer_per_share": null,
            "book_valuer_per_share_4q_avg": 0,
            "equity": null,
            "current_ratio": null,
            "debt_ratio": null,
            "inventory_turnover_ratio": null,
            "account_receivable_turnover_ratio": null,
            "reinvestment_rate": null,
            "research_to_sale_ratio": null,
            "price_fair": 0,
            "eps_avg_yearly": 0,
            "eps_latest_yearly": 0,
            "eps_growth_yearly": 0
        },
        "20012": {
            "year_quarter": 20012,
            "year": 2001,
            "quarter": 2,
            "eps": null,
            "eps_growth_year": null,
            "eps_4q": null,
            "eps_4q_growth_year": null,
            "roe": null,
            "roe_4q": 0,
            "gross_profit": null,
            "gross_margin": null,
            "gross_margin_4q_avg": 0,
            "net_income": null,
            "net_income_4q": null,
            "revenue": null,
            "revenue_4q": null,
            "common_shares": null,
            "book_valuer_per_share": null,
            "book_valuer_per_share_4q_avg": 0,
            "equity": null,
            "current_ratio": null,
            "debt_ratio": null,
            "inventory_turnover_ratio": null,
            "account_receivable_turnover_ratio": null,
            "reinvestment_rate": null,
            "research_to_sale_ratio": null,
            "price_fair": 0,
            "eps_avg_yearly": 0,
            "eps_latest_yearly": 0,
            "eps_growth_yearly": 0
        },
        "20013": {
            "year_quarter": 20013,
            "year": 2001,
            "quarter": 3,
            "eps": null,
            "eps_growth_year": null,
            "eps_4q": null,
            "eps_4q_growth_year": null,
            "roe": null,
            "roe_4q": 0,
            "gross_profit": null,
            "gross_margin": null,
            "gross_margin_4q_avg": 0,
            "net_income": null,
            "net_income_4q": null,
            "revenue": null,
            "revenue_4q": null,
            "common_shares": null,
            "book_valuer_per_share": null,
            "book_valuer_per_share_4q_avg": 0,
            "equity": null,
            "current_ratio": null,
            "debt_ratio": null,
            "inventory_turnover_ratio": null,
            "account_receivable_turnover_ratio": null,
            "reinvestment_rate": null,
            "research_to_sale_ratio": null,
            "price_fair": 0,
            "eps_avg_yearly": 0,
            "eps_latest_yearly": 0,
            "eps_growth_yearly": 0
        },
        "20014": {
            "year_quarter": 20014,
            "year": 2001,
            "quarter": 4,
            "eps": null,
            "eps_growth_year": null,
            "eps_4q": null,
            "eps_4q_growth_year": null,
            "roe": null,
            "roe_4q": 0,
            "gross_profit": null,
            "gross_margin": null,
            "gross_margin_4q_avg": 0,
            "net_income": null,
            "net_income_4q": null,
            "revenue": null,
            "revenue_4q": null,
            "common_shares": 1213460,
            "book_valuer_per_share": 18.82,
            "book_valuer_per_share_4q_avg": 4.71,
            "equity": 2283946,
            "current_ratio": 79.25,
            "debt_ratio": 65.05,
            "inventory_turnover_ratio": null,
            "account_receivable_turnover_ratio": null,
            "reinvestment_rate": null,
            "research_to_sale_ratio": null,
            "price_fair": 0,
            "eps_avg_yearly": 0,
            "eps_latest_yearly": 0,
            "eps_growth_yearly": 0
        },
        "20021": {
            "year_quarter": 20021,
            "year": 2002,
            "quarter": 1,
            "eps": null,
            "eps_growth_year": null,
            "eps_4q": null,
            "eps_4q_growth_year": null,
            "roe": null,
            "roe_4q": 0,
            "gross_profit": null,
            "gross_margin": null,
            "gross_margin_4q_avg": 0,
            "net_income": null,
            "net_income_4q": null,
            "revenue": null,
            "revenue_4q": null,
            "common_shares": null,
            "book_valuer_per_share": null,
            "book_valuer_per_share_4q_avg": 4.71,
            "equity": null,
            "current_ratio": null,
            "debt_ratio": null,
            "inventory_turnover_ratio": null,
            "account_receivable_turnover_ratio": null,
            "reinvestment_rate": null,
            "research_to_sale_ratio": null,
            "price_fair": 0,
            "eps_avg_yearly": 0,
            "eps_latest_yearly": 0,
            "eps_growth_yearly": 0
        },
        "20022": {
            "year_quarter": 20022,
            "year": 2002,
            "quarter": 2,
            "eps": null,
            "eps_growth_year": null,
            "eps_4q": null,
            "eps_4q_growth_year": null,
            "roe": null,
            "roe_4q": 0,
            "gross_profit": null,
            "gross_margin": null,
            "gross_margin_4q_avg": 0,
            "net_income": null,
            "net_income_4q": null,
            "revenue": null,
            "revenue_4q": null,
            "common_shares": null,
            "book_valuer_per_share": null,
            "book_valuer_per_share_4q_avg": 4.71,
            "equity": null,
            "current_ratio": null,
            "debt_ratio": null,
            "inventory_turnover_ratio": null,
            "account_receivable_turnover_ratio": null,
            "reinvestment_rate": null,
            "research_to_sale_ratio": null,
            "price_fair": 0,
            "eps_avg_yearly": 0,
            "eps_latest_yearly": 0,
            "eps_growth_yearly": 0
        },
        "20023": {
            "year_quarter": 20023,
            "year": 2002,
            "quarter": 3,
            "eps": null,
            "eps_growth_year": null,
            "eps_4q": null,
            "eps_4q_growth_year": null,
            "roe": null,
            "roe_4q": 0,
            "gross_profit": null,
            "gross_margin": null,
            "gross_margin_4q_avg": 0,
            "net_income": null,
            "net_income_4q": null,
            "revenue": null,
            "revenue_4q": null,
            "common_shares": null,
            "book_valuer_per_share": null,
            "book_valuer_per_share_4q_avg": 4.71,
            "equity": null,
            "current_ratio": null,
            "debt_ratio": null,
            "inventory_turnover_ratio": null,
            "account_receivable_turnover_ratio": null,
            "reinvestment_rate": null,
            "research_to_sale_ratio": null,
            "price_fair": 0,
            "eps_avg_yearly": 0,
            "eps_latest_yearly": 0,
            "eps_growth_yearly": 0
        },
        "20024": {
            "year_quarter": 20024,
            "year": 2002,
            "quarter": 4,
            "eps": null,
            "eps_growth_year": null,
            "eps_4q": null,
            "eps_4q_growth_year": null,
            "roe": null,
            "roe_4q": 0,
            "gross_profit": null,
            "gross_margin": null,
            "gross_margin_4q_avg": 0,
            "net_income": null,
            "net_income_4q": null,
            "revenue": null,
            "revenue_4q": null,
            "common_shares": 1493460,
            "book_valuer_per_share": 16.48,
            "book_valuer_per_share_4q_avg": 4.12,
            "equity": 2461849,
            "current_ratio": 73.36,
            "debt_ratio": 61.44,
            "inventory_turnover_ratio": null,
            "account_receivable_turnover_ratio": null,
            "reinvestment_rate": null,
            "research_to_sale_ratio": null,
            "price_fair": 0,
            "eps_avg_yearly": 0,
            "eps_latest_yearly": 0,
            "eps_growth_yearly": 0
        },
        "20031": {
            "year_quarter": 20031,
            "year": 2003,
            "quarter": 1,
            "eps": null,
            "eps_growth_year": null,
            "eps_4q": null,
            "eps_4q_growth_year": null,
            "roe": null,
            "roe_4q": 0,
            "gross_profit": null,
            "gross_margin": null,
            "gross_margin_4q_avg": 0,
            "net_income": null,
            "net_income_4q": null,
            "revenue": null,
            "revenue_4q": null,
            "common_shares": null,
            "book_valuer_per_share": null,
            "book_valuer_per_share_4q_avg": 4.12,
            "equity": null,
            "current_ratio": null,
            "debt_ratio": null,
            "inventory_turnover_ratio": null,
            "account_receivable_turnover_ratio": null,
            "reinvestment_rate": null,
            "research_to_sale_ratio": null,
            "price_fair": 0,
            "eps_avg_yearly": 0,
            "eps_latest_yearly": 0,
            "eps_growth_yearly": 0
        },
        "20032": {
            "year_quarter": 20032,
            "year": 2003,
            "quarter": 2,
            "eps": null,
            "eps_growth_year": null,
            "eps_4q": null,
            "eps_4q_growth_year": null,
            "roe": null,
            "roe_4q": 0,
            "gross_profit": null,
            "gross_margin": null,
            "gross_margin_4q_avg": 0,
            "net_income": null,
            "net_income_4q": null,
            "revenue": null,
            "revenue_4q": null,
            "common_shares": null,
            "book_valuer_per_share": null,
            "book_valuer_per_share_4q_avg": 4.12,
            "equity": null,
            "current_ratio": null,
            "debt_ratio": null,
            "inventory_turnover_ratio": null,
            "account_receivable_turnover_ratio": null,
            "reinvestment_rate": null,
            "research_to_sale_ratio": null,
            "price_fair": 0,
            "eps_avg_yearly": 0,
            "eps_latest_yearly": 0,
            "eps_growth_yearly": 0
        },
        "20033": {
            "year_quarter": 20033,
            "year": 2003,
            "quarter": 3,
            "eps": null,
            "eps_growth_year": null,
            "eps_4q": null,
            "eps_4q_growth_year": null,
            "roe": null,
            "roe_4q": 0,
            "gross_profit": null,
            "gross_margin": null,
            "gross_margin_4q_avg": 0,
            "net_income": null,
            "net_income_4q": null,
            "revenue": null,
            "revenue_4q": null,
            "common_shares": null,
            "book_valuer_per_share": null,
            "book_valuer_per_share_4q_avg": 4.12,
            "equity": null,
            "current_ratio": null,
            "debt_ratio": null,
            "inventory_turnover_ratio": null,
            "account_receivable_turnover_ratio": null,
            "reinvestment_rate": null,
            "research_to_sale_ratio": null,
            "price_fair": 0,
            "eps_avg_yearly": 0,
            "eps_latest_yearly": 0,
            "eps_growth_yearly": 0
        },
        "20034": {
            "year_quarter": 20034,
            "year": 2003,
            "quarter": 4,
            "eps": null,
            "eps_growth_year": null,
            "eps_4q": null,
            "eps_4q_growth_year": null,
            "roe": null,
            "roe_4q": 0,
            "gross_profit": null,
            "gross_margin": null,
            "gross_margin_4q_avg": 0,
            "net_income": null,
            "net_income_4q": null,
            "revenue": null,
            "revenue_4q": null,
            "common_shares": 1493460,
            "book_valuer_per_share": 13.57,
            "book_valuer_per_share_4q_avg": 3.39,
            "equity": 2027304,
            "current_ratio": 68.9,
            "debt_ratio": 69.6,
            "inventory_turnover_ratio": null,
            "account_receivable_turnover_ratio": null,
            "reinvestment_rate": null,
            "research_to_sale_ratio": null,
            "price_fair": 0,
            "eps_avg_yearly": 0,
            "eps_latest_yearly": 0,
            "eps_growth_yearly": 0
        },
        "20041": {
            "year_quarter": 20041,
            "year": 2004,
            "quarter": 1,
            "eps": null,
            "eps_growth_year": null,
            "eps_4q": null,
            "eps_4q_growth_year": null,
            "roe": null,
            "roe_4q": 0,
            "gross_profit": null,
            "gross_margin": null,
            "gross_margin_4q_avg": 0,
            "net_income": null,
            "net_income_4q": null,
            "revenue": null,
            "revenue_4q": null,
            "common_shares": null,
            "book_valuer_per_share": null,
            "book_valuer_per_share_4q_avg": 3.39,
            "equity": null,
            "current_ratio": null,
            "debt_ratio": null,
            "inventory_turnover_ratio": null,
            "account_receivable_turnover_ratio": null,
            "reinvestment_rate": null,
            "research_to_sale_ratio": null,
            "price_fair": 0,
            "eps_avg_yearly": 0,
            "eps_latest_yearly": 0,
            "eps_growth_yearly": 0
        },
        "20042": {
            "year_quarter": 20042,
            "year": 2004,
            "quarter": 2,
            "eps": null,
            "eps_growth_year": null,
            "eps_4q": null,
            "eps_4q_growth_year": null,
            "roe": null,
            "roe_4q": 0,
            "gross_profit": null,
            "gross_margin": null,
            "gross_margin_4q_avg": 0,
            "net_income": null,
            "net_income_4q": null,
            "revenue": null,
            "revenue_4q": null,
            "common_shares": null,
            "book_valuer_per_share": null,
            "book_valuer_per_share_4q_avg": 3.39,
            "equity": null,
            "current_ratio": null,
            "debt_ratio": null,
            "inventory_turnover_ratio": null,
            "account_receivable_turnover_ratio": null,
            "reinvestment_rate": null,
            "research_to_sale_ratio": null,
            "price_fair": 0,
            "eps_avg_yearly": 0,
            "eps_latest_yearly": 0,
            "eps_growth_yearly": 0
        },
        "20043": {
            "year_quarter": 20043,
            "year": 2004,
            "quarter": 3,
            "eps": null,
            "eps_growth_year": null,
            "eps_4q": null,
            "eps_4q_growth_year": null,
            "roe": null,
            "roe_4q": 0,
            "gross_profit": null,
            "gross_margin": null,
            "gross_margin_4q_avg": 0,
            "net_income": null,
            "net_income_4q": null,
            "revenue": null,
            "revenue_4q": null,
            "common_shares": null,
            "book_valuer_per_share": null,
            "book_valuer_per_share_4q_avg": 3.39,
            "equity": null,
            "current_ratio": null,
            "debt_ratio": null,
            "inventory_turnover_ratio": null,
            "account_receivable_turnover_ratio": null,
            "reinvestment_rate": null,
            "research_to_sale_ratio": null,
            "price_fair": 0,
            "eps_avg_yearly": 0,
            "eps_latest_yearly": 0,
            "eps_growth_yearly": 0
        },
        "20044": {
            "year_quarter": 20044,
            "year": 2004,
            "quarter": 4,
            "eps": null,
            "eps_growth_year": null,
            "eps_4q": null,
            "eps_4q_growth_year": null,
            "roe": null,
            "roe_4q": 0,
            "gross_profit": null,
            "gross_margin": null,
            "gross_margin_4q_avg": 0,
            "net_income": null,
            "net_income_4q": null,
            "revenue": null,
            "revenue_4q": null,
            "common_shares": 1493460,
            "book_valuer_per_share": 13.46,
            "book_valuer_per_share_4q_avg": 3.37,
            "equity": 2010813,
            "current_ratio": 85.29,
            "debt_ratio": 71.58,
            "inventory_turnover_ratio": null,
            "account_receivable_turnover_ratio": null,
            "reinvestment_rate": null,
            "research_to_sale_ratio": null,
            "price_fair": 0,
            "eps_avg_yearly": 0,
            "eps_latest_yearly": 0,
            "eps_growth_yearly": 0
        },
        "20051": {
            "year_quarter": 20051,
            "year": 2005,
            "quarter": 1,
            "eps": null,
            "eps_growth_year": null,
            "eps_4q": null,
            "eps_4q_growth_year": null,
            "roe": null,
            "roe_4q": 0,
            "gross_profit": null,
            "gross_margin": null,
            "gross_margin_4q_avg": 0,
            "net_income": null,
            "net_income_4q": null,
            "revenue": null,
            "revenue_4q": null,
            "common_shares": null,
            "book_valuer_per_share": null,
            "book_valuer_per_share_4q_avg": 3.37,
            "equity": null,
            "current_ratio": null,
            "debt_ratio": null,
            "inventory_turnover_ratio": null,
            "account_receivable_turnover_ratio": null,
            "reinvestment_rate": null,
            "research_to_sale_ratio": null,
            "price_fair": 0,
            "eps_avg_yearly": 0,
            "eps_latest_yearly": 0,
            "eps_growth_yearly": 0
        },
        "20052": {
            "year_quarter": 20052,
            "year": 2005,
            "quarter": 2,
            "eps": null,
            "eps_growth_year": null,
            "eps_4q": null,
            "eps_4q_growth_year": null,
            "roe": null,
            "roe_4q": 0,
            "gross_profit": null,
            "gross_margin": null,
            "gross_margin_4q_avg": 0,
            "net_income": null,
            "net_income_4q": null,
            "revenue": null,
            "revenue_4q": null,
            "common_shares": null,
            "book_valuer_per_share": null,
            "book_valuer_per_share_4q_avg": 3.37,
            "equity": null,
            "current_ratio": null,
            "debt_ratio": null,
            "inventory_turnover_ratio": null,
            "account_receivable_turnover_ratio": null,
            "reinvestment_rate": null,
            "research_to_sale_ratio": null,
            "price_fair": 0,
            "eps_avg_yearly": 0,
            "eps_latest_yearly": 0,
            "eps_growth_yearly": 0
        },
        "20053": {
            "year_quarter": 20053,
            "year": 2005,
            "quarter": 3,
            "eps": null,
            "eps_growth_year": null,
            "eps_4q": null,
            "eps_4q_growth_year": null,
            "roe": null,
            "roe_4q": 0,
            "gross_profit": null,
            "gross_margin": null,
            "gross_margin_4q_avg": 0,
            "net_income": null,
            "net_income_4q": null,
            "revenue": null,
            "revenue_4q": null,
            "common_shares": null,
            "book_valuer_per_share": null,
            "book_valuer_per_share_4q_avg": 3.37,
            "equity": null,
            "current_ratio": null,
            "debt_ratio": null,
            "inventory_turnover_ratio": null,
            "account_receivable_turnover_ratio": null,
            "reinvestment_rate": null,
            "research_to_sale_ratio": null,
            "price_fair": 0,
            "eps_avg_yearly": 0,
            "eps_latest_yearly": 0,
            "eps_growth_yearly": 0
        },
        "20054": {
            "year_quarter": 20054,
            "year": 2005,
            "quarter": 4,
            "eps": null,
            "eps_growth_year": null,
            "eps_4q": null,
            "eps_4q_growth_year": null,
            "roe": null,
            "roe_4q": 0,
            "gross_profit": null,
            "gross_margin": null,
            "gross_margin_4q_avg": 0,
            "net_income": null,
            "net_income_4q": null,
            "revenue": null,
            "revenue_4q": null,
            "common_shares": 1493460,
            "book_valuer_per_share": 16.71,
            "book_valuer_per_share_4q_avg": 4.18,
            "equity": 2566949,
            "current_ratio": 97.07,
            "debt_ratio": 70.46,
            "inventory_turnover_ratio": null,
            "account_receivable_turnover_ratio": null,
            "reinvestment_rate": null,
            "research_to_sale_ratio": null,
            "price_fair": 0,
            "eps_avg_yearly": 0,
            "eps_latest_yearly": 0,
            "eps_growth_yearly": 0
        },
        "20061": {
            "year_quarter": 20061,
            "year": 2006,
            "quarter": 1,
            "eps": null,
            "eps_growth_year": null,
            "eps_4q": null,
            "eps_4q_growth_year": null,
            "roe": null,
            "roe_4q": 0,
            "gross_profit": null,
            "gross_margin": null,
            "gross_margin_4q_avg": 0,
            "net_income": null,
            "net_income_4q": null,
            "revenue": null,
            "revenue_4q": null,
            "common_shares": null,
            "book_valuer_per_share": null,
            "book_valuer_per_share_4q_avg": 4.18,
            "equity": null,
            "current_ratio": null,
            "debt_ratio": null,
            "inventory_turnover_ratio": null,
            "account_receivable_turnover_ratio": null,
            "reinvestment_rate": null,
            "research_to_sale_ratio": null,
            "price_fair": 0,
            "eps_avg_yearly": 0,
            "eps_latest_yearly": 0,
            "eps_growth_yearly": 0
        },
        "20062": {
            "year_quarter": 20062,
            "year": 2006,
            "quarter": 2,
            "eps": null,
            "eps_growth_year": null,
            "eps_4q": null,
            "eps_4q_growth_year": null,
            "roe": null,
            "roe_4q": 0,
            "gross_profit": null,
            "gross_margin": null,
            "gross_margin_4q_avg": 0,
            "net_income": null,
            "net_income_4q": null,
            "revenue": null,
            "revenue_4q": null,
            "common_shares": null,
            "book_valuer_per_share": null,
            "book_valuer_per_share_4q_avg": 4.18,
            "equity": null,
            "current_ratio": null,
            "debt_ratio": null,
            "inventory_turnover_ratio": null,
            "account_receivable_turnover_ratio": null,
            "reinvestment_rate": null,
            "research_to_sale_ratio": null,
            "price_fair": 0,
            "eps_avg_yearly": 0,
            "eps_latest_yearly": 0,
            "eps_growth_yearly": 0
        },
        "20063": {
            "year_quarter": 20063,
            "year": 2006,
            "quarter": 3,
            "eps": 1.75,
            "eps_growth_year": null,
            "eps_4q": null,
            "eps_4q_growth_year": null,
            "roe": 9.72,
            "roe_4q": 9.72,
            "gross_profit": 732853,
            "gross_margin": 22.26,
            "gross_margin_4q_avg": 5.57,
            "net_income": 320207,
            "net_income_4q": null,
            "revenue": 3292867,
            "revenue_4q": null,
            "common_shares": 1826142,
            "book_valuer_per_share": 18.03,
            "book_valuer_per_share_4q_avg": 8.69,
            "equity": 3292920,
            "current_ratio": 106.09,
            "debt_ratio": 55.14,
            "inventory_turnover_ratio": 3.61,
            "account_receivable_turnover_ratio": null,
            "reinvestment_rate": null,
            "research_to_sale_ratio": null,
            "price_fair": 0,
            "eps_avg_yearly": 0,
            "eps_latest_yearly": 0,
            "eps_growth_yearly": 0
        },
        "20064": {
            "year_quarter": 20064,
            "year": 2006,
            "quarter": 4,
            "eps": 2.16,
            "eps_growth_year": null,
            "eps_4q": null,
            "eps_4q_growth_year": null,
            "roe": 11.3,
            "roe_4q": 21.020000000000003,
            "gross_profit": 885833,
            "gross_margin": 23.06,
            "gross_margin_4q_avg": 11.33,
            "net_income": 394960,
            "net_income_4q": null,
            "revenue": 3842077,
            "revenue_4q": null,
            "common_shares": 1826142,
            "book_valuer_per_share": 20.09,
            "book_valuer_per_share_4q_avg": 9.53,
            "equity": 3699668,
            "current_ratio": 94.83,
            "debt_ratio": 68.78,
            "inventory_turnover_ratio": 2.07,
            "account_receivable_turnover_ratio": null,
            "reinvestment_rate": null,
            "research_to_sale_ratio": null,
            "price_fair": 302.4,
            "eps_avg_yearly": 8.64,
            "eps_latest_yearly": 8.64,
            "eps_growth_yearly": 93.71
        },
        "20071": {
            "year_quarter": 20071,
            "year": 2007,
            "quarter": 1,
            "eps": 2,
            "eps_growth_year": null,
            "eps_4q": null,
            "eps_4q_growth_year": null,
            "roe": 9.41,
            "roe_4q": 30.43,
            "gross_profit": 715448,
            "gross_margin": 22.59,
            "gross_margin_4q_avg": 16.98,
            "net_income": 365002,
            "net_income_4q": null,
            "revenue": 3167306,
            "revenue_4q": null,
            "common_shares": 1826142,
            "book_valuer_per_share": 22.21,
            "book_valuer_per_share_4q_avg": 15.08,
            "equity": 4056166,
            "current_ratio": 125.86,
            "debt_ratio": 47.88,
            "inventory_turnover_ratio": 1.73,
            "account_receivable_turnover_ratio": null,
            "reinvestment_rate": null,
            "research_to_sale_ratio": null,
            "price_fair": 291.2,
            "eps_avg_yearly": 8.32,
            "eps_latest_yearly": 8,
            "eps_growth_yearly": 32.04
        },
        "20072": {
            "year_quarter": 20072,
            "year": 2007,
            "quarter": 2,
            "eps": 1.69,
            "eps_growth_year": null,
            "eps_4q": 6.55,
            "eps_4q_growth_year": null,
            "roe": 9.26,
            "roe_4q": 39.690000000000005,
            "gross_profit": 759673,
            "gross_margin": 21.17,
            "gross_margin_4q_avg": 22.27,
            "net_income": 375818,
            "net_income_4q": null,
            "revenue": 3589185,
            "revenue_4q": null,
            "common_shares": 1826142,
            "book_valuer_per_share": 22.25,
            "book_valuer_per_share_4q_avg": 20.65,
            "equity": 4062921,
            "current_ratio": 125.29,
            "debt_ratio": 52.41,
            "inventory_turnover_ratio": 3.88,
            "account_receivable_turnover_ratio": null,
            "reinvestment_rate": null,
            "research_to_sale_ratio": null,
            "price_fair": 78,
            "eps_avg_yearly": 7.8,
            "eps_latest_yearly": 6.76,
            "eps_growth_yearly": 0.69
        },
        "20073": {
            "year_quarter": 20073,
            "year": 2007,
            "quarter": 3,
            "eps": 2.07,
            "eps_growth_year": 18.29,
            "eps_4q": 6.99,
            "eps_4q_growth_year": null,
            "roe": 9.01,
            "roe_4q": 38.980000000000004,
            "gross_profit": 791625,
            "gross_margin": 17.84,
            "gross_margin_4q_avg": 21.17,
            "net_income": 477967,
            "net_income_4q": null,
            "revenue": 4437211,
            "revenue_4q": null,
            "common_shares": 2471203,
            "book_valuer_per_share": 26.49,
            "book_valuer_per_share_4q_avg": 22.76,
            "equity": 6545634,
            "current_ratio": 186.9,
            "debt_ratio": 33.93,
            "inventory_turnover_ratio": 4.57,
            "account_receivable_turnover_ratio": null,
            "reinvestment_rate": null,
            "research_to_sale_ratio": null,
            "price_fair": 261.41,
            "eps_avg_yearly": 7.92,
            "eps_latest_yearly": 8.28,
            "eps_growth_yearly": 23.01
        },
        "20074": {
            "year_quarter": 20074,
            "year": 2007,
            "quarter": 4,
            "eps": 2.12,
            "eps_growth_year": -1.85,
            "eps_4q": 7.25,
            "eps_4q_growth_year": null,
            "roe": 6.14,
            "roe_4q": 33.81999999999999,
            "gross_profit": 861465,
            "gross_margin": 18.85,
            "gross_margin_4q_avg": 20.11,
            "net_income": 503537,
            "net_income_4q": null,
            "revenue": 4569135,
            "revenue_4q": null,
            "common_shares": 2753203,
            "book_valuer_per_share": 35.82,
            "book_valuer_per_share_4q_avg": 26.69,
            "equity": 9861620,
            "current_ratio": 129.96,
            "debt_ratio": 54.52,
            "inventory_turnover_ratio": 1.63,
            "account_receivable_turnover_ratio": null,
            "reinvestment_rate": null,
            "research_to_sale_ratio": null,
            "price_fair": 243.67,
            "eps_avg_yearly": 8.03,
            "eps_latest_yearly": 8.48,
            "eps_growth_yearly": 20.34
        },
        "20081": {
            "year_quarter": 20081,
            "year": 2008,
            "quarter": 1,
            "eps": 1.11,
            "eps_growth_year": -44.5,
            "eps_4q": 6.07,
            "eps_4q_growth_year": null,
            "roe": 3.18,
            "roe_4q": 27.589999999999996,
            "gross_profit": 964312,
            "gross_margin": 14.66,
            "gross_margin_4q_avg": 18.13,
            "net_income": 303629,
            "net_income_4q": null,
            "revenue": 6577929,
            "revenue_4q": null,
            "common_shares": 2753203,
            "book_valuer_per_share": 33.44,
            "book_valuer_per_share_4q_avg": 29.5,
            "equity": 9207100,
            "current_ratio": 123.37,
            "debt_ratio": 57.28,
            "inventory_turnover_ratio": 1.55,
            "account_receivable_turnover_ratio": null,
            "reinvestment_rate": null,
            "research_to_sale_ratio": null,
            "price_fair": 22.3,
            "eps_avg_yearly": 7.43,
            "eps_latest_yearly": 4.44,
            "eps_growth_yearly": -14.81
        },
        "20082": {
            "year_quarter": 20082,
            "year": 2008,
            "quarter": 2,
            "eps": 0.56,
            "eps_growth_year": -66.86,
            "eps_4q": 4.79,
            "eps_4q_growth_year": -26.86,
            "roe": 1.9,
            "roe_4q": 20.229999999999997,
            "gross_profit": 707478,
            "gross_margin": 11.51,
            "gross_margin_4q_avg": 15.72,
            "net_income": 170183,
            "net_income_4q": null,
            "revenue": 6147025,
            "revenue_4q": null,
            "common_shares": 2653203,
            "book_valuer_per_share": 32.75,
            "book_valuer_per_share_4q_avg": 32.13,
            "equity": 8748693,
            "current_ratio": 113.12,
            "debt_ratio": 61.33,
            "inventory_turnover_ratio": 1.61,
            "account_receivable_turnover_ratio": null,
            "reinvestment_rate": null,
            "research_to_sale_ratio": null,
            "price_fair": 20.07,
            "eps_avg_yearly": 6.69,
            "eps_latest_yearly": 2.24,
            "eps_growth_yearly": -41.01
        },
        "20083": {
            "year_quarter": 20083,
            "year": 2008,
            "quarter": 3,
            "eps": 1.03,
            "eps_growth_year": -50.24,
            "eps_4q": 4.3,
            "eps_4q_growth_year": -38.5,
            "roe": 3.43,
            "roe_4q": 14.649999999999999,
            "gross_profit": 1086142,
            "gross_margin": 13.51,
            "gross_margin_4q_avg": 14.63,
            "net_income": 308548,
            "net_income_4q": null,
            "revenue": 8037093,
            "revenue_4q": null,
            "common_shares": 2996103,
            "book_valuer_per_share": 30.61,
            "book_valuer_per_share_4q_avg": 33.16,
            "equity": 9229874,
            "current_ratio": 110.57,
            "debt_ratio": 63.04,
            "inventory_turnover_ratio": 1.92,
            "account_receivable_turnover_ratio": null,
            "reinvestment_rate": null,
            "research_to_sale_ratio": null,
            "price_fair": 102.43,
            "eps_avg_yearly": 6.37,
            "eps_latest_yearly": 4.12,
            "eps_growth_yearly": 6.08
        },
        "20084": {
            "year_quarter": 20084,
            "year": 2008,
            "quarter": 4,
            "eps": -0.1,
            "eps_growth_year": -104.72,
            "eps_4q": 2.51,
            "eps_4q_growth_year": -65.39,
            "roe": -0.34,
            "roe_4q": 8.17,
            "gross_profit": 550933,
            "gross_margin": 8.54,
            "gross_margin_4q_avg": 12.06,
            "net_income": -31306,
            "net_income_4q": null,
            "revenue": 6449676,
            "revenue_4q": null,
            "common_shares": 2996103,
            "book_valuer_per_share": 30.76,
            "book_valuer_per_share_4q_avg": 31.89,
            "equity": 9273051,
            "current_ratio": 107.61,
            "debt_ratio": 61.38,
            "inventory_turnover_ratio": 1.51,
            "account_receivable_turnover_ratio": 1.93,
            "reinvestment_rate": null,
            "research_to_sale_ratio": null,
            "price_fair": 102.43,
            "eps_avg_yearly": 6.37,
            "eps_latest_yearly": 4.12,
            "eps_growth_yearly": 6.08
        },
        "20091": {
            "year_quarter": 20091,
            "year": 2009,
            "quarter": 1,
            "eps": 0.24,
            "eps_growth_year": -78.38,
            "eps_4q": 1.81,
            "eps_4q_growth_year": -70.14,
            "roe": 0.74,
            "roe_4q": 5.73,
            "gross_profit": 601745,
            "gross_margin": 10.05,
            "gross_margin_4q_avg": 10.9,
            "net_income": 68951,
            "net_income_4q": null,
            "revenue": 5989990,
            "revenue_4q": null,
            "common_shares": 2996103,
            "book_valuer_per_share": 31.4,
            "book_valuer_per_share_4q_avg": 31.38,
            "equity": 9463492,
            "current_ratio": 107.16,
            "debt_ratio": 56.81,
            "inventory_turnover_ratio": 1.49,
            "account_receivable_turnover_ratio": 0.92,
            "reinvestment_rate": null,
            "research_to_sale_ratio": null,
            "price_fair": 102.43,
            "eps_avg_yearly": 6.37,
            "eps_latest_yearly": 4.12,
            "eps_growth_yearly": 6.08
        },
        "20092": {
            "year_quarter": 20092,
            "year": 2009,
            "quarter": 2,
            "eps": 0.5,
            "eps_growth_year": -10.71,
            "eps_4q": 1.63,
            "eps_4q_growth_year": -65.96,
            "roe": 1.68,
            "roe_4q": 5.51,
            "gross_profit": 769894,
            "gross_margin": 10.75,
            "gross_margin_4q_avg": 10.71,
            "net_income": 155768,
            "net_income_4q": null,
            "revenue": 7159273,
            "revenue_4q": null,
            "common_shares": 2996103,
            "book_valuer_per_share": 30.12,
            "book_valuer_per_share_4q_avg": 30.72,
            "equity": 9075623,
            "current_ratio": 104.36,
            "debt_ratio": 59.4,
            "inventory_turnover_ratio": 1.85,
            "account_receivable_turnover_ratio": 1.07,
            "reinvestment_rate": null,
            "research_to_sale_ratio": null,
            "price_fair": 205.96,
            "eps_avg_yearly": 5.88,
            "eps_latest_yearly": 2,
            "eps_growth_yearly": 53.55
        },
        "20093": {
            "year_quarter": 20093,
            "year": 2009,
            "quarter": 3,
            "eps": 1.08,
            "eps_growth_year": 4.85,
            "eps_4q": 1.71,
            "eps_4q_growth_year": -60.17,
            "roe": 3.69,
            "roe_4q": 5.7700000000000005,
            "gross_profit": 1074316,
            "gross_margin": 13.16,
            "gross_margin_4q_avg": 10.63,
            "net_income": 339464,
            "net_income_4q": null,
            "revenue": 8165837,
            "revenue_4q": null,
            "common_shares": 3167558,
            "book_valuer_per_share": 29.25,
            "book_valuer_per_share_4q_avg": 30.38,
            "equity": 9316089,
            "current_ratio": 106.66,
            "debt_ratio": 59.83,
            "inventory_turnover_ratio": 1.92,
            "account_receivable_turnover_ratio": 1.13,
            "reinvestment_rate": null,
            "research_to_sale_ratio": null,
            "price_fair": 200.48,
            "eps_avg_yearly": 5.73,
            "eps_latest_yearly": 4.32,
            "eps_growth_yearly": 94.6
        },
        "20094": {
            "year_quarter": 20094,
            "year": 2009,
            "quarter": 4,
            "eps": 0.94,
            "eps_growth_year": null,
            "eps_4q": 2.73,
            "eps_4q_growth_year": 8.96,
            "roe": 3.15,
            "roe_4q": 9.26,
            "gross_profit": 1021553,
            "gross_margin": 12.71,
            "gross_margin_4q_avg": 11.67,
            "net_income": 297533,
            "net_income_4q": null,
            "revenue": 8035524,
            "revenue_4q": null,
            "common_shares": 3167558,
            "book_valuer_per_share": 30.1,
            "book_valuer_per_share_4q_avg": 30.22,
            "equity": 9583573,
            "current_ratio": 112.69,
            "debt_ratio": 56.71,
            "inventory_turnover_ratio": 2,
            "account_receivable_turnover_ratio": 2.14,
            "reinvestment_rate": null,
            "research_to_sale_ratio": null,
            "price_fair": 194.22,
            "eps_avg_yearly": 5.55,
            "eps_latest_yearly": 3.76,
            "eps_growth_yearly": 81.28
        },
        "20101": {
            "year_quarter": 20101,
            "year": 2010,
            "quarter": 1,
            "eps": 0.7,
            "eps_growth_year": 191.67,
            "eps_4q": 3.21,
            "eps_4q_growth_year": 77.23,
            "roe": 2.29,
            "roe_4q": 10.809999999999999,
            "gross_profit": 912396,
            "gross_margin": 12.74,
            "gross_margin_4q_avg": 12.34,
            "net_income": 222045,
            "net_income_4q": null,
            "revenue": 7160104,
            "revenue_4q": null,
            "common_shares": 3167558,
            "book_valuer_per_share": 30.69,
            "book_valuer_per_share_4q_avg": 30.04,
            "equity": 9769919,
            "current_ratio": 110.23,
            "debt_ratio": 54.88,
            "inventory_turnover_ratio": 1.98,
            "account_receivable_turnover_ratio": 1,
            "reinvestment_rate": null,
            "research_to_sale_ratio": 2.7,
            "price_fair": 186.2,
            "eps_avg_yearly": 5.32,
            "eps_latest_yearly": 2.8,
            "eps_growth_yearly": 66
        },
        "20102": {
            "year_quarter": 20102,
            "year": 2010,
            "quarter": 2,
            "eps": 0.93,
            "eps_growth_year": 85.6,
            "eps_4q": 3.5,
            "eps_4q_growth_year": 114.62,
            "roe": 3.16,
            "roe_4q": 12.29,
            "gross_profit": 1111127,
            "gross_margin": 12.75,
            "gross_margin_4q_avg": 12.84,
            "net_income": 310223,
            "net_income_4q": null,
            "revenue": 8712532,
            "revenue_4q": null,
            "common_shares": 3167558,
            "book_valuer_per_share": 31,
            "book_valuer_per_share_4q_avg": 30.26,
            "equity": 9869565,
            "current_ratio": 108.27,
            "debt_ratio": 58.56,
            "inventory_turnover_ratio": 2.23,
            "account_receivable_turnover_ratio": 1.16,
            "reinvestment_rate": 328.59,
            "research_to_sale_ratio": 2.63,
            "price_fair": 181.89,
            "eps_avg_yearly": 5.2,
            "eps_latest_yearly": 3.72,
            "eps_growth_yearly": 71.03
        },
        "20103": {
            "year_quarter": 20103,
            "year": 2010,
            "quarter": 3,
            "eps": 0.18,
            "eps_growth_year": -83.69,
            "eps_4q": 2.66,
            "eps_4q_growth_year": 55.3,
            "roe": 0.59,
            "roe_4q": 9.19,
            "gross_profit": 739960,
            "gross_margin": 10.45,
            "gross_margin_4q_avg": 12.16,
            "net_income": 58368,
            "net_income_4q": null,
            "revenue": 7082812,
            "revenue_4q": null,
            "common_shares": 3349020,
            "book_valuer_per_share": 29.16,
            "book_valuer_per_share_4q_avg": 30.24,
            "equity": 9813818,
            "current_ratio": 109.32,
            "debt_ratio": 53.81,
            "inventory_turnover_ratio": 1.81,
            "account_receivable_turnover_ratio": 0.96,
            "reinvestment_rate": 304.56,
            "research_to_sale_ratio": 2.97,
            "price_fair": 170.7,
            "eps_avg_yearly": 4.88,
            "eps_latest_yearly": 0.72,
            "eps_growth_yearly": 42.92
        },
        "20104": {
            "year_quarter": 20104,
            "year": 2010,
            "quarter": 4,
            "eps": 0.03,
            "eps_growth_year": -96.43,
            "eps_4q": 1.89,
            "eps_4q_growth_year": -30.86,
            "roe": 0.11,
            "roe_4q": 6.15,
            "gross_profit": 708063,
            "gross_margin": 10.55,
            "gross_margin_4q_avg": 11.62,
            "net_income": 10079,
            "net_income_4q": null,
            "revenue": 6709503,
            "revenue_4q": null,
            "common_shares": 3349020,
            "book_valuer_per_share": 27.66,
            "book_valuer_per_share_4q_avg": 29.63,
            "equity": 8868556,
            "current_ratio": 106.16,
            "debt_ratio": 56.57,
            "inventory_turnover_ratio": 1.8,
            "account_receivable_turnover_ratio": 1.09,
            "reinvestment_rate": 255.98,
            "research_to_sale_ratio": 3.31,
            "price_fair": 95.67,
            "eps_avg_yearly": 4.27,
            "eps_latest_yearly": 0.12,
            "eps_growth_yearly": 12.41
        },
        "20111": {
            "year_quarter": 20111,
            "year": 2011,
            "quarter": 1,
            "eps": 0.07,
            "eps_growth_year": -90,
            "eps_4q": 1.26,
            "eps_4q_growth_year": -60.84,
            "roe": 0.23,
            "roe_4q": 4.09,
            "gross_profit": 606331,
            "gross_margin": 9.9,
            "gross_margin_4q_avg": 10.91,
            "net_income": 20310,
            "net_income_4q": null,
            "revenue": 6123921,
            "revenue_4q": null,
            "common_shares": 3189020,
            "book_valuer_per_share": 27.94,
            "book_valuer_per_share_4q_avg": 28.94,
            "equity": 8957303,
            "current_ratio": 107.91,
            "debt_ratio": 55.43,
            "inventory_turnover_ratio": 1.69,
            "account_receivable_turnover_ratio": 1.1,
            "reinvestment_rate": 342.14,
            "research_to_sale_ratio": 3.22,
            "price_fair": 130.1,
            "eps_avg_yearly": 3.72,
            "eps_latest_yearly": 0.28,
            "eps_growth_yearly": 52.63
        },
        "20112": {
            "year_quarter": 20112,
            "year": 2011,
            "quarter": 2,
            "eps": 0.13,
            "eps_growth_year": -86.17,
            "eps_4q": 0.41,
            "eps_4q_growth_year": -88.21,
            "roe": 0.46,
            "roe_4q": 1.3900000000000001,
            "gross_profit": 692478,
            "gross_margin": 10.39,
            "gross_margin_4q_avg": 10.32,
            "net_income": 40397,
            "net_income_4q": null,
            "revenue": 6662566,
            "revenue_4q": null,
            "common_shares": 3189020,
            "book_valuer_per_share": 26.32,
            "book_valuer_per_share_4q_avg": 27.77,
            "equity": 8437981,
            "current_ratio": 103.49,
            "debt_ratio": 58.83,
            "inventory_turnover_ratio": 1.7,
            "account_receivable_turnover_ratio": 1.16,
            "reinvestment_rate": 363.73,
            "research_to_sale_ratio": 3.35,
            "price_fair": 114.5,
            "eps_avg_yearly": 3.27,
            "eps_latest_yearly": 0.52,
            "eps_growth_yearly": 81.54
        },
        "20113": {
            "year_quarter": 20113,
            "year": 2011,
            "quarter": 3,
            "eps": 0.16,
            "eps_growth_year": -10.64,
            "eps_4q": 0.38,
            "eps_4q_growth_year": -85.52,
            "roe": 0.58,
            "roe_4q": 1.3800000000000001,
            "gross_profit": 788088,
            "gross_margin": 10.64,
            "gross_margin_4q_avg": 10.37,
            "net_income": 49760,
            "net_income_4q": null,
            "revenue": 7407383,
            "revenue_4q": null,
            "common_shares": 3189020,
            "book_valuer_per_share": 27.52,
            "book_valuer_per_share_4q_avg": 27.36,
            "equity": 8821470,
            "current_ratio": 108.59,
            "debt_ratio": 57.7,
            "inventory_turnover_ratio": 1.7,
            "account_receivable_turnover_ratio": 1.25,
            "reinvestment_rate": 417.25,
            "research_to_sale_ratio": 3.34,
            "price_fair": 95.4,
            "eps_avg_yearly": 2.73,
            "eps_latest_yearly": 0.64,
            "eps_growth_yearly": 81.71
        },
        "20114": {
            "year_quarter": 20114,
            "year": 2011,
            "quarter": 4,
            "eps": 0.15,
            "eps_growth_year": 359.1,
            "eps_4q": 0.51,
            "eps_4q_growth_year": -73.28,
            "roe": 0.55,
            "roe_4q": 1.8199999999999998,
            "gross_profit": 776953,
            "gross_margin": 10.82,
            "gross_margin_4q_avg": 10.44,
            "net_income": 48836,
            "net_income_4q": null,
            "revenue": 7181703,
            "revenue_4q": null,
            "common_shares": 3189020,
            "book_valuer_per_share": 27.63,
            "book_valuer_per_share_4q_avg": 27.35,
            "equity": 8854954,
            "current_ratio": 112.3,
            "debt_ratio": 56.84,
            "inventory_turnover_ratio": 1.66,
            "account_receivable_turnover_ratio": 1.17,
            "reinvestment_rate": 329.36,
            "research_to_sale_ratio": 3.51,
            "price_fair": 75.7,
            "eps_avg_yearly": 2.16,
            "eps_latest_yearly": 0.6,
            "eps_growth_yearly": 79.24
        },
        "20121": {
            "year_quarter": 20121,
            "year": 2012,
            "quarter": 1,
            "eps": 0.11,
            "eps_growth_year": 57.14,
            "eps_4q": 0.55,
            "eps_4q_growth_year": -56.34,
            "roe": 0.39,
            "roe_4q": 1.98,
            "gross_profit": 660887,
            "gross_margin": 10.7,
            "gross_margin_4q_avg": 10.64,
            "net_income": 34625,
            "net_income_4q": null,
            "revenue": 6173731,
            "revenue_4q": null,
            "common_shares": 3189020,
            "book_valuer_per_share": 27.44,
            "book_valuer_per_share_4q_avg": 27.23,
            "equity": 8792609,
            "current_ratio": 116.26,
            "debt_ratio": 54.5,
            "inventory_turnover_ratio": 1.51,
            "account_receivable_turnover_ratio": 1.04,
            "reinvestment_rate": 355.17,
            "research_to_sale_ratio": 3.5,
            "price_fair": 65.7,
            "eps_avg_yearly": 1.88,
            "eps_latest_yearly": 0.44,
            "eps_growth_yearly": 85.23
        },
        "20122": {
            "year_quarter": 20122,
            "year": 2012,
            "quarter": 2,
            "eps": 0.2,
            "eps_growth_year": 57.75,
            "eps_4q": 0.62,
            "eps_4q_growth_year": 51.22,
            "roe": 0.74,
            "roe_4q": 2.26,
            "gross_profit": 755013,
            "gross_margin": 11.1,
            "gross_margin_4q_avg": 10.82,
            "net_income": 64479,
            "net_income_4q": null,
            "revenue": 6802988,
            "revenue_4q": null,
            "common_shares": 3189020,
            "book_valuer_per_share": 27.23,
            "book_valuer_per_share_4q_avg": 27.46,
            "equity": 8722915,
            "current_ratio": 117.14,
            "debt_ratio": 55.75,
            "inventory_turnover_ratio": 1.61,
            "account_receivable_turnover_ratio": 1.21,
            "reinvestment_rate": 345.27,
            "research_to_sale_ratio": 3.44,
            "price_fair": 62.1,
            "eps_avg_yearly": 1.77,
            "eps_latest_yearly": 0.8,
            "eps_growth_yearly": 122.76
        },
        "20123": {
            "year_quarter": 20123,
            "year": 2012,
            "quarter": 3,
            "eps": 0.18,
            "eps_growth_year": 14.25,
            "eps_4q": 0.65,
            "eps_4q_growth_year": 67.89,
            "roe": 0.66,
            "roe_4q": 2.34,
            "gross_profit": 748389,
            "gross_margin": 11.1,
            "gross_margin_4q_avg": 10.93,
            "net_income": 57075,
            "net_income_4q": null,
            "revenue": 6742367,
            "revenue_4q": null,
            "common_shares": 3189020,
            "book_valuer_per_share": 27.15,
            "book_valuer_per_share_4q_avg": 27.36,
            "equity": 8694821,
            "current_ratio": 119.04,
            "debt_ratio": 55.12,
            "inventory_turnover_ratio": 1.54,
            "account_receivable_turnover_ratio": 1.18,
            "reinvestment_rate": 356.09,
            "research_to_sale_ratio": 3.45,
            "price_fair": 53.6,
            "eps_avg_yearly": 1.53,
            "eps_latest_yearly": 0.72,
            "eps_growth_yearly": 95.93
        },
        "20124": {
            "year_quarter": 20124,
            "year": 2012,
            "quarter": 4,
            "eps": 0.21,
            "eps_growth_year": 38.2,
            "eps_4q": 0.7,
            "eps_4q_growth_year": 39.52,
            "roe": 0.78,
            "roe_4q": 2.57,
            "gross_profit": 753686,
            "gross_margin": 11.44,
            "gross_margin_4q_avg": 11.09,
            "net_income": 67589,
            "net_income_4q": null,
            "revenue": 6586832,
            "revenue_4q": null,
            "common_shares": 3189020,
            "book_valuer_per_share": 27.27,
            "book_valuer_per_share_4q_avg": 27.27,
            "equity": 8734940,
            "current_ratio": 118.54,
            "debt_ratio": 56.4,
            "inventory_turnover_ratio": 1.48,
            "account_receivable_turnover_ratio": 1.14,
            "reinvestment_rate": 277.29,
            "research_to_sale_ratio": 3.5,
            "price_fair": 51.99,
            "eps_avg_yearly": 1.49,
            "eps_latest_yearly": 0.84,
            "eps_growth_yearly": 93.98
        },
        "20131": {
            "year_quarter": 20131,
            "year": 2013,
            "quarter": 1,
            "eps": 0.12,
            "eps_growth_year": 9.09,
            "eps_4q": 0.71,
            "eps_4q_growth_year": 29.99,
            "roe": 0.43,
            "roe_4q": 2.6100000000000003,
            "gross_profit": 662979,
            "gross_margin": 10.95,
            "gross_margin_4q_avg": 11.15,
            "net_income": 37630,
            "net_income_4q": null,
            "revenue": 6054844,
            "revenue_4q": null,
            "common_shares": 3189020,
            "book_valuer_per_share": 27.57,
            "book_valuer_per_share_4q_avg": 27.31,
            "equity": 8827647,
            "current_ratio": 119.71,
            "debt_ratio": 54.63,
            "inventory_turnover_ratio": 1.39,
            "account_receivable_turnover_ratio": 1.04,
            "reinvestment_rate": -67.74,
            "research_to_sale_ratio": 3.62,
            "price_fair": 49.79,
            "eps_avg_yearly": 1.42,
            "eps_latest_yearly": 0.48,
            "eps_growth_yearly": 77.39
        },
        "20132": {
            "year_quarter": 20132,
            "year": 2013,
            "quarter": 2,
            "eps": -0.12,
            "eps_growth_year": -159.26,
            "eps_4q": 0.4,
            "eps_4q_growth_year": -36.42,
            "roe": -0.42,
            "roe_4q": 1.4500000000000002,
            "gross_profit": 551824,
            "gross_margin": 9.62,
            "gross_margin_4q_avg": 10.78,
            "net_income": -36605,
            "net_income_4q": null,
            "revenue": 5737028,
            "revenue_4q": null,
            "common_shares": 3189020,
            "book_valuer_per_share": 26.99,
            "book_valuer_per_share_4q_avg": 27.25,
            "equity": 8642723,
            "current_ratio": 123.06,
            "debt_ratio": 53.93,
            "inventory_turnover_ratio": 1.44,
            "account_receivable_turnover_ratio": 1.03,
            "reinvestment_rate": -75.32,
            "research_to_sale_ratio": 3.83,
            "price_fair": 48.44,
            "eps_avg_yearly": 1.38,
            "eps_latest_yearly": 0.48,
            "eps_growth_yearly": 53.66
        },
        "20133": {
            "year_quarter": 20133,
            "year": 2013,
            "quarter": 3,
            "eps": -0.11,
            "eps_growth_year": -161.15,
            "eps_4q": 0.11,
            "eps_4q_growth_year": -82.85,
            "roe": -0.38,
            "roe_4q": 0.41,
            "gross_profit": 585936,
            "gross_margin": 9.88,
            "gross_margin_4q_avg": 10.47,
            "net_income": -32376,
            "net_income_4q": null,
            "revenue": 5928852,
            "revenue_4q": null,
            "common_shares": 3189020,
            "book_valuer_per_share": 26.68,
            "book_valuer_per_share_4q_avg": 27.13,
            "equity": 8545202,
            "current_ratio": 122.75,
            "debt_ratio": 53.54,
            "inventory_turnover_ratio": 1.54,
            "account_receivable_turnover_ratio": 1.12,
            "reinvestment_rate": -98.82,
            "research_to_sale_ratio": 3.79,
            "price_fair": 40.33,
            "eps_avg_yearly": 1.17,
            "eps_latest_yearly": 0.48,
            "eps_growth_yearly": 24.35
        },
        "20134": {
            "year_quarter": 20134,
            "year": 2013,
            "quarter": 4,
            "eps": 0.11,
            "eps_growth_year": -48.38,
            "eps_4q": 0.01,
            "eps_4q_growth_year": -98.88,
            "roe": 0.41,
            "roe_4q": 0.03999999999999998,
            "gross_profit": 577544,
            "gross_margin": 9.99,
            "gross_margin_4q_avg": 10.11,
            "net_income": 35195,
            "net_income_4q": null,
            "revenue": 5780677,
            "revenue_4q": null,
            "common_shares": 3189020,
            "book_valuer_per_share": 27.11,
            "book_valuer_per_share_4q_avg": 27.09,
            "equity": 8681821,
            "current_ratio": 126.45,
            "debt_ratio": 52.49,
            "inventory_turnover_ratio": 1.53,
            "account_receivable_turnover_ratio": 1.17,
            "reinvestment_rate": -682.66,
            "research_to_sale_ratio": 3.95,
            "price_fair": 34.14,
            "eps_avg_yearly": 0.98,
            "eps_latest_yearly": 0.48,
            "eps_growth_yearly": 30.21
        },
        "20141": {
            "year_quarter": 20141,
            "year": 2014,
            "quarter": 1,
            "eps": -0.39,
            "eps_growth_year": -425,
            "eps_4q": -0.5,
            "eps_4q_growth_year": -170.29,
            "roe": -1.44,
            "roe_4q": -1.83,
            "gross_profit": 434978,
            "gross_margin": 8.98,
            "gross_margin_4q_avg": 9.62,
            "net_income": -124529,
            "net_income_4q": null,
            "revenue": 4844550,
            "revenue_4q": null,
            "common_shares": 3189020,
            "book_valuer_per_share": 26.92,
            "book_valuer_per_share_4q_avg": 26.93,
            "equity": 8620732,
            "current_ratio": 130.56,
            "debt_ratio": 50.26,
            "inventory_turnover_ratio": 1.38,
            "account_receivable_turnover_ratio": 1.09,
            "reinvestment_rate": -1162.69,
            "research_to_sale_ratio": 3.99,
            "price_fair": 28.82,
            "eps_avg_yearly": 0.82,
            "eps_latest_yearly": 0.48,
            "eps_growth_yearly": 41.24
        },
        "20142": {
            "year_quarter": 20142,
            "year": 2014,
            "quarter": 2,
            "eps": 0.16,
            "eps_growth_year": null,
            "eps_4q": -0.23,
            "eps_4q_growth_year": -156.97,
            "roe": 0.6,
            "roe_4q": -0.81,
            "gross_profit": 601335,
            "gross_margin": 11.24,
            "gross_margin_4q_avg": 10.02,
            "net_income": 50986,
            "net_income_4q": null,
            "revenue": 5352161,
            "revenue_4q": null,
            "common_shares": 3189020,
            "book_valuer_per_share": 26.47,
            "book_valuer_per_share_4q_avg": 26.8,
            "equity": 8479267,
            "current_ratio": 134.34,
            "debt_ratio": 49.19,
            "inventory_turnover_ratio": 1.63,
            "account_receivable_turnover_ratio": 1.26,
            "reinvestment_rate": -2116.88,
            "research_to_sale_ratio": 3.91,
            "price_fair": 19.6,
            "eps_avg_yearly": 0.56,
            "eps_latest_yearly": 0.48,
            "eps_growth_yearly": 33.04
        },
        "20143": {
            "year_quarter": 20143,
            "year": 2014,
            "quarter": 3,
            "eps": 0.24,
            "eps_growth_year": null,
            "eps_4q": 0.12,
            "eps_4q_growth_year": 3.82,
            "roe": 0.87,
            "roe_4q": 0.44,
            "gross_profit": 665128,
            "gross_margin": 11.97,
            "gross_margin_4q_avg": 10.55,
            "net_income": 74707,
            "net_income_4q": null,
            "revenue": 5554901,
            "revenue_4q": null,
            "common_shares": 3189020,
            "book_valuer_per_share": 27.18,
            "book_valuer_per_share_4q_avg": 26.92,
            "equity": 8704938,
            "current_ratio": 135.46,
            "debt_ratio": 50.42,
            "inventory_turnover_ratio": 1.66,
            "account_receivable_turnover_ratio": 1.24,
            "reinvestment_rate": -1959.41,
            "research_to_sale_ratio": 3.85,
            "price_fair": 20.36,
            "eps_avg_yearly": 0.58,
            "eps_latest_yearly": 0.96,
            "eps_growth_yearly": 80.55
        },
        "20144": {
            "year_quarter": 20144,
            "year": 2014,
            "quarter": 4,
            "eps": 0.24,
            "eps_growth_year": 118.26,
            "eps_4q": 0.24,
            "eps_4q_growth_year": 2991.39,
            "roe": 0.87,
            "roe_4q": 0.8999999999999999,
            "gross_profit": 724123,
            "gross_margin": 12.43,
            "gross_margin_4q_avg": 11.16,
            "net_income": 77310,
            "net_income_4q": null,
            "revenue": 5826257,
            "revenue_4q": null,
            "common_shares": 3189020,
            "book_valuer_per_share": 28.11,
            "book_valuer_per_share_4q_avg": 27.17,
            "equity": 9000348,
            "current_ratio": 144.75,
            "debt_ratio": 50.56,
            "inventory_turnover_ratio": 1.61,
            "account_receivable_turnover_ratio": 1.19,
            "reinvestment_rate": -1623.88,
            "research_to_sale_ratio": 3.81,
            "price_fair": 23.04,
            "eps_avg_yearly": 0.66,
            "eps_latest_yearly": 0.96,
            "eps_growth_yearly": 110.85
        },
        "20151": {
            "year_quarter": 20151,
            "year": 2015,
            "quarter": 1,
            "eps": 0.11,
            "eps_growth_year": null,
            "eps_4q": 0.75,
            "eps_4q_growth_year": null,
            "roe": 0.39,
            "roe_4q": 2.73,
            "gross_profit": 629331,
            "gross_margin": 12.14,
            "gross_margin_4q_avg": 11.95,
            "net_income": 34720,
            "net_income_4q": null,
            "revenue": 5184913,
            "revenue_4q": null,
            "common_shares": 3189020,
            "book_valuer_per_share": 27.95,
            "book_valuer_per_share_4q_avg": 27.43,
            "equity": 8950509,
            "current_ratio": 146.18,
            "debt_ratio": 50.1,
            "inventory_turnover_ratio": 1.41,
            "account_receivable_turnover_ratio": 1.04,
            "reinvestment_rate": -1583.41,
            "research_to_sale_ratio": 3.94,
            "price_fair": 23.55,
            "eps_avg_yearly": 0.67,
            "eps_latest_yearly": 0.44,
            "eps_growth_yearly": 42.67
        },
        "20152": {
            "year_quarter": 20152,
            "year": 2015,
            "quarter": 2,
            "eps": 0.07,
            "eps_growth_year": -56.25,
            "eps_4q": 0.66,
            "eps_4q_growth_year": null,
            "roe": 0.26,
            "roe_4q": 2.39,
            "gross_profit": 589086,
            "gross_margin": 12.04,
            "gross_margin_4q_avg": 12.15,
            "net_income": 22907,
            "net_income_4q": null,
            "revenue": 4891803,
            "revenue_4q": null,
            "common_shares": 3189020,
            "book_valuer_per_share": 27.34,
            "book_valuer_per_share_4q_avg": 27.65,
            "equity": 8757164,
            "current_ratio": 151.27,
            "debt_ratio": 49.36,
            "inventory_turnover_ratio": 1.43,
            "account_receivable_turnover_ratio": 1.09,
            "reinvestment_rate": -1596.85,
            "research_to_sale_ratio": 4.05,
            "price_fair": 1.95,
            "eps_avg_yearly": 0.65,
            "eps_latest_yearly": 0.28,
            "eps_growth_yearly": -1.72
        },
        "20153": {
            "year_quarter": 20153,
            "year": 2015,
            "quarter": 3,
            "eps": 1.58,
            "eps_growth_year": 558.33,
            "eps_4q": 2.1,
            "eps_4q_growth_year": 1724.57,
            "roe": 5.52,
            "roe_4q": 7.039999999999999,
            "gross_profit": 420864,
            "gross_margin": 8.77,
            "gross_margin_4q_avg": 11.35,
            "net_income": 497873,
            "net_income_4q": null,
            "revenue": 4799535,
            "revenue_4q": null,
            "common_shares": 3189020,
            "book_valuer_per_share": 30.79,
            "book_valuer_per_share_4q_avg": 28.55,
            "equity": 9275846,
            "current_ratio": 158.56,
            "debt_ratio": 47.35,
            "inventory_turnover_ratio": 1.61,
            "account_receivable_turnover_ratio": 1.15,
            "reinvestment_rate": -894.01,
            "research_to_sale_ratio": 5.11,
            "price_fair": 40.85,
            "eps_avg_yearly": 1.17,
            "eps_latest_yearly": 6.32,
            "eps_growth_yearly": 774.3
        },
        "20154": {
            "year_quarter": 20154,
            "year": 2015,
            "quarter": 4,
            "eps": 0.24,
            "eps_growth_year": -0.29,
            "eps_4q": 2.1,
            "eps_4q_growth_year": 755.91,
            "roe": 0.77,
            "roe_4q": 6.939999999999999,
            "gross_profit": 638828,
            "gross_margin": 13.35,
            "gross_margin_4q_avg": 11.58,
            "net_income": 71296,
            "net_income_4q": null,
            "revenue": 4784448,
            "revenue_4q": null,
            "common_shares": 2979020,
            "book_valuer_per_share": 30.83,
            "book_valuer_per_share_4q_avg": 29.23,
            "equity": 9223159,
            "current_ratio": 161.73,
            "debt_ratio": 46.7,
            "inventory_turnover_ratio": 1.6,
            "account_receivable_turnover_ratio": 1.08,
            "reinvestment_rate": -874.87,
            "research_to_sale_ratio": 4.09,
            "price_fair": 42,
            "eps_avg_yearly": 1.2,
            "eps_latest_yearly": 0.96,
            "eps_growth_yearly": 745.73
        },
        "20161": {
            "year_quarter": 20161,
            "year": 2016,
            "quarter": 1,
            "eps": 0.15,
            "eps_growth_year": 36.36,
            "eps_4q": 2.13,
            "eps_4q_growth_year": 185.18,
            "roe": 0.51,
            "roe_4q": 7.06,
            "gross_profit": 571065,
            "gross_margin": 14.04,
            "gross_margin_4q_avg": 12.05,
            "net_income": 46504,
            "net_income_4q": null,
            "revenue": 4067832,
            "revenue_4q": null,
            "common_shares": 2979020,
            "book_valuer_per_share": 30.55,
            "book_valuer_per_share_4q_avg": 29.88,
            "equity": 9136929,
            "current_ratio": 175.37,
            "debt_ratio": 41.77,
            "inventory_turnover_ratio": 1.39,
            "account_receivable_turnover_ratio": 0.95,
            "reinvestment_rate": -842.31,
            "research_to_sale_ratio": 4.67,
            "price_fair": 42.51,
            "eps_avg_yearly": 1.21,
            "eps_latest_yearly": 0.6,
            "eps_growth_yearly": 741.79
        },
        "20162": {
            "year_quarter": 20162,
            "year": 2016,
            "quarter": 2,
            "eps": 0.25,
            "eps_growth_year": 257.14,
            "eps_4q": 2.31,
            "eps_4q_growth_year": 252.62,
            "roe": 0.86,
            "roe_4q": 7.66,
            "gross_profit": 667660,
            "gross_margin": 14.16,
            "gross_margin_4q_avg": 12.58,
            "net_income": 75730,
            "net_income_4q": null,
            "revenue": 4716036,
            "revenue_4q": null,
            "common_shares": 2979020,
            "book_valuer_per_share": 28.57,
            "book_valuer_per_share_4q_avg": 30.19,
            "equity": 8548878,
            "current_ratio": 163.65,
            "debt_ratio": 46.64,
            "inventory_turnover_ratio": 1.75,
            "account_receivable_turnover_ratio": 1.1,
            "reinvestment_rate": -836.31,
            "research_to_sale_ratio": 4.31,
            "price_fair": 43.15,
            "eps_avg_yearly": 1.23,
            "eps_latest_yearly": 1,
            "eps_growth_yearly": 736.28
        },
        "20163": {
            "year_quarter": 20163,
            "year": 2016,
            "quarter": 3,
            "eps": 0.6,
            "eps_growth_year": -62.03,
            "eps_4q": 1.24,
            "eps_4q_growth_year": -40.9,
            "roe": 2.1,
            "roe_4q": 4.24,
            "gross_profit": 795026,
            "gross_margin": 15.43,
            "gross_margin_4q_avg": 14.25,
            "net_income": 179094,
            "net_income_4q": null,
            "revenue": 5153807,
            "revenue_4q": null,
            "common_shares": 2979020,
            "book_valuer_per_share": 28.37,
            "book_valuer_per_share_4q_avg": 29.58,
            "equity": 8487092,
            "current_ratio": 159.9,
            "debt_ratio": 48.95,
            "inventory_turnover_ratio": 1.97,
            "account_receivable_turnover_ratio": 1.04,
            "reinvestment_rate": -756.71,
            "research_to_sale_ratio": 4.03,
            "price_fair": 48.49,
            "eps_avg_yearly": 1.39,
            "eps_latest_yearly": 2.4,
            "eps_growth_yearly": 790.83
        },
        "20164": {
            "year_quarter": 20164,
            "year": 2016,
            "quarter": 4,
            "eps": 0.6,
            "eps_growth_year": 152.95,
            "eps_4q": 1.67,
            "eps_4q_growth_year": -20.53,
            "roe": 2.03,
            "roe_4q": 5.5,
            "gross_profit": 760064,
            "gross_margin": 16.02,
            "gross_margin_4q_avg": 14.91,
            "net_income": 171062,
            "net_income_4q": null,
            "revenue": 4743943,
            "revenue_4q": null,
            "common_shares": 2979020,
            "book_valuer_per_share": 29.61,
            "book_valuer_per_share_4q_avg": 29.28,
            "equity": 8352307,
            "current_ratio": 154.2,
            "debt_ratio": 50.84,
            "inventory_turnover_ratio": 1.78,
            "account_receivable_turnover_ratio": 0.87,
            "reinvestment_rate": -684.88,
            "research_to_sale_ratio": 4.1,
            "price_fair": 53.45,
            "eps_avg_yearly": 1.53,
            "eps_latest_yearly": 2.4,
            "eps_growth_yearly": 784.77
        },
        "20171": {
            "year_quarter": 20171,
            "year": 2017,
            "quarter": 1,
            "eps": 0.3,
            "eps_growth_year": 100,
            "eps_4q": 1.82,
            "eps_4q_growth_year": -14.75,
            "roe": 1.04,
            "roe_4q": 6.03,
            "gross_profit": 587334,
            "gross_margin": 15.55,
            "gross_margin_4q_avg": 15.29,
            "net_income": 84893,
            "net_income_4q": null,
            "revenue": 3776047,
            "revenue_4q": null,
            "common_shares": 2800000,
            "book_valuer_per_share": 28.56,
            "book_valuer_per_share_4q_avg": 28.78,
            "equity": 8026396,
            "current_ratio": 158.62,
            "debt_ratio": 46.49,
            "inventory_turnover_ratio": 1.45,
            "account_receivable_turnover_ratio": 0.77,
            "reinvestment_rate": -200.08,
            "research_to_sale_ratio": 4.69,
            "price_fair": 55.75,
            "eps_avg_yearly": 1.59,
            "eps_latest_yearly": 1.2,
            "eps_growth_yearly": 782.17
        },
        "20172": {
            "year_quarter": 20172,
            "year": 2017,
            "quarter": 2,
            "eps": 0.51,
            "eps_growth_year": 104,
            "eps_4q": 2.06,
            "eps_4q_growth_year": -10.96,
            "roe": 1.84,
            "roe_4q": 7.01,
            "gross_profit": 723597,
            "gross_margin": 15.91,
            "gross_margin_4q_avg": 15.73,
            "net_income": 144400,
            "net_income_4q": null,
            "revenue": 4548594,
            "revenue_4q": null,
            "common_shares": 2800000,
            "book_valuer_per_share": 27.36,
            "book_valuer_per_share_4q_avg": 28.48,
            "equity": 7692201,
            "current_ratio": 144.99,
            "debt_ratio": 50.84,
            "inventory_turnover_ratio": 1.8,
            "account_receivable_turnover_ratio": 0.97,
            "reinvestment_rate": -163.33,
            "research_to_sale_ratio": 4.3,
            "price_fair": 57.05,
            "eps_avg_yearly": 1.63,
            "eps_latest_yearly": 2.04,
            "eps_growth_yearly": 740.32
        },
        "20173": {
            "year_quarter": 20173,
            "year": 2017,
            "quarter": 3,
            "eps": 0.64,
            "eps_growth_year": 6.67,
            "eps_4q": 2.06,
            "eps_4q_growth_year": 66.34,
            "roe": 2.32,
            "roe_4q": 7.23,
            "gross_profit": 775054,
            "gross_margin": 16.57,
            "gross_margin_4q_avg": 16.01,
            "net_income": 180844,
            "net_income_4q": null,
            "revenue": 4676144,
            "revenue_4q": null,
            "common_shares": 2800000,
            "book_valuer_per_share": 28.13,
            "book_valuer_per_share_4q_avg": 28.42,
            "equity": 7907093,
            "current_ratio": 151.8,
            "debt_ratio": 51.33,
            "inventory_turnover_ratio": 1.82,
            "account_receivable_turnover_ratio": 0.86,
            "reinvestment_rate": -131.37,
            "research_to_sale_ratio": 4.19,
            "price_fair": 59.55,
            "eps_avg_yearly": 1.7,
            "eps_latest_yearly": 2.56,
            "eps_growth_yearly": 691.22
        },
        "20174": {
            "year_quarter": 20174,
            "year": 2017,
            "quarter": 4,
            "eps": 0.62,
            "eps_growth_year": 2.05,
            "eps_4q": 2.07,
            "eps_4q_growth_year": 24.47,
            "roe": 2.17,
            "roe_4q": 7.37,
            "gross_profit": 746584,
            "gross_margin": 16.01,
            "gross_margin_4q_avg": 16.01,
            "net_income": 172907,
            "net_income_4q": null,
            "revenue": 4663287,
            "revenue_4q": null,
            "common_shares": 2800000,
            "book_valuer_per_share": 28.53,
            "book_valuer_per_share_4q_avg": 28.15,
            "equity": 8018151,
            "current_ratio": 150.24,
            "debt_ratio": 47.76,
            "inventory_turnover_ratio": 1.83,
            "account_receivable_turnover_ratio": 0.83,
            "reinvestment_rate": -130.06,
            "research_to_sale_ratio": 4.24,
            "price_fair": 61.5,
            "eps_avg_yearly": 1.76,
            "eps_latest_yearly": 2.48,
            "eps_growth_yearly": 640.95
        },
        "20181": {
            "year_quarter": 20181,
            "year": 2018,
            "quarter": 1,
            "eps": 0.5,
            "eps_growth_year": 66.67,
            "eps_4q": 2.27,
            "eps_4q_growth_year": 25.07,
            "roe": 1.75,
            "roe_4q": 8.08,
            "gross_profit": 626896,
            "gross_margin": 15.67,
            "gross_margin_4q_avg": 16.04,
            "net_income": 141088,
            "net_income_4q": null,
            "revenue": 4001454,
            "revenue_4q": null,
            "common_shares": 2800000,
            "book_valuer_per_share": 28.74,
            "book_valuer_per_share_4q_avg": 28.19,
            "equity": 8078422,
            "current_ratio": 154.72,
            "debt_ratio": 45.17,
            "inventory_turnover_ratio": 1.63,
            "account_receivable_turnover_ratio": 0.77,
            "reinvestment_rate": -109.88,
            "research_to_sale_ratio": 4.57,
            "price_fair": 62.07,
            "eps_avg_yearly": 1.77,
            "eps_latest_yearly": 2,
            "eps_growth_yearly": 593.06
        },
        "20182": {
            "year_quarter": 20182,
            "year": 2018,
            "quarter": 2,
            "eps": 1.41,
            "eps_growth_year": 176.47,
            "eps_4q": 3.17,
            "eps_4q_growth_year": 54.12,
            "roe": 4.89,
            "roe_4q": 11.129999999999999,
            "gross_profit": 1121462,
            "gross_margin": 21.73,
            "gross_margin_4q_avg": 17.5,
            "net_income": 395227,
            "net_income_4q": null,
            "revenue": 5161390,
            "revenue_4q": null,
            "common_shares": 2800000,
            "book_valuer_per_share": 28.74,
            "book_valuer_per_share_4q_avg": 28.54,
            "equity": 8078299,
            "current_ratio": 141.1,
            "debt_ratio": 51.59,
            "inventory_turnover_ratio": 1.83,
            "account_receivable_turnover_ratio": 0.94,
            "reinvestment_rate": -79.02,
            "research_to_sale_ratio": 4.15,
            "price_fair": 70.53,
            "eps_avg_yearly": 2.02,
            "eps_latest_yearly": 5.64,
            "eps_growth_yearly": 601.49
        },
        "20183": {
            "year_quarter": 20183,
            "year": 2018,
            "quarter": 3,
            "eps": 2.3,
            "eps_growth_year": 259.38,
            "eps_4q": 4.83,
            "eps_4q_growth_year": 133.85,
            "roe": 7.73,
            "roe_4q": 16.54,
            "gross_profit": 1528724,
            "gross_margin": 26.47,
            "gross_margin_4q_avg": 19.97,
            "net_income": 643438,
            "net_income_4q": null,
            "revenue": 5774493,
            "revenue_4q": null,
            "common_shares": 2800000,
            "book_valuer_per_share": 30.49,
            "book_valuer_per_share_4q_avg": 29.13,
            "equity": 8567417,
            "current_ratio": 145.51,
            "debt_ratio": 51.56,
            "inventory_turnover_ratio": 1.75,
            "account_receivable_turnover_ratio": 0.88,
            "reinvestment_rate": -60.4,
            "research_to_sale_ratio": 4.02,
            "price_fair": 88.55,
            "eps_avg_yearly": 2.53,
            "eps_latest_yearly": 9.2,
            "eps_growth_yearly": 604.78
        },
        "20184": {
            "year_quarter": 20184,
            "year": 2018,
            "quarter": 4,
            "eps": 1.22,
            "eps_growth_year": 97.72,
            "eps_4q": 5.43,
            "eps_4q_growth_year": 161.8,
            "roe": 3.84,
            "roe_4q": 18.21,
            "gross_profit": 1037395,
            "gross_margin": 20.04,
            "gross_margin_4q_avg": 20.98,
            "net_income": 346095,
            "net_income_4q": null,
            "revenue": 5176282,
            "revenue_4q": null,
            "common_shares": 2800000,
            "book_valuer_per_share": 31.82,
            "book_valuer_per_share_4q_avg": 29.95,
            "equity": 9442983,
            "current_ratio": 142.07,
            "debt_ratio": 50.55,
            "inventory_turnover_ratio": 1.61,
            "account_receivable_turnover_ratio": 0.76,
            "reinvestment_rate": -47.17,
            "research_to_sale_ratio": 4.06,
            "price_fair": 97.13,
            "eps_avg_yearly": 2.78,
            "eps_latest_yearly": 4.88,
            "eps_growth_yearly": 593.04
        },
        "20191": {
            "year_quarter": 20191,
            "year": 2019,
            "quarter": 1,
            "eps": 0.7,
            "eps_growth_year": 40,
            "eps_4q": 5.63,
            "eps_4q_growth_year": 148.07,
            "roe": 2.25,
            "roe_4q": 18.71,
            "gross_profit": 748182,
            "gross_margin": 18.6,
            "gross_margin_4q_avg": 21.71,
            "net_income": 215911,
            "net_income_4q": null,
            "revenue": 4023025,
            "revenue_4q": null,
            "common_shares": 2800000,
            "book_valuer_per_share": 32.84,
            "book_valuer_per_share_4q_avg": 30.97,
            "equity": 9745928,
            "current_ratio": 149.25,
            "debt_ratio": 46.05,
            "inventory_turnover_ratio": 1.29,
            "account_receivable_turnover_ratio": 0.7,
            "reinvestment_rate": -38.87,
            "research_to_sale_ratio": 4.55,
            "price_fair": 102.29,
            "eps_avg_yearly": 2.92,
            "eps_latest_yearly": 2.8,
            "eps_growth_yearly": 595.92
        },
        "20192": {
            "year_quarter": 20192,
            "year": 2019,
            "quarter": 2,
            "eps": 0.83,
            "eps_growth_year": -41.13,
            "eps_4q": 5.05,
            "eps_4q_growth_year": 59.42,
            "roe": 2.71,
            "roe_4q": 16.53,
            "gross_profit": 939902,
            "gross_margin": 18.77,
            "gross_margin_4q_avg": 20.97,
            "net_income": 260490,
            "net_income_4q": null,
            "revenue": 5008333,
            "revenue_4q": null,
            "common_shares": 2800000,
            "book_valuer_per_share": 30.18,
            "book_valuer_per_share_4q_avg": 31.33,
            "equity": 9503844,
            "current_ratio": 127.63,
            "debt_ratio": 53.28,
            "inventory_turnover_ratio": 1.53,
            "account_receivable_turnover_ratio": 0.92,
            "reinvestment_rate": -18.78,
            "research_to_sale_ratio": 4.09,
            "price_fair": 108.94,
            "eps_avg_yearly": 3.11,
            "eps_latest_yearly": 3.32,
            "eps_growth_yearly": 609.66
        },
        "20193": {
            "year_quarter": 20193,
            "year": 2019,
            "quarter": 3,
            "eps": 0.85,
            "eps_growth_year": -63.04,
            "eps_4q": 3.61,
            "eps_4q_growth_year": -25.26,
            "roe": 2.62,
            "roe_4q": 11.42,
            "gross_profit": 906464,
            "gross_margin": 18.28,
            "gross_margin_4q_avg": 18.92,
            "net_income": 250987,
            "net_income_4q": null,
            "revenue": 4959100,
            "revenue_4q": null,
            "common_shares": 2800000,
            "book_valuer_per_share": 30.76,
            "book_valuer_per_share_4q_avg": 31.4,
            "equity": 9665576,
            "current_ratio": 126.54,
            "debt_ratio": 53.99,
            "inventory_turnover_ratio": 1.41,
            "account_receivable_turnover_ratio": 0.83,
            "reinvestment_rate": -6.12,
            "research_to_sale_ratio": 3.6,
            "price_fair": 102.55,
            "eps_avg_yearly": 2.93,
            "eps_latest_yearly": 3.4,
            "eps_growth_yearly": 70.97
        },
        "20194": {
            "year_quarter": 20194,
            "year": 2019,
            "quarter": 4,
            "eps": 0.83,
            "eps_growth_year": -32.25,
            "eps_4q": 3.21,
            "eps_4q_growth_year": -40.8,
            "roe": 2.49,
            "roe_4q": 10.07,
            "gross_profit": 948566,
            "gross_margin": 18.43,
            "gross_margin_4q_avg": 18.52,
            "net_income": 242005,
            "net_income_4q": null,
            "revenue": 5146715,
            "revenue_4q": null,
            "common_shares": 2800000,
            "book_valuer_per_share": 31,
            "book_valuer_per_share_4q_avg": 31.2,
            "equity": 9767591,
            "current_ratio": 134.47,
            "debt_ratio": 53.24,
            "inventory_turnover_ratio": 1.41,
            "account_receivable_turnover_ratio": 0.87,
            "reinvestment_rate": 2.99,
            "research_to_sale_ratio": 3.61,
            "price_fair": 107.71,
            "eps_avg_yearly": 3.08,
            "eps_latest_yearly": 3.32,
            "eps_growth_yearly": 91.59
        },
        "20201": {
            "year_quarter": 20201,
            "year": 2020,
            "quarter": 1,
            "eps": 0.36,
            "eps_growth_year": -48.57,
            "eps_4q": 2.87,
            "eps_4q_growth_year": -49.06,
            "roe": 1.17,
            "roe_4q": 8.99,
            "gross_profit": 681279,
            "gross_margin": 16.57,
            "gross_margin_4q_avg": 18.01,
            "net_income": 110154,
            "net_income_4q": null,
            "revenue": 4111689,
            "revenue_4q": null,
            "common_shares": 2800000,
            "book_valuer_per_share": 28.02,
            "book_valuer_per_share_4q_avg": 29.99,
            "equity": 9013175,
            "current_ratio": 121.32,
            "debt_ratio": 53.84,
            "inventory_turnover_ratio": 1.12,
            "account_receivable_turnover_ratio": 0.76,
            "reinvestment_rate": 10.82,
            "research_to_sale_ratio": 4.02,
            "price_fair": 109.55,
            "eps_avg_yearly": 3.13,
            "eps_latest_yearly": 1.44,
            "eps_growth_yearly": 86.8
        },
        "20202": {
            "year_quarter": 20202,
            "year": 2020,
            "quarter": 2,
            "eps": 0.89,
            "eps_growth_year": 7.23,
            "eps_4q": 2.92,
            "eps_4q_growth_year": -42.13,
            "roe": 2.75,
            "roe_4q": 9.030000000000001,
            "gross_profit": 996643,
            "gross_margin": 17.4,
            "gross_margin_4q_avg": 17.67,
            "net_income": 250198,
            "net_income_4q": null,
            "revenue": 5726536,
            "revenue_4q": null,
            "common_shares": 2800000,
            "book_valuer_per_share": 28.98,
            "book_valuer_per_share_4q_avg": 29.69,
            "equity": 9168538,
            "current_ratio": 112.99,
            "debt_ratio": 57.02,
            "inventory_turnover_ratio": 1.45,
            "account_receivable_turnover_ratio": 1.01,
            "reinvestment_rate": 11.85,
            "research_to_sale_ratio": 3.51,
            "price_fair": 115.15,
            "eps_avg_yearly": 3.29,
            "eps_latest_yearly": 3.56,
            "eps_growth_yearly": 106.94
        },
        "20203": {
            "year_quarter": 20203,
            "year": 2020,
            "quarter": 3,
            "eps": 1.01,
            "eps_growth_year": 18.82,
            "eps_4q": 3.08,
            "eps_4q_growth_year": -14.69,
            "roe": 3.21,
            "roe_4q": 9.620000000000001,
            "gross_profit": 1065036,
            "gross_margin": 17.43,
            "gross_margin_4q_avg": 17.46,
            "net_income": 303232,
            "net_income_4q": null,
            "revenue": 6111052,
            "revenue_4q": null,
            "common_shares": 2800000,
            "book_valuer_per_share": 30.14,
            "book_valuer_per_share_4q_avg": 29.54,
            "equity": 9734380,
            "current_ratio": 121.54,
            "debt_ratio": 57.36,
            "inventory_turnover_ratio": 1.39,
            "account_receivable_turnover_ratio": 0.92,
            "reinvestment_rate": 17.96,
            "research_to_sale_ratio": 3.53,
            "price_fair": 118.74,
            "eps_avg_yearly": 3.39,
            "eps_latest_yearly": 4.04,
            "eps_growth_yearly": 75.31
        },
        "20204": {
            "year_quarter": 20204,
            "year": 2020,
            "quarter": 4,
            "eps": 0.98,
            "eps_growth_year": 18.15,
            "eps_4q": 3.23,
            "eps_4q_growth_year": 0.43,
            "roe": 2.85,
            "roe_4q": 9.98,
            "gross_profit": 1114618,
            "gross_margin": 17.42,
            "gross_margin_4q_avg": 17.21,
            "net_income": 289763,
            "net_income_4q": null,
            "revenue": 6400251,
            "revenue_4q": null,
            "common_shares": 2800000,
            "book_valuer_per_share": 32.83,
            "book_valuer_per_share_4q_avg": 29.99,
            "equity": 10579062,
            "current_ratio": 128.36,
            "debt_ratio": 56.41,
            "inventory_turnover_ratio": 1.3,
            "account_receivable_turnover_ratio": 0.93,
            "reinvestment_rate": 19.9,
            "research_to_sale_ratio": 3.52,
            "price_fair": 122.06,
            "eps_avg_yearly": 3.49,
            "eps_latest_yearly": 3.92,
            "eps_growth_yearly": 74.57
        },
        "20211": {
            "year_quarter": 20211,
            "year": 2021,
            "quarter": 1,
            "eps": 0.72,
            "eps_growth_year": 100,
            "eps_4q": 3.59,
            "eps_4q_growth_year": 25.02,
            "roe": 2.17,
            "roe_4q": 10.98,
            "gross_profit": 980544,
            "gross_margin": 16.35,
            "gross_margin_4q_avg": 17.15,
            "net_income": 225750,
            "net_income_4q": null,
            "revenue": 5995441,
            "revenue_4q": null,
            "common_shares": 2800000,
            "book_valuer_per_share": 31.84,
            "book_valuer_per_share_4q_avg": 30.95,
            "equity": 10251518,
            "current_ratio": 126.3,
            "debt_ratio": 58.61,
            "inventory_turnover_ratio": 1.05,
            "account_receivable_turnover_ratio": 0.89,
            "reinvestment_rate": 25.33,
            "research_to_sale_ratio": 3.52,
            "price_fair": 125.74,
            "eps_avg_yearly": 3.59,
            "eps_latest_yearly": 2.88,
            "eps_growth_yearly": 80.44
        },
        "20212": {
            "year_quarter": 20212,
            "year": 2021,
            "quarter": 2,
            "eps": 1.11,
            "eps_growth_year": 24.72,
            "eps_4q": 3.81,
            "eps_4q_growth_year": 30.29,
            "roe": 3.51,
            "roe_4q": 11.739999999999998,
            "gross_profit": 1304443,
            "gross_margin": 17.31,
            "gross_margin_4q_avg": 17.13,
            "net_income": 381354,
            "net_income_4q": null,
            "revenue": 7537554,
            "revenue_4q": null,
            "common_shares": 2800000,
            "book_valuer_per_share": 32.15,
            "book_valuer_per_share_4q_avg": 31.74,
            "equity": 11459963,
            "current_ratio": 123.18,
            "debt_ratio": 62.05,
            "inventory_turnover_ratio": 1.08,
            "account_receivable_turnover_ratio": 1.05,
            "reinvestment_rate": 46.76,
            "research_to_sale_ratio": 3.31,
            "price_fair": 130.99,
            "eps_avg_yearly": 3.74,
            "eps_latest_yearly": 4.44,
            "eps_growth_yearly": 76.48
        },
        "20213": {
            "year_quarter": 20213,
            "year": 2021,
            "quarter": 3,
            "eps": 1.08,
            "eps_growth_year": 6.93,
            "eps_4q": 3.89,
            "eps_4q_growth_year": 26.34,
            "roe": 2.91,
            "roe_4q": 11.44,
            "gross_profit": 1139992,
            "gross_margin": 16.37,
            "gross_margin_4q_avg": 16.86,
            "net_income": 336782,
            "net_income_4q": null,
            "revenue": 6962475,
            "revenue_4q": null,
            "common_shares": 2800000,
            "book_valuer_per_share": 32.87,
            "book_valuer_per_share_4q_avg": 32.42,
            "equity": 11697763,
            "current_ratio": 127.45,
            "debt_ratio": 61.63,
            "inventory_turnover_ratio": 0.83,
            "account_receivable_turnover_ratio": 0.93,
            "reinvestment_rate": 46.76,
            "research_to_sale_ratio": 3.41,
            "price_fair": 134.84,
            "eps_avg_yearly": 3.85,
            "eps_latest_yearly": 4.32,
            "eps_growth_yearly": 69.43
        },
        "20214": {
            "year_quarter": 20214,
            "year": 2021,
            "quarter": 4,
            "eps": 1.18,
            "eps_growth_year": 21.14,
            "eps_4q": 4.09,
            "eps_4q_growth_year": 26.86,
            "roe": 2.93,
            "roe_4q": 11.52,
            "gross_profit": 1246333,
            "gross_margin": 16.5,
            "gross_margin_4q_avg": 16.63,
            "net_income": 357736,
            "net_income_4q": null,
            "revenue": 7553266,
            "revenue_4q": null,
            "common_shares": 2800000,
            "book_valuer_per_share": 35.15,
            "book_valuer_per_share_4q_avg": 33,
            "equity": 12721337,
            "current_ratio": 130.49,
            "debt_ratio": 61.68,
            "inventory_turnover_ratio": 0.78,
            "account_receivable_turnover_ratio": 1,
            "reinvestment_rate": 64.38,
            "research_to_sale_ratio": 3.28,
            "price_fair": 139.74,
            "eps_avg_yearly": 3.99,
            "eps_latest_yearly": 4.72,
            "eps_growth_yearly": 72.53
        },
        "20221": {
            "year_quarter": 20221,
            "year": 2022,
            "quarter": 1,
            "eps": 0.89,
            "eps_growth_year": 23.61,
            "eps_4q": 4.26,
            "eps_4q_growth_year": 18.83,
            "roe": 2.29,
            "roe_4q": 11.64,
            "gross_profit": 1220494,
            "gross_margin": 16.46,
            "gross_margin_4q_avg": 16.66,
            "net_income": 289281,
            "net_income_4q": null,
            "revenue": 7415327,
            "revenue_4q": null,
            "common_shares": 2800000,
            "book_valuer_per_share": 34.43,
            "book_valuer_per_share_4q_avg": 33.65,
            "equity": 12499065,
            "current_ratio": 125.27,
            "debt_ratio": 63.44,
            "inventory_turnover_ratio": 0.71,
            "account_receivable_turnover_ratio": 0.93,
            "reinvestment_rate": 71,
            "research_to_sale_ratio": 3.5,
            "price_fair": 143.15,
            "eps_avg_yearly": 4.09,
            "eps_latest_yearly": 3.56,
            "eps_growth_yearly": 71.22
        },
        "20222": {
            "year_quarter": 20222,
            "year": 2022,
            "quarter": 2,
            "eps": 1.02,
            "eps_growth_year": -8.11,
            "eps_4q": 4.18,
            "eps_4q_growth_year": 9.64,
            "roe": 2.96,
            "roe_4q": 11.09,
            "gross_profit": 1331219,
            "gross_margin": 17.17,
            "gross_margin_4q_avg": 16.63,
            "net_income": 374245,
            "net_income_4q": null,
            "revenue": 7753690,
            "revenue_4q": null,
            "common_shares": 2800000,
            "book_valuer_per_share": 34.93,
            "book_valuer_per_share_4q_avg": 34.35,
            "equity": 12778116,
            "current_ratio": 128.47,
            "debt_ratio": 62.73,
            "inventory_turnover_ratio": 0.72,
            "account_receivable_turnover_ratio": 0.95,
            "reinvestment_rate": 80.34,
            "research_to_sale_ratio": 3.24,
            "price_fair": 139.74,
            "eps_avg_yearly": 3.99,
            "eps_latest_yearly": 4.08,
            "eps_growth_yearly": 29.38
        },
        "20223": {
            "year_quarter": 20223,
            "year": 2022,
            "quarter": 3,
            "eps": 1.21,
            "eps_growth_year": 12.04,
            "eps_4q": 4.3,
            "eps_4q_growth_year": 10.65,
            "roe": 3.3,
            "roe_4q": 11.48,
            "gross_profit": 1281719,
            "gross_margin": 16.93,
            "gross_margin_4q_avg": 16.77,
            "net_income": 431660,
            "net_income_4q": null,
            "revenue": 7572485,
            "revenue_4q": null,
            "common_shares": 2800000,
            "book_valuer_per_share": 36.84,
            "book_valuer_per_share_4q_avg": 35.34,
            "equity": 13372084,
            "current_ratio": 134.33,
            "debt_ratio": 61.06,
            "inventory_turnover_ratio": 0.72,
            "account_receivable_turnover_ratio": 0.91,
            "reinvestment_rate": 93.22,
            "research_to_sale_ratio": 3.28,
            "price_fair": 105.1,
            "eps_avg_yearly": 3.72,
            "eps_latest_yearly": 4.84,
            "eps_growth_yearly": 18.25
        },
        "20224": {
            "year_quarter": 20224,
            "year": 2022,
            "quarter": 4,
            "eps": 1.03,
            "eps_growth_year": -12.61,
            "eps_4q": 4.15,
            "eps_4q_growth_year": 1.42,
            "roe": 2.63,
            "roe_4q": 11.18,
            "gross_profit": 1177227,
            "gross_margin": 17.33,
            "gross_margin_4q_avg": 16.97,
            "net_income": 358634,
            "net_income_4q": null,
            "revenue": 6793751,
            "revenue_4q": null,
            "common_shares": 2800000,
            "book_valuer_per_share": 37.55,
            "book_valuer_per_share_4q_avg": 35.94,
            "equity": 13902721,
            "current_ratio": 148.44,
            "debt_ratio": 58.67,
            "inventory_turnover_ratio": 0.66,
            "account_receivable_turnover_ratio": 0.86,
            "reinvestment_rate": 81.42,
            "research_to_sale_ratio": 3.54,
            "price_fair": 128.54,
            "eps_avg_yearly": 3.67,
            "eps_latest_yearly": 4.12,
            "eps_growth_yearly": 26.27
        },
        "20231": {
            "year_quarter": 20231,
            "year": 2023,
            "quarter": 1,
            "eps": 0.51,
            "eps_growth_year": -42.7,
            "eps_4q": 3.78,
            "eps_4q_growth_year": -11.43,
            "roe": 1.62,
            "roe_4q": 10.51,
            "gross_profit": 1088075,
            "gross_margin": 18.13,
            "gross_margin_4q_avg": 17.39,
            "net_income": 221115,
            "net_income_4q": null,
            "revenue": 6000861,
            "revenue_4q": null,
            "common_shares": 2800000,
            "book_valuer_per_share": 35.59,
            "book_valuer_per_share_4q_avg": 36.23,
            "equity": 13330771,
            "current_ratio": 135.29,
            "debt_ratio": 61.63,
            "inventory_turnover_ratio": 0.6,
            "account_receivable_turnover_ratio": 0.83,
            "reinvestment_rate": 93.64,
            "research_to_sale_ratio": 3.96,
            "price_fair": 124.36,
            "eps_avg_yearly": 3.63,
            "eps_latest_yearly": 2.04,
            "eps_growth_yearly": 24.31
        },
        "20232": {
            "year_quarter": 20232,
            "year": 2023,
            "quarter": 2,
            "eps": 0.82,
            "eps_growth_year": -19.61,
            "eps_4q": 3.59,
            "eps_4q_growth_year": -13.96,
            "roe": 2.3,
            "roe_4q": 9.85,
            "gross_profit": 1207199,
            "gross_margin": 17.53,
            "gross_margin_4q_avg": 17.48,
            "net_income": 317589,
            "net_income_4q": null,
            "revenue": 6888338,
            "revenue_4q": null,
            "common_shares": 2800000,
            "book_valuer_per_share": 39.37,
            "book_valuer_per_share_4q_avg": 37.34,
            "equity": 14259841,
            "current_ratio": 133.3,
            "debt_ratio": 61.82,
            "inventory_turnover_ratio": 0.72,
            "account_receivable_turnover_ratio": 0.91,
            "reinvestment_rate": 88.72,
            "research_to_sale_ratio": 3.74,
            "price_fair": 126.79,
            "eps_avg_yearly": 3.62,
            "eps_latest_yearly": 3.28,
            "eps_growth_yearly": 34.86
        },
        "20233": {
            "year_quarter": 20233,
            "year": 2023,
            "quarter": 3,
            "eps": 3.86,
            "eps_growth_year": 219.01,
            "eps_4q": 6.24,
            "eps_4q_growth_year": 45.07,
            "roe": 7.68,
            "roe_4q": 14.23,
            "gross_profit": 1181131,
            "gross_margin": 17.26,
            "gross_margin_4q_avg": 17.56,
            "net_income": 1154040,
            "net_income_4q": null,
            "revenue": 6843507,
            "revenue_4q": null,
            "common_shares": 2800000,
            "book_valuer_per_share": 44.16,
            "book_valuer_per_share_4q_avg": 39.17,
            "equity": 15797546,
            "current_ratio": 147.34,
            "debt_ratio": 57.61,
            "inventory_turnover_ratio": 0.78,
            "account_receivable_turnover_ratio": 0.83,
            "reinvestment_rate": 74.26,
            "research_to_sale_ratio": 4.41,
            "price_fair": 153.13,
            "eps_avg_yearly": 4.38,
            "eps_latest_yearly": 15.44,
            "eps_growth_yearly": 126.94
        },
        "20234": {
            "year_quarter": 20234,
            "year": 2023,
            "quarter": 4,
            "eps": 0.74,
            "eps_growth_year": -28.48,
            "eps_4q": 5.94,
            "eps_4q_growth_year": 43.01,
            "roe": 1.29,
            "roe_4q": 12.89,
            "gross_profit": 1124386,
            "gross_margin": 18.56,
            "gross_margin_4q_avg": 17.87,
            "net_income": 204357,
            "net_income_4q": null,
            "revenue": 6058816,
            "revenue_4q": null,
            "common_shares": 2800000,
            "book_valuer_per_share": 43.91,
            "book_valuer_per_share_4q_avg": 40.76,
            "equity": 15769099,
            "current_ratio": 148.27,
            "debt_ratio": 54.79,
            "inventory_turnover_ratio": 0.76,
            "account_receivable_turnover_ratio": 0.77,
            "reinvestment_rate": 66.27,
            "research_to_sale_ratio": 4.13,
            "price_fair": 152.34,
            "eps_avg_yearly": 4.35,
            "eps_latest_yearly": 2.96,
            "eps_growth_yearly": 107.32
        }
    },
    "months": {
        "2005-12": {
            "month": "2005-12",
            "price": "70.77",
            "revenue": 836835
        },
        "2006-01": {
            "month": "2006-01",
            "price": "81.84",
            "revenue": 840293
        },
        "2006-02": {
            "month": "2006-02",
            "price": "130.13",
            "revenue": 759690
        },
        "2006-03": {
            "month": "2006-03",
            "price": "156.54",
            "revenue": 871355
        },
        "2006-04": {
            "month": "2006-04",
            "price": "167.53",
            "revenue": 687030
        },
        "2006-05": {
            "month": "2006-05",
            "price": "154.40",
            "revenue": 760558
        },
        "2006-06": {
            "month": "2006-06",
            "price": "123.94",
            "revenue": 768085
        },
        "2006-07": {
            "month": "2006-07",
            "price": "122.94",
            "revenue": 819339
        },
        "2006-08": {
            "month": "2006-08",
            "price": "135.31",
            "revenue": 1175907
        },
        "2006-09": {
            "month": "2006-09",
            "price": "143.10",
            "revenue": 1299267
        },
        "2006-10": {
            "month": "2006-10",
            "price": "131.23",
            "revenue": 1340336
        },
        "2006-11": {
            "month": "2006-11",
            "price": "109.63",
            "revenue": 1402636
        },
        "2006-12": {
            "month": "2006-12",
            "price": "94.96",
            "revenue": 1098063
        },
        "2007-01": {
            "month": "2007-01",
            "price": "104.99",
            "revenue": 1114680
        },
        "2007-02": {
            "month": "2007-02",
            "price": "114.84",
            "revenue": 886336
        },
        "2007-03": {
            "month": "2007-03",
            "price": "107.27",
            "revenue": 1135800
        },
        "2007-04": {
            "month": "2007-04",
            "price": "95.77",
            "revenue": 1169888
        },
        "2007-05": {
            "month": "2007-05",
            "price": "100.43",
            "revenue": 1165114
        },
        "2007-06": {
            "month": "2007-06",
            "price": "107.25",
            "revenue": 1242656
        },
        "2007-07": {
            "month": "2007-07",
            "price": "102.30",
            "revenue": 1338077
        },
        "2007-08": {
            "month": "2007-08",
            "price": "108.29",
            "revenue": 1506876
        },
        "2007-09": {
            "month": "2007-09",
            "price": "112.61",
            "revenue": 1594285
        },
        "2007-10": {
            "month": "2007-10",
            "price": "115.37",
            "revenue": 1670004
        },
        "2007-11": {
            "month": "2007-11",
            "price": "93.07",
            "revenue": 2793326
        },
        "2007-12": {
            "month": "2007-12",
            "price": "90.61",
            "revenue": 2401116
        },
        "2008-01": {
            "month": "2008-01",
            "price": "76.73",
            "revenue": 2467086
        },
        "2008-02": {
            "month": "2008-02",
            "price": "75.75",
            "revenue": 1894353
        },
        "2008-03": {
            "month": "2008-03",
            "price": "82.73",
            "revenue": 2225696
        },
        "2008-04": {
            "month": "2008-04",
            "price": "81.14",
            "revenue": 2056927
        },
        "2008-05": {
            "month": "2008-05",
            "price": "81.93",
            "revenue": 1980781
        },
        "2008-06": {
            "month": "2008-06",
            "price": "71.94",
            "revenue": 2049693
        },
        "2008-07": {
            "month": "2008-07",
            "price": "60.11",
            "revenue": 2535589
        },
        "2008-08": {
            "month": "2008-08",
            "price": "58.43",
            "revenue": 2661659
        },
        "2008-09": {
            "month": "2008-09",
            "price": "42.55",
            "revenue": 2771619
        },
        "2008-11": {
            "month": "2008-11",
            "price": "22.44",
            "revenue": 1972949
        },
        "2008-12": {
            "month": "2008-12",
            "price": "20.16",
            "revenue": 1649554
        },
        "2009-01": {
            "month": "2009-01",
            "price": "22.76",
            "revenue": 1633069
        },
        "2009-02": {
            "month": "2009-02",
            "price": "26.66",
            "revenue": 1801020
        },
        "2009-03": {
            "month": "2009-03",
            "price": "30.70",
            "revenue": 2514272
        },
        "2009-04": {
            "month": "2009-04",
            "price": "34.19",
            "revenue": 2416969
        },
        "2009-05": {
            "month": "2009-05",
            "price": "35.69",
            "revenue": 2272440
        },
        "2009-06": {
            "month": "2009-06",
            "price": "36.54",
            "revenue": 2462896
        },
        "2009-07": {
            "month": "2009-07",
            "price": "44.22",
            "revenue": 2634262
        },
        "2009-08": {
            "month": "2009-08",
            "price": "49.38",
            "revenue": 2516957
        },
        "2009-09": {
            "month": "2009-09",
            "price": "53.50",
            "revenue": 3014382
        },
        "2009-10": {
            "month": "2009-10",
            "price": "51.67",
            "revenue": 2820002
        },
        "2009-11": {
            "month": "2009-11",
            "price": "50.24",
            "revenue": 2610550
        },
        "2009-12": {
            "month": "2009-12",
            "price": "49.88",
            "revenue": 2635510
        },
        "2010-01": {
            "month": "2010-01",
            "price": "51.66",
            "revenue": 2541621
        },
        "2010-02": {
            "month": "2010-02",
            "price": "44.00",
            "revenue": 1905298
        },
        "2010-03": {
            "month": "2010-03",
            "price": "47.68",
            "revenue": 2710798
        },
        "2010-04": {
            "month": "2010-04",
            "price": "47.28",
            "revenue": 2835257
        },
        "2010-05": {
            "month": "2010-05",
            "price": "39.06",
            "revenue": 2863751
        },
        "2010-06": {
            "month": "2010-06",
            "price": "36.46",
            "revenue": 3013494
        },
        "2010-07": {
            "month": "2010-07",
            "price": "36.52",
            "revenue": 2502631
        },
        "2010-08": {
            "month": "2010-08",
            "price": "38.40",
            "revenue": 2168762
        },
        "2010-09": {
            "month": "2010-09",
            "price": "40.37",
            "revenue": 2410784
        },
        "2010-10": {
            "month": "2010-10",
            "price": "38.71",
            "revenue": 2321520
        },
        "2010-11": {
            "month": "2010-11",
            "price": "36.70",
            "revenue": 2168495
        },
        "2010-12": {
            "month": "2010-12",
            "price": "38.36",
            "revenue": 2198764
        },
        "2011-01": {
            "month": "2011-01",
            "price": "36.63",
            "revenue": 2178865
        },
        "2011-02": {
            "month": "2011-02",
            "price": "33.63",
            "revenue": 1659610
        },
        "2011-03": {
            "month": "2011-03",
            "price": "35.80",
            "revenue": 2285445
        },
        "2011-04": {
            "month": "2011-04",
            "price": "38.48",
            "revenue": 2119646
        },
        "2011-05": {
            "month": "2011-05",
            "price": "33.70",
            "revenue": 2319576
        },
        "2011-06": {
            "month": "2011-06",
            "price": "32.89",
            "revenue": 2224363
        },
        "2011-07": {
            "month": "2011-07",
            "price": "29.23",
            "revenue": 2476421
        },
        "2011-08": {
            "month": "2011-08",
            "price": "23.49",
            "revenue": 2386158
        },
        "2011-09": {
            "month": "2011-09",
            "price": "19.42",
            "revenue": 2533520
        },
        "2011-10": {
            "month": "2011-10",
            "price": "19.31",
            "revenue": 2404207
        },
        "2011-11": {
            "month": "2011-11",
            "price": "17.60",
            "revenue": 2311843
        },
        "2011-12": {
            "month": "2011-12",
            "price": "15.17",
            "revenue": 2464725
        },
        "2012-01": {
            "month": "2012-01",
            "price": "16.94",
            "revenue": 1939535
        },
        "2012-02": {
            "month": "2012-02",
            "price": "21.59",
            "revenue": 2001237
        },
        "2012-03": {
            "month": "2012-03",
            "price": "24.77",
            "revenue": 2232959
        },
        "2012-04": {
            "month": "2012-04",
            "price": "20.54",
            "revenue": 2307363
        },
        "2012-05": {
            "month": "2012-05",
            "price": "19.50",
            "revenue": 2271873
        },
        "2012-06": {
            "month": "2012-06",
            "price": "22.31",
            "revenue": 2224757
        },
        "2012-07": {
            "month": "2012-07",
            "price": "22.54",
            "revenue": 2115585
        },
        "2012-08": {
            "month": "2012-08",
            "price": "21.64",
            "revenue": 2117933
        },
        "2012-09": {
            "month": "2012-09",
            "price": "22.65",
            "revenue": 2509013
        },
        "2012-10": {
            "month": "2012-10",
            "price": "20.04",
            "revenue": 2353493
        },
        "2012-11": {
            "month": "2012-11",
            "price": "15.98",
            "revenue": 2116707
        },
        "2012-12": {
            "month": "2012-12",
            "price": "17.20",
            "revenue": 2116134
        },
        "2013-01": {
            "month": "2013-01",
            "price": "19.38",
            "revenue": 2404213
        },
        "2013-02": {
            "month": "2013-02",
            "price": "18.50",
            "revenue": 1733509
        },
        "2013-03": {
            "month": "2013-03",
            "price": "22.26",
            "revenue": 1917122
        },
        "2013-04": {
            "month": "2013-04",
            "price": "26.86",
            "revenue": 1885194
        },
        "2013-05": {
            "month": "2013-05",
            "price": "27.70",
            "revenue": 1903218
        },
        "2013-06": {
            "month": "2013-06",
            "price": "24.23",
            "revenue": 1948617
        },
        "2013-07": {
            "month": "2013-07",
            "price": "21.97",
            "revenue": 2035779
        },
        "2013-08": {
            "month": "2013-08",
            "price": "19.57",
            "revenue": 1927117
        },
        "2013-09": {
            "month": "2013-09",
            "price": "19.13",
            "revenue": 1965957
        },
        "2013-10": {
            "month": "2013-10",
            "price": "21.02",
            "revenue": 1872958
        },
        "2013-11": {
            "month": "2013-11",
            "price": "19.95",
            "revenue": 1934766
        },
        "2013-12": {
            "month": "2013-12",
            "price": "20.30",
            "revenue": 1973205
        },
        "2014-01": {
            "month": "2014-01",
            "price": "21.75",
            "revenue": 1701370
        },
        "2014-02": {
            "month": "2014-02",
            "price": "20.84",
            "revenue": 1377703
        },
        "2014-03": {
            "month": "2014-03",
            "price": "22.63",
            "revenue": 1765476
        },
        "2014-04": {
            "month": "2014-04",
            "price": "21.80",
            "revenue": 1835523
        },
        "2014-05": {
            "month": "2014-05",
            "price": "20.80",
            "revenue": 1673575
        },
        "2014-06": {
            "month": "2014-06",
            "price": "22.50",
            "revenue": 1843063
        },
        "2014-07": {
            "month": "2014-07",
            "price": "21.33",
            "revenue": 1728187
        },
        "2014-08": {
            "month": "2014-08",
            "price": "20.42",
            "revenue": 1824296
        },
        "2014-09": {
            "month": "2014-09",
            "price": "20.28",
            "revenue": 2002418
        },
        "2014-10": {
            "month": "2014-10",
            "price": "17.52",
            "revenue": 1892780
        },
        "2014-11": {
            "month": "2014-11",
            "price": "15.98",
            "revenue": 1953503
        },
        "2014-12": {
            "month": "2014-12",
            "price": "16.91",
            "revenue": 1933497
        },
        "2015-01": {
            "month": "2015-01",
            "price": "17.69",
            "revenue": 1863474
        },
        "2015-02": {
            "month": "2015-02",
            "price": "17.95",
            "revenue": 1481146
        },
        "2015-03": {
            "month": "2015-03",
            "price": "19.04",
            "revenue": 1840293
        },
        "2015-04": {
            "month": "2015-04",
            "price": "19.00",
            "revenue": 1735892
        },
        "2015-05": {
            "month": "2015-05",
            "price": "18.76",
            "revenue": 1595642
        },
        "2015-06": {
            "month": "2015-06",
            "price": "16.72",
            "revenue": 1560269
        },
        "2015-07": {
            "month": "2015-07",
            "price": "15.82",
            "revenue": 1553062
        },
        "2015-08": {
            "month": "2015-08",
            "price": "14.21",
            "revenue": 1588321
        },
        "2015-09": {
            "month": "2015-09",
            "price": "16.37",
            "revenue": 1658152
        },
        "2015-10": {
            "month": "2015-10",
            "price": "17.51",
            "revenue": 1678339
        },
        "2015-11": {
            "month": "2015-11",
            "price": "17.28",
            "revenue": 1608687
        },
        "2015-12": {
            "month": "2015-12",
            "price": "18.62",
            "revenue": 1495483
        },
        "2016-01": {
            "month": "2016-01",
            "price": "17.68",
            "revenue": 1461653
        },
        "2016-02": {
            "month": "2016-02",
            "price": "18.09",
            "revenue": 1080398
        },
        "2016-03": {
            "month": "2016-03",
            "price": "21.11",
            "revenue": 1525781
        },
        "2016-04": {
            "month": "2016-04",
            "price": "20.56",
            "revenue": 1510451
        },
        "2016-05": {
            "month": "2016-05",
            "price": "18.93",
            "revenue": 1515575
        },
        "2016-06": {
            "month": "2016-06",
            "price": "19.40",
            "revenue": 1690011
        },
        "2016-07": {
            "month": "2016-07",
            "price": "18.52",
            "revenue": 1625022
        },
        "2016-08": {
            "month": "2016-08",
            "price": "18.39",
            "revenue": 1751332
        },
        "2016-09": {
            "month": "2016-09",
            "price": "19.05",
            "revenue": 1777452
        },
        "2016-10": {
            "month": "2016-10",
            "price": "18.53",
            "revenue": 1657516
        },
        "2016-11": {
            "month": "2016-11",
            "price": "19.08",
            "revenue": 1552029
        },
        "2016-12": {
            "month": "2016-12",
            "price": "20.96",
            "revenue": 1532963
        },
        "2017-01": {
            "month": "2017-01",
            "price": "20.54",
            "revenue": 1249365
        },
        "2017-02": {
            "month": "2017-02",
            "price": "20.64",
            "revenue": 1158806
        },
        "2017-03": {
            "month": "2017-03",
            "price": "23.02",
            "revenue": 1367610
        },
        "2017-04": {
            "month": "2017-04",
            "price": "24.29",
            "revenue": 1384393
        },
        "2017-05": {
            "month": "2017-05",
            "price": "27.08",
            "revenue": 1492134
        },
        "2017-06": {
            "month": "2017-06",
            "price": "28.21",
            "revenue": 1672063
        },
        "2017-07": {
            "month": "2017-07",
            "price": "25.56",
            "revenue": 1520224
        },
        "2017-08": {
            "month": "2017-08",
            "price": "26.05",
            "revenue": 1533717
        },
        "2017-09": {
            "month": "2017-09",
            "price": "27.01",
            "revenue": 1622095
        },
        "2017-10": {
            "month": "2017-10",
            "price": "26.86",
            "revenue": 1503703
        },
        "2017-11": {
            "month": "2017-11",
            "price": "28.22",
            "revenue": 1556244
        },
        "2017-12": {
            "month": "2017-12",
            "price": "28.52",
            "revenue": 1604084
        },
        "2018-01": {
            "month": "2018-01",
            "price": "31.44",
            "revenue": 1387051
        },
        "2018-02": {
            "month": "2018-02",
            "price": "29.43",
            "revenue": 1114556
        },
        "2018-03": {
            "month": "2018-03",
            "price": "31.18",
            "revenue": 1499135
        },
        "2018-04": {
            "month": "2018-04",
            "price": "31.46",
            "revenue": 1630248
        },
        "2018-05": {
            "month": "2018-05",
            "price": "47.99",
            "revenue": 1760129
        },
        "2018-06": {
            "month": "2018-06",
            "price": "79.26",
            "revenue": 1771725
        },
        "2018-07": {
            "month": "2018-07",
            "price": "68.50",
            "revenue": 1876004
        },
        "2018-08": {
            "month": "2018-08",
            "price": "54.37",
            "revenue": 1948303
        },
        "2018-09": {
            "month": "2018-09",
            "price": "47.72",
            "revenue": 1950185
        },
        "2018-10": {
            "month": "2018-10",
            "price": "38.52",
            "revenue": 1766929
        },
        "2018-11": {
            "month": "2018-11",
            "price": "40.15",
            "revenue": 1772495
        },
        "2018-12": {
            "month": "2018-12",
            "price": "41.35",
            "revenue": 1634210
        },
        "2019-01": {
            "month": "2019-01",
            "price": "41.41",
            "revenue": 1536781
        },
        "2019-02": {
            "month": "2019-02",
            "price": "47.94",
            "revenue": 1085504
        },
        "2019-03": {
            "month": "2019-03",
            "price": "48.71",
            "revenue": 1400740
        },
        "2019-04": {
            "month": "2019-04",
            "price": "50.24",
            "revenue": 1592856
        },
        "2019-05": {
            "month": "2019-05",
            "price": "44.30",
            "revenue": 1694038
        },
        "2019-06": {
            "month": "2019-06",
            "price": "43.44",
            "revenue": 1723502
        },
        "2019-07": {
            "month": "2019-07",
            "price": "42.77",
            "revenue": 1694483
        },
        "2019-08": {
            "month": "2019-08",
            "price": "40.51",
            "revenue": 1578449
        },
        "2019-09": {
            "month": "2019-09",
            "price": "39.99",
            "revenue": 1684071
        },
        "2019-10": {
            "month": "2019-10",
            "price": "40.45",
            "revenue": 1753261
        },
        "2019-11": {
            "month": "2019-11",
            "price": "39.39",
            "revenue": 1679160
        },
        "2019-12": {
            "month": "2019-12",
            "price": "42.40",
            "revenue": 1725715
        },
        "2020-01": {
            "month": "2020-01",
            "price": "42.50",
            "revenue": 1379971
        },
        "2020-02": {
            "month": "2020-02",
            "price": "38.39",
            "revenue": 1076841
        },
        "2020-03": {
            "month": "2020-03",
            "price": "31.81",
            "revenue": 1654877
        },
        "2020-04": {
            "month": "2020-04",
            "price": "34.57",
            "revenue": 1811718
        },
        "2020-05": {
            "month": "2020-05",
            "price": "36.58",
            "revenue": 1955109
        },
        "2020-06": {
            "month": "2020-06",
            "price": "37.74",
            "revenue": 1959709
        },
        "2020-07": {
            "month": "2020-07",
            "price": "37.55",
            "revenue": 2031241
        },
        "2020-08": {
            "month": "2020-08",
            "price": "38.66",
            "revenue": 2019620
        },
        "2020-09": {
            "month": "2020-09",
            "price": "39.53",
            "revenue": 2060191
        },
        "2020-10": {
            "month": "2020-10",
            "price": "39.11",
            "revenue": 2125354
        },
        "2020-11": {
            "month": "2020-11",
            "price": "41.92",
            "revenue": 2130025
        },
        "2020-12": {
            "month": "2020-12",
            "price": "43.75",
            "revenue": 2160714
        },
        "2021-01": {
            "month": "2021-01",
            "price": "43.00",
            "revenue": 2081055
        },
        "2021-02": {
            "month": "2021-02",
            "price": "42.95",
            "revenue": 1728615
        },
        "2021-03": {
            "month": "2021-03",
            "price": "46.51",
            "revenue": 2190278
        },
        "2021-04": {
            "month": "2021-04",
            "price": "49.21",
            "revenue": 2525742
        },
        "2021-05": {
            "month": "2021-05",
            "price": "43.67",
            "revenue": 2414125
        },
        "2021-06": {
            "month": "2021-06",
            "price": "43.61",
            "revenue": 2593181
        },
        "2021-07": {
            "month": "2021-07",
            "price": "46.58",
            "revenue": 2452843
        },
        "2021-08": {
            "month": "2021-08",
            "price": "44.82",
            "revenue": 2263981
        },
        "2021-09": {
            "month": "2021-09",
            "price": "42.98",
            "revenue": 2245651
        },
        "2021-10": {
            "month": "2021-10",
            "price": "40.59",
            "revenue": 2324625
        },
        "2021-11": {
            "month": "2021-11",
            "price": "44.04",
            "revenue": 2698152
        },
        "2021-12": {
            "month": "2021-12",
            "price": "49.05",
            "revenue": 2469392
        },
        "2022-01": {
            "month": "2022-01",
            "price": "47.11",
            "revenue": 2576169
        },
        "2022-02": {
            "month": "2022-02",
            "price": "46.54",
            "revenue": 2086660
        },
        "2022-03": {
            "month": "2022-03",
            "price": "48.40",
            "revenue": 2752497
        },
        "2022-04": {
            "month": "2022-04",
            "price": "48.62",
            "revenue": 2478075
        },
        "2022-05": {
            "month": "2022-05",
            "price": "43.47",
            "revenue": 2477226
        },
        "2022-06": {
            "month": "2022-06",
            "price": "42.56",
            "revenue": 2798085
        },
        "2022-07": {
            "month": "2022-07",
            "price": "38.65",
            "revenue": 2446067
        },
        "2022-08": {
            "month": "2022-08",
            "price": "40.87",
            "revenue": 2612800
        },
        "2022-09": {
            "month": "2022-09",
            "price": "40.91",
            "revenue": 2513602
        },
        "2022-10": {
            "month": "2022-10",
            "price": "38.01",
            "revenue": 2427435
        },
        "2022-11": {
            "month": "2022-11",
            "price": "39.11",
            "revenue": 2092152
        },
        "2022-12": {
            "month": "2022-12",
            "price": "38.50",
            "revenue": 2355541
        },
        "2023-01": {
            "month": "2023-01",
            "price": "38.62",
            "revenue": 1890786
        },
        "2023-02": {
            "month": "2023-02",
            "price": "40.69",
            "revenue": 1835585
        },
        "2023-03": {
            "month": "2023-03",
            "price": "43.33",
            "revenue": 2274566
        },
        "2023-04": {
            "month": "2023-04",
            "price": "44.14",
            "revenue": 2105683
        },
        "2023-05": {
            "month": "2023-05",
            "price": "45.46",
            "revenue": 2383507
        },
        "2023-06": {
            "month": "2023-06",
            "price": "46.94",
            "revenue": 2399149
        },
        "2023-07": {
            "month": "2023-07",
            "price": "45.42",
            "revenue": 2297895
        },
        "2023-08": {
            "month": "2023-08",
            "price": "42.51",
            "revenue": 2219562
        },
        "2023-09": {
            "month": "2023-09",
            "price": "43.58",
            "revenue": 2326050
        },
        "2023-10": {
            "month": "2023-10",
            "price": "43.24",
            "revenue": 2200175
        },
        "2023-11": {
            "month": "2023-11",
            "price": "50.43",
            "revenue": 2038357
        },
        "2023-12": {
            "month": "2023-12",
            "price": "54.12",
            "revenue": 1878392
        }
    }
}
