{
    "summary": {
        "stock_name": "天宇",
        "stock_id": "8171",
        "category": "綠能環保",
        "main_business": "儲能<br>電池模組<br>行動電源,電芯,其他",
        "website_url": "http://http：//www.feii.com.tw",
        "ceo": "詹軍盛",
        "pe_ratio": -86,
        "report_year_from": 2001,
        "report_year_to": 2023,
        "age": 23,
        "eps_negative_percentage": 77,
        "eps_growth_avg": {
            "last_all": -100,
            "last_2y": -100,
            "last_4y": -100,
            "last_8y": -100,
            "last_12y": null,
            "last_16y": null,
            "last_20y": null,
            "at_2006_last_3y": null,
            "at_2007_last_3y": null,
            "at_2008_last_3y": null,
            "at_2009_last_3y": null,
            "at_2010_last_3y": null,
            "at_2011_last_3y": null,
            "at_2012_last_3y": null,
            "at_2013_last_3y": null,
            "at_2014_last_3y": null,
            "at_2015_last_3y": -100,
            "at_2016_last_3y": null,
            "at_2017_last_3y": null,
            "at_2018_last_3y": null,
            "at_2019_last_3y": null,
            "at_2020_last_3y": -100,
            "at_2021_last_3y": -100,
            "at_2022_last_3y": -100,
            "at_2023_last_3y": -100,
            "at_2024_last_3y": -100,
            "at_2006_last_all": null,
            "at_2007_last_all": null,
            "at_2008_last_all": null,
            "at_2009_last_all": null,
            "at_2010_last_all": null,
            "at_2011_last_all": null,
            "at_2012_last_all": null,
            "at_2013_last_all": -100,
            "at_2014_last_all": -100,
            "at_2015_last_all": -100,
            "at_2016_last_all": -100,
            "at_2017_last_all": -100,
            "at_2018_last_all": -100,
            "at_2019_last_all": -100,
            "at_2020_last_all": -100,
            "at_2021_last_all": -100,
            "at_2022_last_all": -100,
            "at_2023_last_all": -100,
            "at_2024_last_all": -100
        },
        "latest_eps": -0.48,
        "latest_price": 41.25,
        "latest_roe": -2.62,
        "latest_gross_margin": 19.42,
        "latest_equity": 1591877,
        "latest_revenue": 233658,
        "latest_gross_profit": 45383,
        "latest_net_income": -49424,
        "latest_debt_ratio": 34.34,
        "latest_current_ratio": 232.41,
        "latest_account_receivable_turnover_ratio": 0.62,
        "latest_inventory_turnover_ratio": 0.6,
        "latest_reinvestment_rate": null,
        "latest_research_to_sale_ratio": 4.94
    },
    "eps_dividends": {
        "2001": {
            "cash": 0,
            "stock": 0,
            "eps": 0
        },
        "2002": {
            "cash": 0,
            "stock": 0,
            "eps": 0
        },
        "2003": {
            "cash": 0,
            "stock": 0.2,
            "eps": 0
        },
        "2004": {
            "cash": 0,
            "stock": 0,
            "eps": 0
        },
        "2005": {
            "cash": 0,
            "stock": 0,
            "eps": 0
        },
        "2006": {
            "cash": 0,
            "stock": 0,
            "eps": 0
        },
        "2007": {
            "cash": 0,
            "stock": 0,
            "eps": 0
        },
        "2008": {
            "cash": 0,
            "stock": 0,
            "eps": 0
        },
        "2009": {
            "cash": 0,
            "stock": 0,
            "eps": 0
        },
        "2010": {
            "cash": 0,
            "stock": 0,
            "eps": 0
        },
        "2011": {
            "cash": 1.2,
            "stock": 0.24,
            "eps": 1.56
        },
        "2012": {
            "cash": 1.2,
            "stock": 0,
            "eps": -0.47
        },
        "2013": {
            "cash": 0,
            "stock": 0,
            "eps": -1.18
        },
        "2014": {
            "cash": 0,
            "stock": 0,
            "eps": -0.53
        },
        "2015": {
            "cash": 0,
            "stock": 0,
            "eps": -2.25
        },
        "2016": {
            "cash": 0,
            "stock": 0,
            "eps": -1.93
        },
        "2017": {
            "cash": 0,
            "stock": 0,
            "eps": -1.77
        },
        "2018": {
            "cash": 0,
            "stock": 0,
            "eps": -1.35
        },
        "2019": {
            "cash": 0,
            "stock": 0,
            "eps": 4.82
        },
        "2020": {
            "cash": 0.25,
            "stock": 0,
            "eps": -1.38
        },
        "2021": {
            "cash": 0,
            "stock": 0,
            "eps": -1.21
        },
        "2022": {
            "cash": 0,
            "stock": 0,
            "eps": 2.24
        },
        "2023": {
            "cash": 0.75,
            "stock": 0,
            "eps": -0.48
        }
    },
    "dividends": {
        "2003-04-23": {
            "cash": 0,
            "stock": 0.2
        },
        "2011-04-12": {
            "cash": 1.2,
            "stock": 0.24
        },
        "2012-06-01": {
            "cash": 1.2,
            "stock": 0
        },
        "2020-09-02": {
            "cash": 0.25,
            "stock": 0
        },
        "2023-08-23": {
            "cash": 0.75,
            "stock": 0
        }
    },
    "prices": {
        "200101": "無",
        "200102": "無",
        "200103": "無",
        "200104": "無",
        "200105": "無",
        "200106": "無",
        "200107": "無",
        "200108": "無",
        "200109": "無",
        "200110": "無",
        "200111": "無",
        "200112": "無",
        "200201": "無",
        "200202": "無",
        "200203": "無",
        "200204": "無",
        "200205": "無",
        "200206": "無",
        "200207": "無",
        "200208": "無",
        "200209": "無",
        "200210": "無",
        "200211": "無",
        "200212": "無",
        "200301": "無",
        "200302": "無",
        "200303": "無",
        "200304": "無",
        "200305": "無",
        "200306": "無",
        "200307": "無",
        "200308": "無",
        "200309": "無",
        "200310": "無",
        "200311": "無",
        "200312": "無",
        "200401": "無",
        "200402": "無",
        "200403": "無",
        "200404": "無",
        "200405": "無",
        "200406": "無",
        "200407": "無",
        "200408": "無",
        "200409": "無",
        "200410": "無",
        "200411": "無",
        "200412": "無",
        "200501": "無",
        "200502": "無",
        "200503": "無",
        "200504": "無",
        "200505": "無",
        "200506": "無",
        "200507": "無",
        "200508": "無",
        "200509": "無",
        "200510": "無",
        "200511": "無",
        "200512": "無",
        "200601": "無",
        "200602": "無",
        "200603": "無",
        "200604": "無",
        "200605": "無",
        "200606": "無",
        "200607": "無",
        "200608": "無",
        "200609": "無",
        "200610": "無",
        "200611": "無",
        "200612": "無",
        "200701": "無",
        "200702": "無",
        "200703": "無",
        "200704": "無",
        "200705": "無",
        "200706": "無",
        "200707": "無",
        "200708": "無",
        "200709": "無",
        "200710": "無",
        "200711": "無",
        "200712": "無",
        "200801": "無",
        "200802": "無",
        "200803": "無",
        "200804": "無",
        "200805": "無",
        "200806": "無",
        "200807": "無",
        "200808": "無",
        "200809": "無",
        "200810": "無",
        "200811": "無",
        "200812": "無",
        "200901": "無",
        "200902": "無",
        "200903": "無",
        "200904": "無",
        "200905": "無",
        "200906": "無",
        "200907": "無",
        "200908": "無",
        "200909": "無",
        "200910": "無",
        "200911": "無",
        "200912": "無",
        "201001": "無",
        "201002": "無",
        "201003": "無",
        "201004": "無",
        "201005": "無",
        "201006": "無",
        "201007": "無",
        "201008": "無",
        "201009": "無",
        "201010": "41.39",
        "201011": "40.07",
        "201012": "37.66",
        "201101": "41.38",
        "201102": "42.52",
        "201103": "46.42",
        "201104": "48.18",
        "201105": "47.30",
        "201106": "46.31",
        "201107": "44.58",
        "201108": "36.36",
        "201109": "32.70",
        "201110": "31.96",
        "201111": "30.81",
        "201112": "21.38",
        "201201": "18.78",
        "201202": "26.61",
        "201203": "26.06",
        "201204": "21.74",
        "201205": "20.93",
        "201206": "20.15",
        "201207": "18.47",
        "201208": "17.19",
        "201209": "17.35",
        "201210": "14.56",
        "201211": "13.03",
        "201212": "14.28",
        "201301": "14.54",
        "201302": "13.73",
        "201303": "13.43",
        "201304": "13.58",
        "201305": "13.98",
        "201306": "13.25",
        "201307": "11.99",
        "201308": "11.77",
        "201309": "12.30",
        "201310": "12.13",
        "201311": "11.46",
        "201312": "12.55",
        "201401": "17.12",
        "201402": "19.40",
        "201403": "22.83",
        "201404": "25.35",
        "201405": "27.58",
        "201406": "29.68",
        "201407": "25.69",
        "201408": "20.17",
        "201409": "18.77",
        "201410": "19.49",
        "201411": "17.97",
        "201412": "18.34",
        "201501": "19.45",
        "201502": "18.31",
        "201503": "17.58",
        "201504": "14.86",
        "201505": "12.18",
        "201506": "10.34",
        "201507": "9.16",
        "201508": "6.39",
        "201509": "7.95",
        "201510": "8.46",
        "201511": "8.93",
        "201512": "11.35",
        "201601": "10.35",
        "201602": "11.61",
        "201603": "12.53",
        "201604": "11.71",
        "201605": "10.85",
        "201606": "10.81",
        "201607": "10.98",
        "201608": "11.23",
        "201609": "11.22",
        "201610": "9.73",
        "201611": "8.43",
        "201612": "8.70",
        "201701": "9.08",
        "201702": "11.29",
        "201703": "10.97",
        "201704": "10.49",
        "201705": "9.42",
        "201706": "9.25",
        "201707": "9.03",
        "201708": "8.40",
        "201709": "8.48",
        "201710": "8.91",
        "201711": "12.66",
        "201712": "18.28",
        "201801": "13.29",
        "201802": "12.25",
        "201803": "12.27",
        "201804": "10.51",
        "201805": "8.63",
        "201806": "9.70",
        "201807": "9.12",
        "201808": "9.11",
        "201809": "10.66",
        "201810": "10.21",
        "201811": "9.85",
        "201812": "10.15",
        "201901": "10.93",
        "201902": "11.18",
        "201903": "12.63",
        "201904": "11.26",
        "201905": "10.19",
        "201906": "10.06",
        "201907": "10.11",
        "201908": "11.28",
        "201909": "11.94",
        "201910": "11.25",
        "201911": "11.09",
        "201912": "11.60",
        "202001": "10.98",
        "202002": "10.93",
        "202003": "11.49",
        "202004": "11.02",
        "202005": "14.37",
        "202006": "15.42",
        "202007": "19.44",
        "202008": "26.79",
        "202009": "38.12",
        "202010": "35.41",
        "202011": "39.36",
        "202012": "45.59",
        "202101": "43.96",
        "202102": "49.38",
        "202103": "56.92",
        "202104": "61.35",
        "202105": "53.85",
        "202106": "51.72",
        "202107": "62.33",
        "202108": "55.86",
        "202109": "52.73",
        "202110": "46.20",
        "202111": "50.94",
        "202112": "54.72",
        "202201": "49.72",
        "202202": "48.87",
        "202203": "50.49",
        "202204": "51.14",
        "202205": "49.92",
        "202206": "47.93",
        "202207": "38.92",
        "202208": "38.77",
        "202209": "39.02",
        "202210": "37.01",
        "202211": "41.42",
        "202212": "48.57",
        "202301": "54.98",
        "202302": "61.47",
        "202303": "63.53",
        "202304": "59.55",
        "202305": "55.50",
        "202306": "50.47",
        "202307": "45.15",
        "202308": "39.23",
        "202309": "39.53",
        "202310": "39.96",
        "202311": "41.29",
        "202312": "41.15",
        "202401": "39.44",
        "202402": "39.75",
        "202403": "41.06",
        "202404": "無"
    },
    "quarters": {
        "20011": {
            "year_quarter": 20011,
            "year": 2001,
            "quarter": 1,
            "eps": null,
            "eps_growth_year": null,
            "eps_4q": null,
            "eps_4q_growth_year": null,
            "roe": null,
            "roe_4q": 0,
            "gross_profit": null,
            "gross_margin": null,
            "gross_margin_4q_avg": 0,
            "net_income": null,
            "net_income_4q": null,
            "revenue": null,
            "revenue_4q": null,
            "common_shares": null,
            "book_valuer_per_share": null,
            "book_valuer_per_share_4q_avg": 0,
            "equity": null,
            "current_ratio": null,
            "debt_ratio": null,
            "inventory_turnover_ratio": null,
            "account_receivable_turnover_ratio": null,
            "reinvestment_rate": null,
            "research_to_sale_ratio": null,
            "price_fair": 0,
            "eps_avg_yearly": 0,
            "eps_latest_yearly": 0,
            "eps_growth_yearly": 0
        },
        "20012": {
            "year_quarter": 20012,
            "year": 2001,
            "quarter": 2,
            "eps": null,
            "eps_growth_year": null,
            "eps_4q": null,
            "eps_4q_growth_year": null,
            "roe": null,
            "roe_4q": 0,
            "gross_profit": null,
            "gross_margin": null,
            "gross_margin_4q_avg": 0,
            "net_income": null,
            "net_income_4q": null,
            "revenue": null,
            "revenue_4q": null,
            "common_shares": null,
            "book_valuer_per_share": null,
            "book_valuer_per_share_4q_avg": 0,
            "equity": null,
            "current_ratio": null,
            "debt_ratio": null,
            "inventory_turnover_ratio": null,
            "account_receivable_turnover_ratio": null,
            "reinvestment_rate": null,
            "research_to_sale_ratio": null,
            "price_fair": 0,
            "eps_avg_yearly": 0,
            "eps_latest_yearly": 0,
            "eps_growth_yearly": 0
        },
        "20013": {
            "year_quarter": 20013,
            "year": 2001,
            "quarter": 3,
            "eps": null,
            "eps_growth_year": null,
            "eps_4q": null,
            "eps_4q_growth_year": null,
            "roe": null,
            "roe_4q": 0,
            "gross_profit": null,
            "gross_margin": null,
            "gross_margin_4q_avg": 0,
            "net_income": null,
            "net_income_4q": null,
            "revenue": null,
            "revenue_4q": null,
            "common_shares": null,
            "book_valuer_per_share": null,
            "book_valuer_per_share_4q_avg": 0,
            "equity": null,
            "current_ratio": null,
            "debt_ratio": null,
            "inventory_turnover_ratio": null,
            "account_receivable_turnover_ratio": null,
            "reinvestment_rate": null,
            "research_to_sale_ratio": null,
            "price_fair": 0,
            "eps_avg_yearly": 0,
            "eps_latest_yearly": 0,
            "eps_growth_yearly": 0
        },
        "20014": {
            "year_quarter": 20014,
            "year": 2001,
            "quarter": 4,
            "eps": null,
            "eps_growth_year": null,
            "eps_4q": null,
            "eps_4q_growth_year": null,
            "roe": null,
            "roe_4q": 0,
            "gross_profit": null,
            "gross_margin": null,
            "gross_margin_4q_avg": 0,
            "net_income": null,
            "net_income_4q": null,
            "revenue": null,
            "revenue_4q": null,
            "common_shares": 400000,
            "book_valuer_per_share": 7.63,
            "book_valuer_per_share_4q_avg": 1.91,
            "equity": 305083,
            "current_ratio": 111.87,
            "debt_ratio": 62.49,
            "inventory_turnover_ratio": null,
            "account_receivable_turnover_ratio": null,
            "reinvestment_rate": null,
            "research_to_sale_ratio": null,
            "price_fair": 0,
            "eps_avg_yearly": 0,
            "eps_latest_yearly": 0,
            "eps_growth_yearly": 0
        },
        "20021": {
            "year_quarter": 20021,
            "year": 2002,
            "quarter": 1,
            "eps": null,
            "eps_growth_year": null,
            "eps_4q": null,
            "eps_4q_growth_year": null,
            "roe": null,
            "roe_4q": 0,
            "gross_profit": null,
            "gross_margin": null,
            "gross_margin_4q_avg": 0,
            "net_income": null,
            "net_income_4q": null,
            "revenue": null,
            "revenue_4q": null,
            "common_shares": null,
            "book_valuer_per_share": null,
            "book_valuer_per_share_4q_avg": 1.91,
            "equity": null,
            "current_ratio": null,
            "debt_ratio": null,
            "inventory_turnover_ratio": null,
            "account_receivable_turnover_ratio": null,
            "reinvestment_rate": null,
            "research_to_sale_ratio": null,
            "price_fair": 0,
            "eps_avg_yearly": 0,
            "eps_latest_yearly": 0,
            "eps_growth_yearly": 0
        },
        "20022": {
            "year_quarter": 20022,
            "year": 2002,
            "quarter": 2,
            "eps": null,
            "eps_growth_year": null,
            "eps_4q": null,
            "eps_4q_growth_year": null,
            "roe": null,
            "roe_4q": 0,
            "gross_profit": null,
            "gross_margin": null,
            "gross_margin_4q_avg": 0,
            "net_income": null,
            "net_income_4q": null,
            "revenue": null,
            "revenue_4q": null,
            "common_shares": null,
            "book_valuer_per_share": null,
            "book_valuer_per_share_4q_avg": 1.91,
            "equity": null,
            "current_ratio": null,
            "debt_ratio": null,
            "inventory_turnover_ratio": null,
            "account_receivable_turnover_ratio": null,
            "reinvestment_rate": null,
            "research_to_sale_ratio": null,
            "price_fair": 0,
            "eps_avg_yearly": 0,
            "eps_latest_yearly": 0,
            "eps_growth_yearly": 0
        },
        "20023": {
            "year_quarter": 20023,
            "year": 2002,
            "quarter": 3,
            "eps": null,
            "eps_growth_year": null,
            "eps_4q": null,
            "eps_4q_growth_year": null,
            "roe": null,
            "roe_4q": 0,
            "gross_profit": null,
            "gross_margin": null,
            "gross_margin_4q_avg": 0,
            "net_income": null,
            "net_income_4q": null,
            "revenue": null,
            "revenue_4q": null,
            "common_shares": null,
            "book_valuer_per_share": null,
            "book_valuer_per_share_4q_avg": 1.91,
            "equity": null,
            "current_ratio": null,
            "debt_ratio": null,
            "inventory_turnover_ratio": null,
            "account_receivable_turnover_ratio": null,
            "reinvestment_rate": null,
            "research_to_sale_ratio": null,
            "price_fair": 0,
            "eps_avg_yearly": 0,
            "eps_latest_yearly": 0,
            "eps_growth_yearly": 0
        },
        "20024": {
            "year_quarter": 20024,
            "year": 2002,
            "quarter": 4,
            "eps": null,
            "eps_growth_year": null,
            "eps_4q": null,
            "eps_4q_growth_year": null,
            "roe": null,
            "roe_4q": 0,
            "gross_profit": null,
            "gross_margin": null,
            "gross_margin_4q_avg": 0,
            "net_income": null,
            "net_income_4q": null,
            "revenue": null,
            "revenue_4q": null,
            "common_shares": 300000,
            "book_valuer_per_share": 11.25,
            "book_valuer_per_share_4q_avg": 2.81,
            "equity": 337455,
            "current_ratio": 114.34,
            "debt_ratio": 65.83,
            "inventory_turnover_ratio": null,
            "account_receivable_turnover_ratio": null,
            "reinvestment_rate": null,
            "research_to_sale_ratio": null,
            "price_fair": 0,
            "eps_avg_yearly": 0,
            "eps_latest_yearly": 0,
            "eps_growth_yearly": 0
        },
        "20031": {
            "year_quarter": 20031,
            "year": 2003,
            "quarter": 1,
            "eps": null,
            "eps_growth_year": null,
            "eps_4q": null,
            "eps_4q_growth_year": null,
            "roe": null,
            "roe_4q": 0,
            "gross_profit": null,
            "gross_margin": null,
            "gross_margin_4q_avg": 0,
            "net_income": null,
            "net_income_4q": null,
            "revenue": null,
            "revenue_4q": null,
            "common_shares": null,
            "book_valuer_per_share": null,
            "book_valuer_per_share_4q_avg": 2.81,
            "equity": null,
            "current_ratio": null,
            "debt_ratio": null,
            "inventory_turnover_ratio": null,
            "account_receivable_turnover_ratio": null,
            "reinvestment_rate": null,
            "research_to_sale_ratio": null,
            "price_fair": 0,
            "eps_avg_yearly": 0,
            "eps_latest_yearly": 0,
            "eps_growth_yearly": 0
        },
        "20032": {
            "year_quarter": 20032,
            "year": 2003,
            "quarter": 2,
            "eps": null,
            "eps_growth_year": null,
            "eps_4q": null,
            "eps_4q_growth_year": null,
            "roe": null,
            "roe_4q": 0,
            "gross_profit": null,
            "gross_margin": null,
            "gross_margin_4q_avg": 0,
            "net_income": null,
            "net_income_4q": null,
            "revenue": null,
            "revenue_4q": null,
            "common_shares": null,
            "book_valuer_per_share": null,
            "book_valuer_per_share_4q_avg": 2.81,
            "equity": null,
            "current_ratio": null,
            "debt_ratio": null,
            "inventory_turnover_ratio": null,
            "account_receivable_turnover_ratio": null,
            "reinvestment_rate": null,
            "research_to_sale_ratio": null,
            "price_fair": 0,
            "eps_avg_yearly": 0,
            "eps_latest_yearly": 0,
            "eps_growth_yearly": 0
        },
        "20033": {
            "year_quarter": 20033,
            "year": 2003,
            "quarter": 3,
            "eps": null,
            "eps_growth_year": null,
            "eps_4q": null,
            "eps_4q_growth_year": null,
            "roe": null,
            "roe_4q": 0,
            "gross_profit": null,
            "gross_margin": null,
            "gross_margin_4q_avg": 0,
            "net_income": null,
            "net_income_4q": null,
            "revenue": null,
            "revenue_4q": null,
            "common_shares": null,
            "book_valuer_per_share": null,
            "book_valuer_per_share_4q_avg": 2.81,
            "equity": null,
            "current_ratio": null,
            "debt_ratio": null,
            "inventory_turnover_ratio": null,
            "account_receivable_turnover_ratio": null,
            "reinvestment_rate": null,
            "research_to_sale_ratio": null,
            "price_fair": 0,
            "eps_avg_yearly": 0,
            "eps_latest_yearly": 0,
            "eps_growth_yearly": 0
        },
        "20034": {
            "year_quarter": 20034,
            "year": 2003,
            "quarter": 4,
            "eps": null,
            "eps_growth_year": null,
            "eps_4q": null,
            "eps_4q_growth_year": null,
            "roe": null,
            "roe_4q": 0,
            "gross_profit": null,
            "gross_margin": null,
            "gross_margin_4q_avg": 0,
            "net_income": null,
            "net_income_4q": null,
            "revenue": null,
            "revenue_4q": null,
            "common_shares": null,
            "book_valuer_per_share": null,
            "book_valuer_per_share_4q_avg": 0,
            "equity": null,
            "current_ratio": null,
            "debt_ratio": null,
            "inventory_turnover_ratio": null,
            "account_receivable_turnover_ratio": null,
            "reinvestment_rate": null,
            "research_to_sale_ratio": null,
            "price_fair": 0,
            "eps_avg_yearly": 0,
            "eps_latest_yearly": 0,
            "eps_growth_yearly": 0
        },
        "20041": {
            "year_quarter": 20041,
            "year": 2004,
            "quarter": 1,
            "eps": null,
            "eps_growth_year": null,
            "eps_4q": null,
            "eps_4q_growth_year": null,
            "roe": null,
            "roe_4q": 0,
            "gross_profit": null,
            "gross_margin": null,
            "gross_margin_4q_avg": 0,
            "net_income": null,
            "net_income_4q": null,
            "revenue": null,
            "revenue_4q": null,
            "common_shares": null,
            "book_valuer_per_share": null,
            "book_valuer_per_share_4q_avg": 0,
            "equity": null,
            "current_ratio": null,
            "debt_ratio": null,
            "inventory_turnover_ratio": null,
            "account_receivable_turnover_ratio": null,
            "reinvestment_rate": null,
            "research_to_sale_ratio": null,
            "price_fair": 0,
            "eps_avg_yearly": 0,
            "eps_latest_yearly": 0,
            "eps_growth_yearly": 0
        },
        "20042": {
            "year_quarter": 20042,
            "year": 2004,
            "quarter": 2,
            "eps": null,
            "eps_growth_year": null,
            "eps_4q": null,
            "eps_4q_growth_year": null,
            "roe": null,
            "roe_4q": 0,
            "gross_profit": null,
            "gross_margin": null,
            "gross_margin_4q_avg": 0,
            "net_income": null,
            "net_income_4q": null,
            "revenue": null,
            "revenue_4q": null,
            "common_shares": null,
            "book_valuer_per_share": null,
            "book_valuer_per_share_4q_avg": 0,
            "equity": null,
            "current_ratio": null,
            "debt_ratio": null,
            "inventory_turnover_ratio": null,
            "account_receivable_turnover_ratio": null,
            "reinvestment_rate": null,
            "research_to_sale_ratio": null,
            "price_fair": 0,
            "eps_avg_yearly": 0,
            "eps_latest_yearly": 0,
            "eps_growth_yearly": 0
        },
        "20043": {
            "year_quarter": 20043,
            "year": 2004,
            "quarter": 3,
            "eps": null,
            "eps_growth_year": null,
            "eps_4q": null,
            "eps_4q_growth_year": null,
            "roe": null,
            "roe_4q": 0,
            "gross_profit": null,
            "gross_margin": null,
            "gross_margin_4q_avg": 0,
            "net_income": null,
            "net_income_4q": null,
            "revenue": null,
            "revenue_4q": null,
            "common_shares": null,
            "book_valuer_per_share": null,
            "book_valuer_per_share_4q_avg": 0,
            "equity": null,
            "current_ratio": null,
            "debt_ratio": null,
            "inventory_turnover_ratio": null,
            "account_receivable_turnover_ratio": null,
            "reinvestment_rate": null,
            "research_to_sale_ratio": null,
            "price_fair": 0,
            "eps_avg_yearly": 0,
            "eps_latest_yearly": 0,
            "eps_growth_yearly": 0
        },
        "20044": {
            "year_quarter": 20044,
            "year": 2004,
            "quarter": 4,
            "eps": null,
            "eps_growth_year": null,
            "eps_4q": null,
            "eps_4q_growth_year": null,
            "roe": null,
            "roe_4q": 0,
            "gross_profit": null,
            "gross_margin": null,
            "gross_margin_4q_avg": 0,
            "net_income": null,
            "net_income_4q": null,
            "revenue": null,
            "revenue_4q": null,
            "common_shares": null,
            "book_valuer_per_share": null,
            "book_valuer_per_share_4q_avg": 0,
            "equity": null,
            "current_ratio": null,
            "debt_ratio": null,
            "inventory_turnover_ratio": null,
            "account_receivable_turnover_ratio": null,
            "reinvestment_rate": null,
            "research_to_sale_ratio": null,
            "price_fair": 0,
            "eps_avg_yearly": 0,
            "eps_latest_yearly": 0,
            "eps_growth_yearly": 0
        },
        "20051": {
            "year_quarter": 20051,
            "year": 2005,
            "quarter": 1,
            "eps": null,
            "eps_growth_year": null,
            "eps_4q": null,
            "eps_4q_growth_year": null,
            "roe": null,
            "roe_4q": 0,
            "gross_profit": null,
            "gross_margin": null,
            "gross_margin_4q_avg": 0,
            "net_income": null,
            "net_income_4q": null,
            "revenue": null,
            "revenue_4q": null,
            "common_shares": null,
            "book_valuer_per_share": null,
            "book_valuer_per_share_4q_avg": 0,
            "equity": null,
            "current_ratio": null,
            "debt_ratio": null,
            "inventory_turnover_ratio": null,
            "account_receivable_turnover_ratio": null,
            "reinvestment_rate": null,
            "research_to_sale_ratio": null,
            "price_fair": 0,
            "eps_avg_yearly": 0,
            "eps_latest_yearly": 0,
            "eps_growth_yearly": 0
        },
        "20052": {
            "year_quarter": 20052,
            "year": 2005,
            "quarter": 2,
            "eps": null,
            "eps_growth_year": null,
            "eps_4q": null,
            "eps_4q_growth_year": null,
            "roe": null,
            "roe_4q": 0,
            "gross_profit": null,
            "gross_margin": null,
            "gross_margin_4q_avg": 0,
            "net_income": null,
            "net_income_4q": null,
            "revenue": null,
            "revenue_4q": null,
            "common_shares": null,
            "book_valuer_per_share": null,
            "book_valuer_per_share_4q_avg": 0,
            "equity": null,
            "current_ratio": null,
            "debt_ratio": null,
            "inventory_turnover_ratio": null,
            "account_receivable_turnover_ratio": null,
            "reinvestment_rate": null,
            "research_to_sale_ratio": null,
            "price_fair": 0,
            "eps_avg_yearly": 0,
            "eps_latest_yearly": 0,
            "eps_growth_yearly": 0
        },
        "20053": {
            "year_quarter": 20053,
            "year": 2005,
            "quarter": 3,
            "eps": null,
            "eps_growth_year": null,
            "eps_4q": null,
            "eps_4q_growth_year": null,
            "roe": null,
            "roe_4q": 0,
            "gross_profit": null,
            "gross_margin": null,
            "gross_margin_4q_avg": 0,
            "net_income": null,
            "net_income_4q": null,
            "revenue": null,
            "revenue_4q": null,
            "common_shares": null,
            "book_valuer_per_share": null,
            "book_valuer_per_share_4q_avg": 0,
            "equity": null,
            "current_ratio": null,
            "debt_ratio": null,
            "inventory_turnover_ratio": null,
            "account_receivable_turnover_ratio": null,
            "reinvestment_rate": null,
            "research_to_sale_ratio": null,
            "price_fair": 0,
            "eps_avg_yearly": 0,
            "eps_latest_yearly": 0,
            "eps_growth_yearly": 0
        },
        "20054": {
            "year_quarter": 20054,
            "year": 2005,
            "quarter": 4,
            "eps": null,
            "eps_growth_year": null,
            "eps_4q": null,
            "eps_4q_growth_year": null,
            "roe": null,
            "roe_4q": 0,
            "gross_profit": null,
            "gross_margin": null,
            "gross_margin_4q_avg": 0,
            "net_income": null,
            "net_income_4q": null,
            "revenue": null,
            "revenue_4q": null,
            "common_shares": 300000,
            "book_valuer_per_share": 3.67,
            "book_valuer_per_share_4q_avg": 0.92,
            "equity": 110085,
            "current_ratio": 74.04,
            "debt_ratio": 81.62,
            "inventory_turnover_ratio": null,
            "account_receivable_turnover_ratio": null,
            "reinvestment_rate": null,
            "research_to_sale_ratio": null,
            "price_fair": 0,
            "eps_avg_yearly": 0,
            "eps_latest_yearly": 0,
            "eps_growth_yearly": 0
        },
        "20061": {
            "year_quarter": 20061,
            "year": 2006,
            "quarter": 1,
            "eps": null,
            "eps_growth_year": null,
            "eps_4q": null,
            "eps_4q_growth_year": null,
            "roe": null,
            "roe_4q": 0,
            "gross_profit": null,
            "gross_margin": null,
            "gross_margin_4q_avg": 0,
            "net_income": null,
            "net_income_4q": null,
            "revenue": null,
            "revenue_4q": null,
            "common_shares": null,
            "book_valuer_per_share": null,
            "book_valuer_per_share_4q_avg": 0.92,
            "equity": null,
            "current_ratio": null,
            "debt_ratio": null,
            "inventory_turnover_ratio": null,
            "account_receivable_turnover_ratio": null,
            "reinvestment_rate": null,
            "research_to_sale_ratio": null,
            "price_fair": 0,
            "eps_avg_yearly": 0,
            "eps_latest_yearly": 0,
            "eps_growth_yearly": 0
        },
        "20062": {
            "year_quarter": 20062,
            "year": 2006,
            "quarter": 2,
            "eps": null,
            "eps_growth_year": null,
            "eps_4q": null,
            "eps_4q_growth_year": null,
            "roe": null,
            "roe_4q": 0,
            "gross_profit": null,
            "gross_margin": null,
            "gross_margin_4q_avg": 0,
            "net_income": null,
            "net_income_4q": null,
            "revenue": null,
            "revenue_4q": null,
            "common_shares": null,
            "book_valuer_per_share": null,
            "book_valuer_per_share_4q_avg": 0.92,
            "equity": null,
            "current_ratio": null,
            "debt_ratio": null,
            "inventory_turnover_ratio": null,
            "account_receivable_turnover_ratio": null,
            "reinvestment_rate": null,
            "research_to_sale_ratio": null,
            "price_fair": 0,
            "eps_avg_yearly": 0,
            "eps_latest_yearly": 0,
            "eps_growth_yearly": 0
        },
        "20063": {
            "year_quarter": 20063,
            "year": 2006,
            "quarter": 3,
            "eps": null,
            "eps_growth_year": null,
            "eps_4q": null,
            "eps_4q_growth_year": null,
            "roe": null,
            "roe_4q": 0,
            "gross_profit": null,
            "gross_margin": null,
            "gross_margin_4q_avg": 0,
            "net_income": null,
            "net_income_4q": null,
            "revenue": null,
            "revenue_4q": null,
            "common_shares": null,
            "book_valuer_per_share": null,
            "book_valuer_per_share_4q_avg": 0.92,
            "equity": null,
            "current_ratio": null,
            "debt_ratio": null,
            "inventory_turnover_ratio": null,
            "account_receivable_turnover_ratio": null,
            "reinvestment_rate": null,
            "research_to_sale_ratio": null,
            "price_fair": 0,
            "eps_avg_yearly": 0,
            "eps_latest_yearly": 0,
            "eps_growth_yearly": 0
        },
        "20064": {
            "year_quarter": 20064,
            "year": 2006,
            "quarter": 4,
            "eps": null,
            "eps_growth_year": null,
            "eps_4q": null,
            "eps_4q_growth_year": null,
            "roe": null,
            "roe_4q": 0,
            "gross_profit": null,
            "gross_margin": null,
            "gross_margin_4q_avg": 0,
            "net_income": null,
            "net_income_4q": null,
            "revenue": null,
            "revenue_4q": null,
            "common_shares": 300000,
            "book_valuer_per_share": 4.1,
            "book_valuer_per_share_4q_avg": 1.03,
            "equity": 123074,
            "current_ratio": 59.76,
            "debt_ratio": 75.58,
            "inventory_turnover_ratio": null,
            "account_receivable_turnover_ratio": null,
            "reinvestment_rate": null,
            "research_to_sale_ratio": null,
            "price_fair": 0,
            "eps_avg_yearly": 0,
            "eps_latest_yearly": 0,
            "eps_growth_yearly": 0
        },
        "20071": {
            "year_quarter": 20071,
            "year": 2007,
            "quarter": 1,
            "eps": null,
            "eps_growth_year": null,
            "eps_4q": null,
            "eps_4q_growth_year": null,
            "roe": null,
            "roe_4q": 0,
            "gross_profit": null,
            "gross_margin": null,
            "gross_margin_4q_avg": 0,
            "net_income": null,
            "net_income_4q": null,
            "revenue": null,
            "revenue_4q": null,
            "common_shares": null,
            "book_valuer_per_share": null,
            "book_valuer_per_share_4q_avg": 1.03,
            "equity": null,
            "current_ratio": null,
            "debt_ratio": null,
            "inventory_turnover_ratio": null,
            "account_receivable_turnover_ratio": null,
            "reinvestment_rate": null,
            "research_to_sale_ratio": null,
            "price_fair": 0,
            "eps_avg_yearly": 0,
            "eps_latest_yearly": 0,
            "eps_growth_yearly": 0
        },
        "20072": {
            "year_quarter": 20072,
            "year": 2007,
            "quarter": 2,
            "eps": null,
            "eps_growth_year": null,
            "eps_4q": null,
            "eps_4q_growth_year": null,
            "roe": null,
            "roe_4q": 0,
            "gross_profit": null,
            "gross_margin": null,
            "gross_margin_4q_avg": 0,
            "net_income": null,
            "net_income_4q": null,
            "revenue": null,
            "revenue_4q": null,
            "common_shares": null,
            "book_valuer_per_share": null,
            "book_valuer_per_share_4q_avg": 1.03,
            "equity": null,
            "current_ratio": null,
            "debt_ratio": null,
            "inventory_turnover_ratio": null,
            "account_receivable_turnover_ratio": null,
            "reinvestment_rate": null,
            "research_to_sale_ratio": null,
            "price_fair": 0,
            "eps_avg_yearly": 0,
            "eps_latest_yearly": 0,
            "eps_growth_yearly": 0
        },
        "20073": {
            "year_quarter": 20073,
            "year": 2007,
            "quarter": 3,
            "eps": null,
            "eps_growth_year": null,
            "eps_4q": null,
            "eps_4q_growth_year": null,
            "roe": null,
            "roe_4q": 0,
            "gross_profit": null,
            "gross_margin": null,
            "gross_margin_4q_avg": 0,
            "net_income": null,
            "net_income_4q": null,
            "revenue": null,
            "revenue_4q": null,
            "common_shares": null,
            "book_valuer_per_share": null,
            "book_valuer_per_share_4q_avg": 1.03,
            "equity": null,
            "current_ratio": null,
            "debt_ratio": null,
            "inventory_turnover_ratio": null,
            "account_receivable_turnover_ratio": null,
            "reinvestment_rate": null,
            "research_to_sale_ratio": null,
            "price_fair": 0,
            "eps_avg_yearly": 0,
            "eps_latest_yearly": 0,
            "eps_growth_yearly": 0
        },
        "20074": {
            "year_quarter": 20074,
            "year": 2007,
            "quarter": 4,
            "eps": null,
            "eps_growth_year": null,
            "eps_4q": null,
            "eps_4q_growth_year": null,
            "roe": null,
            "roe_4q": 0,
            "gross_profit": null,
            "gross_margin": null,
            "gross_margin_4q_avg": 0,
            "net_income": null,
            "net_income_4q": null,
            "revenue": null,
            "revenue_4q": null,
            "common_shares": 200000,
            "book_valuer_per_share": 6.41,
            "book_valuer_per_share_4q_avg": 1.6,
            "equity": 128276,
            "current_ratio": 56.82,
            "debt_ratio": 74.18,
            "inventory_turnover_ratio": null,
            "account_receivable_turnover_ratio": null,
            "reinvestment_rate": null,
            "research_to_sale_ratio": null,
            "price_fair": 0,
            "eps_avg_yearly": 0,
            "eps_latest_yearly": 0,
            "eps_growth_yearly": 0
        },
        "20081": {
            "year_quarter": 20081,
            "year": 2008,
            "quarter": 1,
            "eps": null,
            "eps_growth_year": null,
            "eps_4q": null,
            "eps_4q_growth_year": null,
            "roe": null,
            "roe_4q": 0,
            "gross_profit": null,
            "gross_margin": null,
            "gross_margin_4q_avg": 0,
            "net_income": null,
            "net_income_4q": null,
            "revenue": null,
            "revenue_4q": null,
            "common_shares": null,
            "book_valuer_per_share": null,
            "book_valuer_per_share_4q_avg": 1.6,
            "equity": null,
            "current_ratio": null,
            "debt_ratio": null,
            "inventory_turnover_ratio": null,
            "account_receivable_turnover_ratio": null,
            "reinvestment_rate": null,
            "research_to_sale_ratio": null,
            "price_fair": 0,
            "eps_avg_yearly": 0,
            "eps_latest_yearly": 0,
            "eps_growth_yearly": 0
        },
        "20082": {
            "year_quarter": 20082,
            "year": 2008,
            "quarter": 2,
            "eps": null,
            "eps_growth_year": null,
            "eps_4q": null,
            "eps_4q_growth_year": null,
            "roe": null,
            "roe_4q": 0,
            "gross_profit": null,
            "gross_margin": null,
            "gross_margin_4q_avg": 0,
            "net_income": null,
            "net_income_4q": null,
            "revenue": null,
            "revenue_4q": null,
            "common_shares": null,
            "book_valuer_per_share": null,
            "book_valuer_per_share_4q_avg": 1.6,
            "equity": null,
            "current_ratio": null,
            "debt_ratio": null,
            "inventory_turnover_ratio": null,
            "account_receivable_turnover_ratio": null,
            "reinvestment_rate": null,
            "research_to_sale_ratio": null,
            "price_fair": 0,
            "eps_avg_yearly": 0,
            "eps_latest_yearly": 0,
            "eps_growth_yearly": 0
        },
        "20083": {
            "year_quarter": 20083,
            "year": 2008,
            "quarter": 3,
            "eps": null,
            "eps_growth_year": null,
            "eps_4q": null,
            "eps_4q_growth_year": null,
            "roe": null,
            "roe_4q": 0,
            "gross_profit": null,
            "gross_margin": null,
            "gross_margin_4q_avg": 0,
            "net_income": null,
            "net_income_4q": null,
            "revenue": null,
            "revenue_4q": null,
            "common_shares": null,
            "book_valuer_per_share": null,
            "book_valuer_per_share_4q_avg": 1.6,
            "equity": null,
            "current_ratio": null,
            "debt_ratio": null,
            "inventory_turnover_ratio": null,
            "account_receivable_turnover_ratio": null,
            "reinvestment_rate": null,
            "research_to_sale_ratio": null,
            "price_fair": 0,
            "eps_avg_yearly": 0,
            "eps_latest_yearly": 0,
            "eps_growth_yearly": 0
        },
        "20084": {
            "year_quarter": 20084,
            "year": 2008,
            "quarter": 4,
            "eps": null,
            "eps_growth_year": null,
            "eps_4q": null,
            "eps_4q_growth_year": null,
            "roe": null,
            "roe_4q": 0,
            "gross_profit": null,
            "gross_margin": null,
            "gross_margin_4q_avg": 0,
            "net_income": null,
            "net_income_4q": null,
            "revenue": null,
            "revenue_4q": null,
            "common_shares": 260000,
            "book_valuer_per_share": 8.79,
            "book_valuer_per_share_4q_avg": 2.2,
            "equity": 228632,
            "current_ratio": 142.46,
            "debt_ratio": 60.58,
            "inventory_turnover_ratio": null,
            "account_receivable_turnover_ratio": null,
            "reinvestment_rate": null,
            "research_to_sale_ratio": null,
            "price_fair": 0,
            "eps_avg_yearly": 0,
            "eps_latest_yearly": 0,
            "eps_growth_yearly": 0
        },
        "20091": {
            "year_quarter": 20091,
            "year": 2009,
            "quarter": 1,
            "eps": null,
            "eps_growth_year": null,
            "eps_4q": null,
            "eps_4q_growth_year": null,
            "roe": null,
            "roe_4q": 0,
            "gross_profit": null,
            "gross_margin": null,
            "gross_margin_4q_avg": 0,
            "net_income": null,
            "net_income_4q": null,
            "revenue": null,
            "revenue_4q": null,
            "common_shares": null,
            "book_valuer_per_share": null,
            "book_valuer_per_share_4q_avg": 2.2,
            "equity": null,
            "current_ratio": null,
            "debt_ratio": null,
            "inventory_turnover_ratio": null,
            "account_receivable_turnover_ratio": null,
            "reinvestment_rate": null,
            "research_to_sale_ratio": null,
            "price_fair": 0,
            "eps_avg_yearly": 0,
            "eps_latest_yearly": 0,
            "eps_growth_yearly": 0
        },
        "20092": {
            "year_quarter": 20092,
            "year": 2009,
            "quarter": 2,
            "eps": null,
            "eps_growth_year": null,
            "eps_4q": null,
            "eps_4q_growth_year": null,
            "roe": null,
            "roe_4q": 0,
            "gross_profit": null,
            "gross_margin": null,
            "gross_margin_4q_avg": 0,
            "net_income": null,
            "net_income_4q": null,
            "revenue": null,
            "revenue_4q": null,
            "common_shares": null,
            "book_valuer_per_share": null,
            "book_valuer_per_share_4q_avg": 2.2,
            "equity": null,
            "current_ratio": null,
            "debt_ratio": null,
            "inventory_turnover_ratio": null,
            "account_receivable_turnover_ratio": null,
            "reinvestment_rate": null,
            "research_to_sale_ratio": null,
            "price_fair": 0,
            "eps_avg_yearly": 0,
            "eps_latest_yearly": 0,
            "eps_growth_yearly": 0
        },
        "20093": {
            "year_quarter": 20093,
            "year": 2009,
            "quarter": 3,
            "eps": null,
            "eps_growth_year": null,
            "eps_4q": null,
            "eps_4q_growth_year": null,
            "roe": null,
            "roe_4q": 0,
            "gross_profit": null,
            "gross_margin": null,
            "gross_margin_4q_avg": 0,
            "net_income": null,
            "net_income_4q": null,
            "revenue": null,
            "revenue_4q": null,
            "common_shares": null,
            "book_valuer_per_share": null,
            "book_valuer_per_share_4q_avg": 2.2,
            "equity": null,
            "current_ratio": null,
            "debt_ratio": null,
            "inventory_turnover_ratio": null,
            "account_receivable_turnover_ratio": null,
            "reinvestment_rate": null,
            "research_to_sale_ratio": null,
            "price_fair": 0,
            "eps_avg_yearly": 0,
            "eps_latest_yearly": 0,
            "eps_growth_yearly": 0
        },
        "20094": {
            "year_quarter": 20094,
            "year": 2009,
            "quarter": 4,
            "eps": null,
            "eps_growth_year": null,
            "eps_4q": null,
            "eps_4q_growth_year": null,
            "roe": null,
            "roe_4q": 0,
            "gross_profit": null,
            "gross_margin": null,
            "gross_margin_4q_avg": 0,
            "net_income": null,
            "net_income_4q": null,
            "revenue": null,
            "revenue_4q": null,
            "common_shares": 191802,
            "book_valuer_per_share": 12.33,
            "book_valuer_per_share_4q_avg": 3.08,
            "equity": 236490,
            "current_ratio": 123.51,
            "debt_ratio": 70.79,
            "inventory_turnover_ratio": null,
            "account_receivable_turnover_ratio": null,
            "reinvestment_rate": null,
            "research_to_sale_ratio": null,
            "price_fair": 0,
            "eps_avg_yearly": 0,
            "eps_latest_yearly": 0,
            "eps_growth_yearly": 0
        },
        "20101": {
            "year_quarter": 20101,
            "year": 2010,
            "quarter": 1,
            "eps": null,
            "eps_growth_year": null,
            "eps_4q": null,
            "eps_4q_growth_year": null,
            "roe": null,
            "roe_4q": 0,
            "gross_profit": 60243,
            "gross_margin": null,
            "gross_margin_4q_avg": 0,
            "net_income": 13280,
            "net_income_4q": null,
            "revenue": 381527,
            "revenue_4q": null,
            "common_shares": 191802,
            "book_valuer_per_share": 12.96,
            "book_valuer_per_share_4q_avg": 6.32,
            "equity": 248613,
            "current_ratio": 131.75,
            "debt_ratio": 66.32,
            "inventory_turnover_ratio": null,
            "account_receivable_turnover_ratio": null,
            "reinvestment_rate": null,
            "research_to_sale_ratio": null,
            "price_fair": 0,
            "eps_avg_yearly": 0,
            "eps_latest_yearly": 0,
            "eps_growth_yearly": 0
        },
        "20102": {
            "year_quarter": 20102,
            "year": 2010,
            "quarter": 2,
            "eps": null,
            "eps_growth_year": null,
            "eps_4q": null,
            "eps_4q_growth_year": null,
            "roe": null,
            "roe_4q": 0,
            "gross_profit": 73141,
            "gross_margin": null,
            "gross_margin_4q_avg": 0,
            "net_income": 25187,
            "net_income_4q": null,
            "revenue": 578174,
            "revenue_4q": null,
            "common_shares": 211802,
            "book_valuer_per_share": 14.13,
            "book_valuer_per_share_4q_avg": 9.86,
            "equity": 299172,
            "current_ratio": 136.19,
            "debt_ratio": 66.36,
            "inventory_turnover_ratio": null,
            "account_receivable_turnover_ratio": null,
            "reinvestment_rate": null,
            "research_to_sale_ratio": null,
            "price_fair": 0,
            "eps_avg_yearly": 0,
            "eps_latest_yearly": 0,
            "eps_growth_yearly": 0
        },
        "20103": {
            "year_quarter": 20103,
            "year": 2010,
            "quarter": 3,
            "eps": null,
            "eps_growth_year": null,
            "eps_4q": null,
            "eps_4q_growth_year": null,
            "roe": null,
            "roe_4q": 0,
            "gross_profit": 84324,
            "gross_margin": null,
            "gross_margin_4q_avg": 0,
            "net_income": 14974,
            "net_income_4q": null,
            "revenue": 598057,
            "revenue_4q": null,
            "common_shares": 255662,
            "book_valuer_per_share": 14.6,
            "book_valuer_per_share_4q_avg": 13.51,
            "equity": 373165,
            "current_ratio": 142.98,
            "debt_ratio": 64.43,
            "inventory_turnover_ratio": null,
            "account_receivable_turnover_ratio": null,
            "reinvestment_rate": null,
            "research_to_sale_ratio": null,
            "price_fair": 0,
            "eps_avg_yearly": 0,
            "eps_latest_yearly": 0,
            "eps_growth_yearly": 0
        },
        "20104": {
            "year_quarter": 20104,
            "year": 2010,
            "quarter": 4,
            "eps": null,
            "eps_growth_year": null,
            "eps_4q": null,
            "eps_4q_growth_year": null,
            "roe": null,
            "roe_4q": 0,
            "gross_profit": 57332,
            "gross_margin": null,
            "gross_margin_4q_avg": 0,
            "net_income": 19007,
            "net_income_4q": null,
            "revenue": 609977,
            "revenue_4q": null,
            "common_shares": 305662,
            "book_valuer_per_share": 16.45,
            "book_valuer_per_share_4q_avg": 14.54,
            "equity": 502789,
            "current_ratio": 168.19,
            "debt_ratio": 55.7,
            "inventory_turnover_ratio": null,
            "account_receivable_turnover_ratio": null,
            "reinvestment_rate": null,
            "research_to_sale_ratio": null,
            "price_fair": 0,
            "eps_avg_yearly": 0,
            "eps_latest_yearly": 0,
            "eps_growth_yearly": 0
        },
        "20111": {
            "year_quarter": 20111,
            "year": 2011,
            "quarter": 1,
            "eps": 0.34,
            "eps_growth_year": null,
            "eps_4q": 0.34,
            "eps_4q_growth_year": null,
            "roe": 2.07,
            "roe_4q": 2.07,
            "gross_profit": 67768,
            "gross_margin": 10.79,
            "gross_margin_4q_avg": 2.7,
            "net_income": 10527,
            "net_income_4q": null,
            "revenue": 627934,
            "revenue_4q": null,
            "common_shares": 305662,
            "book_valuer_per_share": 16.88,
            "book_valuer_per_share_4q_avg": 15.52,
            "equity": 515808,
            "current_ratio": 178.94,
            "debt_ratio": 51.77,
            "inventory_turnover_ratio": 2.5,
            "account_receivable_turnover_ratio": 1.61,
            "reinvestment_rate": null,
            "research_to_sale_ratio": 2.14,
            "price_fair": 0,
            "eps_avg_yearly": 0,
            "eps_latest_yearly": 0,
            "eps_growth_yearly": 0
        },
        "20112": {
            "year_quarter": 20112,
            "year": 2011,
            "quarter": 2,
            "eps": 0.14,
            "eps_growth_year": null,
            "eps_4q": 0.42,
            "eps_4q_growth_year": null,
            "roe": 0.9,
            "roe_4q": 2.9699999999999998,
            "gross_profit": 63111,
            "gross_margin": 10.83,
            "gross_margin_4q_avg": 5.41,
            "net_income": 5211,
            "net_income_4q": null,
            "revenue": 582924,
            "revenue_4q": null,
            "common_shares": 365662,
            "book_valuer_per_share": 17.74,
            "book_valuer_per_share_4q_avg": 16.42,
            "equity": 648640,
            "current_ratio": 192.75,
            "debt_ratio": 48.4,
            "inventory_turnover_ratio": 2.16,
            "account_receivable_turnover_ratio": 1.73,
            "reinvestment_rate": null,
            "research_to_sale_ratio": 2.07,
            "price_fair": 1.68,
            "eps_avg_yearly": 0.56,
            "eps_latest_yearly": 0.56,
            "eps_growth_yearly": -235.29
        },
        "20113": {
            "year_quarter": 20113,
            "year": 2011,
            "quarter": 3,
            "eps": 0.99,
            "eps_growth_year": null,
            "eps_4q": 1.41,
            "eps_4q_growth_year": null,
            "roe": 5.44,
            "roe_4q": 8.41,
            "gross_profit": 69244,
            "gross_margin": 12.56,
            "gross_margin_4q_avg": 8.55,
            "net_income": 36767,
            "net_income_4q": null,
            "revenue": 551176,
            "revenue_4q": null,
            "common_shares": 372975,
            "book_valuer_per_share": 18.82,
            "book_valuer_per_share_4q_avg": 17.47,
            "equity": 702041,
            "current_ratio": 224.75,
            "debt_ratio": 41.96,
            "inventory_turnover_ratio": 2.06,
            "account_receivable_turnover_ratio": 1.68,
            "reinvestment_rate": null,
            "research_to_sale_ratio": 2.78,
            "price_fair": 79.1,
            "eps_avg_yearly": 2.26,
            "eps_latest_yearly": 3.96,
            "eps_growth_yearly": 1096.64
        },
        "20114": {
            "year_quarter": 20114,
            "year": 2011,
            "quarter": 4,
            "eps": 0.09,
            "eps_growth_year": null,
            "eps_4q": 1.37,
            "eps_4q_growth_year": null,
            "roe": 0.5,
            "roe_4q": 8.91,
            "gross_profit": 49487,
            "gross_margin": 11.33,
            "gross_margin_4q_avg": 11.38,
            "net_income": 3712,
            "net_income_4q": null,
            "revenue": 436620,
            "revenue_4q": null,
            "common_shares": 409975,
            "book_valuer_per_share": 19.32,
            "book_valuer_per_share_4q_avg": 18.19,
            "equity": 792257,
            "current_ratio": 222.44,
            "debt_ratio": 42.21,
            "inventory_turnover_ratio": 1.75,
            "account_receivable_turnover_ratio": 1.3,
            "reinvestment_rate": null,
            "research_to_sale_ratio": 3.02,
            "price_fair": 56.93,
            "eps_avg_yearly": 1.63,
            "eps_latest_yearly": 0.36,
            "eps_growth_yearly": 609.88
        },
        "20121": {
            "year_quarter": 20121,
            "year": 2012,
            "quarter": 1,
            "eps": -0.42,
            "eps_growth_year": -223.53,
            "eps_4q": 0.69,
            "eps_4q_growth_year": 101.14,
            "roe": -2.21,
            "roe_4q": 4.630000000000001,
            "gross_profit": 24123,
            "gross_margin": 7.67,
            "gross_margin_4q_avg": 10.6,
            "net_income": -17290,
            "net_income_4q": null,
            "revenue": 314605,
            "revenue_4q": null,
            "common_shares": 409975,
            "book_valuer_per_share": 18.77,
            "book_valuer_per_share_4q_avg": 18.66,
            "equity": 769345,
            "current_ratio": 255.27,
            "debt_ratio": 37.14,
            "inventory_turnover_ratio": 1.37,
            "account_receivable_turnover_ratio": 0.81,
            "reinvestment_rate": null,
            "research_to_sale_ratio": 4.59,
            "price_fair": 56.93,
            "eps_avg_yearly": 1.63,
            "eps_latest_yearly": 0.36,
            "eps_growth_yearly": 609.88
        },
        "20122": {
            "year_quarter": 20122,
            "year": 2012,
            "quarter": 2,
            "eps": -0.14,
            "eps_growth_year": -203.21,
            "eps_4q": 0.42,
            "eps_4q_growth_year": -0.13,
            "roe": -0.8,
            "roe_4q": 2.9300000000000006,
            "gross_profit": 37792,
            "gross_margin": 8.52,
            "gross_margin_4q_avg": 10.02,
            "net_income": -5912,
            "net_income_4q": null,
            "revenue": 443311,
            "revenue_4q": null,
            "common_shares": 409975,
            "book_valuer_per_share": 17.47,
            "book_valuer_per_share_4q_avg": 18.6,
            "equity": 716396,
            "current_ratio": 211.73,
            "debt_ratio": 43.13,
            "inventory_turnover_ratio": 1.84,
            "account_receivable_turnover_ratio": 1.16,
            "reinvestment_rate": null,
            "research_to_sale_ratio": 3.72,
            "price_fair": 56.93,
            "eps_avg_yearly": 1.63,
            "eps_latest_yearly": 0.36,
            "eps_growth_yearly": 609.88
        },
        "20123": {
            "year_quarter": 20123,
            "year": 2012,
            "quarter": 3,
            "eps": -0.03,
            "eps_growth_year": -103.14,
            "eps_4q": -0.51,
            "eps_4q_growth_year": -135.97,
            "roe": -0.18,
            "roe_4q": -2.69,
            "gross_profit": 54098,
            "gross_margin": 9.58,
            "gross_margin_4q_avg": 9.28,
            "net_income": -1267,
            "net_income_4q": null,
            "revenue": 564957,
            "revenue_4q": null,
            "common_shares": 409975,
            "book_valuer_per_share": 17.35,
            "book_valuer_per_share_4q_avg": 18.23,
            "equity": 711187,
            "current_ratio": 211.84,
            "debt_ratio": 42.94,
            "inventory_turnover_ratio": 2.07,
            "account_receivable_turnover_ratio": 1.79,
            "reinvestment_rate": null,
            "research_to_sale_ratio": 2.65,
            "price_fair": 56.93,
            "eps_avg_yearly": 1.63,
            "eps_latest_yearly": 0.36,
            "eps_growth_yearly": 609.88
        },
        "20124": {
            "year_quarter": 20124,
            "year": 2012,
            "quarter": 4,
            "eps": 0.12,
            "eps_growth_year": 27.94,
            "eps_4q": -0.48,
            "eps_4q_growth_year": -135.08,
            "roe": 0.66,
            "roe_4q": -2.53,
            "gross_profit": 43540,
            "gross_margin": 7.39,
            "gross_margin_4q_avg": 8.29,
            "net_income": 4749,
            "net_income_4q": null,
            "revenue": 589362,
            "revenue_4q": null,
            "common_shares": 409975,
            "book_valuer_per_share": 17.53,
            "book_valuer_per_share_4q_avg": 17.78,
            "equity": 718856,
            "current_ratio": 235.15,
            "debt_ratio": 48.99,
            "inventory_turnover_ratio": 2.1,
            "account_receivable_turnover_ratio": 1.49,
            "reinvestment_rate": null,
            "research_to_sale_ratio": 2.81,
            "price_fair": 56.93,
            "eps_avg_yearly": 1.63,
            "eps_latest_yearly": 0.36,
            "eps_growth_yearly": 609.88
        },
        "20131": {
            "year_quarter": 20131,
            "year": 2013,
            "quarter": 1,
            "eps": -0.25,
            "eps_growth_year": null,
            "eps_4q": -0.31,
            "eps_4q_growth_year": -145.15,
            "roe": -1.46,
            "roe_4q": -1.78,
            "gross_profit": 15426,
            "gross_margin": 4.92,
            "gross_margin_4q_avg": 7.6,
            "net_income": -10468,
            "net_income_4q": null,
            "revenue": 313471,
            "revenue_4q": null,
            "common_shares": 412345,
            "book_valuer_per_share": 17.4,
            "book_valuer_per_share_4q_avg": 17.44,
            "equity": 717449,
            "current_ratio": 272.26,
            "debt_ratio": 43.79,
            "inventory_turnover_ratio": 1.19,
            "account_receivable_turnover_ratio": 0.97,
            "reinvestment_rate": null,
            "research_to_sale_ratio": 4.27,
            "price_fair": 56.93,
            "eps_avg_yearly": 1.63,
            "eps_latest_yearly": 0.36,
            "eps_growth_yearly": 609.88
        },
        "20132": {
            "year_quarter": 20132,
            "year": 2013,
            "quarter": 2,
            "eps": -0.08,
            "eps_growth_year": null,
            "eps_4q": -0.25,
            "eps_4q_growth_year": -158.76,
            "roe": -0.43,
            "roe_4q": -1.41,
            "gross_profit": 35175,
            "gross_margin": 13.33,
            "gross_margin_4q_avg": 8.81,
            "net_income": -3073,
            "net_income_4q": null,
            "revenue": 263890,
            "revenue_4q": null,
            "common_shares": 412345,
            "book_valuer_per_share": 17.41,
            "book_valuer_per_share_4q_avg": 17.42,
            "equity": 707093,
            "current_ratio": 269.52,
            "debt_ratio": 43.95,
            "inventory_turnover_ratio": 0.96,
            "account_receivable_turnover_ratio": 1.23,
            "reinvestment_rate": null,
            "research_to_sale_ratio": 7.18,
            "price_fair": 56.93,
            "eps_avg_yearly": 1.63,
            "eps_latest_yearly": 0.36,
            "eps_growth_yearly": 609.88
        },
        "20133": {
            "year_quarter": 20133,
            "year": 2013,
            "quarter": 3,
            "eps": -0.4,
            "eps_growth_year": null,
            "eps_4q": -0.62,
            "eps_4q_growth_year": null,
            "roe": -2.33,
            "roe_4q": -3.5600000000000005,
            "gross_profit": 25007,
            "gross_margin": 7.81,
            "gross_margin_4q_avg": 8.36,
            "net_income": -16153,
            "net_income_4q": null,
            "revenue": 320315,
            "revenue_4q": null,
            "common_shares": 412345,
            "book_valuer_per_share": 17.07,
            "book_valuer_per_share_4q_avg": 17.35,
            "equity": 682052,
            "current_ratio": 257.45,
            "debt_ratio": 45.13,
            "inventory_turnover_ratio": 1.29,
            "account_receivable_turnover_ratio": 1.22,
            "reinvestment_rate": null,
            "research_to_sale_ratio": 4.56,
            "price_fair": 56.93,
            "eps_avg_yearly": 1.63,
            "eps_latest_yearly": 0.36,
            "eps_growth_yearly": 609.88
        },
        "20134": {
            "year_quarter": 20134,
            "year": 2013,
            "quarter": 4,
            "eps": -0.45,
            "eps_growth_year": -488.04,
            "eps_4q": -1.19,
            "eps_4q_growth_year": null,
            "roe": -2.66,
            "roe_4q": -6.88,
            "gross_profit": 12117,
            "gross_margin": 3.55,
            "gross_margin_4q_avg": 7.4,
            "net_income": -17925,
            "net_income_4q": null,
            "revenue": 341083,
            "revenue_4q": null,
            "common_shares": 412345,
            "book_valuer_per_share": 16.65,
            "book_valuer_per_share_4q_avg": 17.13,
            "equity": 663874,
            "current_ratio": 205.33,
            "debt_ratio": 51.89,
            "inventory_turnover_ratio": 1.43,
            "account_receivable_turnover_ratio": 1.11,
            "reinvestment_rate": 287.13,
            "research_to_sale_ratio": 5.04,
            "price_fair": 56.93,
            "eps_avg_yearly": 1.63,
            "eps_latest_yearly": 0.36,
            "eps_growth_yearly": 609.88
        },
        "20141": {
            "year_quarter": 20141,
            "year": 2014,
            "quarter": 1,
            "eps": 0.56,
            "eps_growth_year": null,
            "eps_4q": -0.23,
            "eps_4q_growth_year": null,
            "roe": 3.42,
            "roe_4q": -2.0000000000000004,
            "gross_profit": 29765,
            "gross_margin": 4.27,
            "gross_margin_4q_avg": 7.24,
            "net_income": 25522,
            "net_income_4q": null,
            "revenue": 696334,
            "revenue_4q": null,
            "common_shares": 412345,
            "book_valuer_per_share": 16.36,
            "book_valuer_per_share_4q_avg": 16.87,
            "equity": 830401,
            "current_ratio": 163.68,
            "debt_ratio": 54.23,
            "inventory_turnover_ratio": 1.9,
            "account_receivable_turnover_ratio": 1.62,
            "reinvestment_rate": 201.38,
            "research_to_sale_ratio": 2.29,
            "price_fair": 56.93,
            "eps_avg_yearly": 1.63,
            "eps_latest_yearly": 0.36,
            "eps_growth_yearly": 609.88
        },
        "20142": {
            "year_quarter": 20142,
            "year": 2014,
            "quarter": 2,
            "eps": -0.51,
            "eps_growth_year": null,
            "eps_4q": -0.67,
            "eps_4q_growth_year": null,
            "roe": -3.13,
            "roe_4q": -4.7,
            "gross_profit": 30912,
            "gross_margin": 2.81,
            "gross_margin_4q_avg": 4.61,
            "net_income": -25729,
            "net_income_4q": null,
            "revenue": 1098341,
            "revenue_4q": null,
            "common_shares": 521085,
            "book_valuer_per_share": 15.77,
            "book_valuer_per_share_4q_avg": 16.46,
            "equity": 811856,
            "current_ratio": 146.46,
            "debt_ratio": 60.45,
            "inventory_turnover_ratio": 2.29,
            "account_receivable_turnover_ratio": 1.69,
            "reinvestment_rate": 646.85,
            "research_to_sale_ratio": 2.07,
            "price_fair": 56.93,
            "eps_avg_yearly": 1.63,
            "eps_latest_yearly": 0.36,
            "eps_growth_yearly": 609.88
        },
        "20143": {
            "year_quarter": 20143,
            "year": 2014,
            "quarter": 3,
            "eps": 0.1,
            "eps_growth_year": null,
            "eps_4q": -0.25,
            "eps_4q_growth_year": null,
            "roe": 0.62,
            "roe_4q": -1.75,
            "gross_profit": 36854,
            "gross_margin": 5.58,
            "gross_margin_4q_avg": 4.05,
            "net_income": 5034,
            "net_income_4q": null,
            "revenue": 660620,
            "revenue_4q": null,
            "common_shares": 528344,
            "book_valuer_per_share": 16,
            "book_valuer_per_share_4q_avg": 16.2,
            "equity": 823933,
            "current_ratio": 186.98,
            "debt_ratio": 54.66,
            "inventory_turnover_ratio": 1.36,
            "account_receivable_turnover_ratio": 1,
            "reinvestment_rate": 1210.46,
            "research_to_sale_ratio": 3,
            "price_fair": 56.93,
            "eps_avg_yearly": 1.63,
            "eps_latest_yearly": 0.36,
            "eps_growth_yearly": 609.88
        },
        "20144": {
            "year_quarter": 20144,
            "year": 2014,
            "quarter": 4,
            "eps": -0.68,
            "eps_growth_year": null,
            "eps_4q": -0.58,
            "eps_4q_growth_year": null,
            "roe": -4.32,
            "roe_4q": -3.41,
            "gross_profit": 8713,
            "gross_margin": 1.1,
            "gross_margin_4q_avg": 3.44,
            "net_income": -34911,
            "net_income_4q": null,
            "revenue": 791505,
            "revenue_4q": null,
            "common_shares": 528492,
            "book_valuer_per_share": 15.38,
            "book_valuer_per_share_4q_avg": 15.88,
            "equity": 791780,
            "current_ratio": 162.65,
            "debt_ratio": 61.52,
            "inventory_turnover_ratio": 1.92,
            "account_receivable_turnover_ratio": 1.35,
            "reinvestment_rate": null,
            "research_to_sale_ratio": 2.52,
            "price_fair": 56.93,
            "eps_avg_yearly": 1.63,
            "eps_latest_yearly": 0.36,
            "eps_growth_yearly": 609.88
        },
        "20151": {
            "year_quarter": 20151,
            "year": 2015,
            "quarter": 1,
            "eps": -0.79,
            "eps_growth_year": -241.07,
            "eps_4q": -1.87,
            "eps_4q_growth_year": null,
            "roe": -5.3,
            "roe_4q": -12.130000000000003,
            "gross_profit": 2272,
            "gross_margin": 0.45,
            "gross_margin_4q_avg": 2.49,
            "net_income": -40819,
            "net_income_4q": null,
            "revenue": 510433,
            "revenue_4q": null,
            "common_shares": 528492,
            "book_valuer_per_share": 14.53,
            "book_valuer_per_share_4q_avg": 15.42,
            "equity": 748162,
            "current_ratio": 169.97,
            "debt_ratio": 59.35,
            "inventory_turnover_ratio": 1.25,
            "account_receivable_turnover_ratio": 1.16,
            "reinvestment_rate": null,
            "research_to_sale_ratio": 3.1,
            "price_fair": 56.93,
            "eps_avg_yearly": 1.63,
            "eps_latest_yearly": 0.36,
            "eps_growth_yearly": 609.88
        },
        "20152": {
            "year_quarter": 20152,
            "year": 2015,
            "quarter": 2,
            "eps": -0.72,
            "eps_growth_year": null,
            "eps_4q": -2.09,
            "eps_4q_growth_year": null,
            "roe": -5.07,
            "roe_4q": -14.070000000000002,
            "gross_profit": 9376,
            "gross_margin": 1.55,
            "gross_margin_4q_avg": 2.17,
            "net_income": -36924,
            "net_income_4q": null,
            "revenue": 604136,
            "revenue_4q": null,
            "common_shares": 528492,
            "book_valuer_per_share": 13.77,
            "book_valuer_per_share_4q_avg": 14.92,
            "equity": 709063,
            "current_ratio": 173.75,
            "debt_ratio": 58.4,
            "inventory_turnover_ratio": 1.4,
            "account_receivable_turnover_ratio": 1.91,
            "reinvestment_rate": null,
            "research_to_sale_ratio": 2.88,
            "price_fair": 75.6,
            "eps_avg_yearly": 2.16,
            "eps_latest_yearly": 0.36,
            "eps_growth_yearly": 1032.47
        },
        "20153": {
            "year_quarter": 20153,
            "year": 2015,
            "quarter": 3,
            "eps": 0.24,
            "eps_growth_year": 140,
            "eps_4q": -1.95,
            "eps_4q_growth_year": null,
            "roe": 1.72,
            "roe_4q": -12.97,
            "gross_profit": 20278,
            "gross_margin": 3.35,
            "gross_margin_4q_avg": 1.61,
            "net_income": 12340,
            "net_income_4q": null,
            "revenue": 605194,
            "revenue_4q": null,
            "common_shares": 528492,
            "book_valuer_per_share": 14.06,
            "book_valuer_per_share_4q_avg": 14.44,
            "equity": 724223,
            "current_ratio": 174.67,
            "debt_ratio": 58.22,
            "inventory_turnover_ratio": 1.51,
            "account_receivable_turnover_ratio": 1.69,
            "reinvestment_rate": null,
            "research_to_sale_ratio": 2.5,
            "price_fair": 1.08,
            "eps_avg_yearly": 0.36,
            "eps_latest_yearly": 0.36,
            "eps_growth_yearly": -363.64
        },
        "20154": {
            "year_quarter": 20154,
            "year": 2015,
            "quarter": 4,
            "eps": -0.98,
            "eps_growth_year": null,
            "eps_4q": -2.25,
            "eps_4q_growth_year": null,
            "roe": -7.27,
            "roe_4q": -15.920000000000002,
            "gross_profit": -8913,
            "gross_margin": -1.78,
            "gross_margin_4q_avg": 0.89,
            "net_income": -50697,
            "net_income_4q": null,
            "revenue": 500089,
            "revenue_4q": null,
            "common_shares": 528492,
            "book_valuer_per_share": 13.03,
            "book_valuer_per_share_4q_avg": 13.85,
            "equity": 670811,
            "current_ratio": 155.04,
            "debt_ratio": 56.38,
            "inventory_turnover_ratio": 1.56,
            "account_receivable_turnover_ratio": 1.52,
            "reinvestment_rate": null,
            "research_to_sale_ratio": 2.81,
            "price_fair": 0,
            "eps_avg_yearly": 0,
            "eps_latest_yearly": 0,
            "eps_growth_yearly": 0
        },
        "20161": {
            "year_quarter": 20161,
            "year": 2016,
            "quarter": 1,
            "eps": -0.5,
            "eps_growth_year": null,
            "eps_4q": -1.96,
            "eps_4q_growth_year": null,
            "roe": -3.94,
            "roe_4q": -14.559999999999999,
            "gross_profit": 14783,
            "gross_margin": 3.63,
            "gross_margin_4q_avg": 1.69,
            "net_income": -25879,
            "net_income_4q": null,
            "revenue": 406780,
            "revenue_4q": null,
            "common_shares": 528492,
            "book_valuer_per_share": 12.51,
            "book_valuer_per_share_4q_avg": 13.34,
            "equity": 644424,
            "current_ratio": 164,
            "debt_ratio": 52.38,
            "inventory_turnover_ratio": 1.57,
            "account_receivable_turnover_ratio": 1.78,
            "reinvestment_rate": null,
            "research_to_sale_ratio": 2.91,
            "price_fair": 0,
            "eps_avg_yearly": 0,
            "eps_latest_yearly": 0,
            "eps_growth_yearly": 0
        },
        "20162": {
            "year_quarter": 20162,
            "year": 2016,
            "quarter": 2,
            "eps": -0.27,
            "eps_growth_year": null,
            "eps_4q": -1.54,
            "eps_4q_growth_year": null,
            "roe": -2.2,
            "roe_4q": -11.69,
            "gross_profit": 21167,
            "gross_margin": 6,
            "gross_margin_4q_avg": 2.8,
            "net_income": -13917,
            "net_income_4q": null,
            "revenue": 352901,
            "revenue_4q": null,
            "common_shares": 522402,
            "book_valuer_per_share": 12.24,
            "book_valuer_per_share_4q_avg": 12.96,
            "equity": 621009,
            "current_ratio": 151.18,
            "debt_ratio": 57.46,
            "inventory_turnover_ratio": 1.1,
            "account_receivable_turnover_ratio": 1.6,
            "reinvestment_rate": null,
            "research_to_sale_ratio": 4.28,
            "price_fair": 0,
            "eps_avg_yearly": 0,
            "eps_latest_yearly": 0,
            "eps_growth_yearly": 0
        },
        "20163": {
            "year_quarter": 20163,
            "year": 2016,
            "quarter": 3,
            "eps": -1.19,
            "eps_growth_year": -595.83,
            "eps_4q": -2.97,
            "eps_4q_growth_year": null,
            "roe": -10.2,
            "roe_4q": -23.61,
            "gross_profit": 20684,
            "gross_margin": 3.78,
            "gross_margin_4q_avg": 2.91,
            "net_income": -60199,
            "net_income_4q": null,
            "revenue": 546890,
            "revenue_4q": null,
            "common_shares": 522402,
            "book_valuer_per_share": 11.03,
            "book_valuer_per_share_4q_avg": 12.2,
            "equity": 559719,
            "current_ratio": 144.19,
            "debt_ratio": 59.02,
            "inventory_turnover_ratio": 1.84,
            "account_receivable_turnover_ratio": 2.1,
            "reinvestment_rate": null,
            "research_to_sale_ratio": 2.21,
            "price_fair": 0,
            "eps_avg_yearly": 0,
            "eps_latest_yearly": 0,
            "eps_growth_yearly": 0
        },
        "20164": {
            "year_quarter": 20164,
            "year": 2016,
            "quarter": 4,
            "eps": 0.03,
            "eps_growth_year": null,
            "eps_4q": -1.94,
            "eps_4q_growth_year": null,
            "roe": 0.28,
            "roe_4q": -16.060000000000002,
            "gross_profit": 18240,
            "gross_margin": 4.9,
            "gross_margin_4q_avg": 4.58,
            "net_income": 1564,
            "net_income_4q": null,
            "revenue": 371894,
            "revenue_4q": null,
            "common_shares": 514932,
            "book_valuer_per_share": 11.06,
            "book_valuer_per_share_4q_avg": 11.71,
            "equity": 561070,
            "current_ratio": 139.76,
            "debt_ratio": 61.66,
            "inventory_turnover_ratio": 1.44,
            "account_receivable_turnover_ratio": 1.48,
            "reinvestment_rate": null,
            "research_to_sale_ratio": 3.9,
            "price_fair": 0,
            "eps_avg_yearly": 0,
            "eps_latest_yearly": 0,
            "eps_growth_yearly": 0
        },
        "20171": {
            "year_quarter": 20171,
            "year": 2017,
            "quarter": 1,
            "eps": -0.69,
            "eps_growth_year": null,
            "eps_4q": -2.12,
            "eps_4q_growth_year": null,
            "roe": -6.42,
            "roe_4q": -18.54,
            "gross_profit": 17427,
            "gross_margin": 4.3,
            "gross_margin_4q_avg": 4.75,
            "net_income": -34873,
            "net_income_4q": null,
            "revenue": 405125,
            "revenue_4q": null,
            "common_shares": 514932,
            "book_valuer_per_share": 10.36,
            "book_valuer_per_share_4q_avg": 11.17,
            "equity": 525614,
            "current_ratio": 147.29,
            "debt_ratio": 56.69,
            "inventory_turnover_ratio": 1.57,
            "account_receivable_turnover_ratio": 1.95,
            "reinvestment_rate": null,
            "research_to_sale_ratio": 3.1,
            "price_fair": 0,
            "eps_avg_yearly": 0,
            "eps_latest_yearly": 0,
            "eps_growth_yearly": 0
        },
        "20172": {
            "year_quarter": 20172,
            "year": 2017,
            "quarter": 2,
            "eps": -0.28,
            "eps_growth_year": null,
            "eps_4q": -2.13,
            "eps_4q_growth_year": null,
            "roe": -2.77,
            "roe_4q": -19.11,
            "gross_profit": 6110,
            "gross_margin": 3.28,
            "gross_margin_4q_avg": 4.07,
            "net_income": -14381,
            "net_income_4q": null,
            "revenue": 186314,
            "revenue_4q": null,
            "common_shares": 514932,
            "book_valuer_per_share": 10.09,
            "book_valuer_per_share_4q_avg": 10.64,
            "equity": 511682,
            "current_ratio": 169.96,
            "debt_ratio": 46.55,
            "inventory_turnover_ratio": 1.02,
            "account_receivable_turnover_ratio": 1.43,
            "reinvestment_rate": null,
            "research_to_sale_ratio": 6.23,
            "price_fair": 0,
            "eps_avg_yearly": 0,
            "eps_latest_yearly": 0,
            "eps_growth_yearly": 0
        },
        "20173": {
            "year_quarter": 20173,
            "year": 2017,
            "quarter": 3,
            "eps": -0.4,
            "eps_growth_year": null,
            "eps_4q": -1.34,
            "eps_4q_growth_year": null,
            "roe": -4.06,
            "roe_4q": -12.97,
            "gross_profit": 5050,
            "gross_margin": 2.86,
            "gross_margin_4q_avg": 3.84,
            "net_income": -20363,
            "net_income_4q": null,
            "revenue": 176780,
            "revenue_4q": null,
            "common_shares": 514932,
            "book_valuer_per_share": 9.68,
            "book_valuer_per_share_4q_avg": 10.3,
            "equity": 491129,
            "current_ratio": 190.17,
            "debt_ratio": 39.84,
            "inventory_turnover_ratio": 1.27,
            "account_receivable_turnover_ratio": 2.32,
            "reinvestment_rate": null,
            "research_to_sale_ratio": 5.32,
            "price_fair": 0,
            "eps_avg_yearly": 0,
            "eps_latest_yearly": 0,
            "eps_growth_yearly": 0
        },
        "20174": {
            "year_quarter": 20174,
            "year": 2017,
            "quarter": 4,
            "eps": -0.4,
            "eps_growth_year": -1384.78,
            "eps_4q": -1.77,
            "eps_4q_growth_year": null,
            "roe": -4.19,
            "roe_4q": -17.439999999999998,
            "gross_profit": 7198,
            "gross_margin": 7.49,
            "gross_margin_4q_avg": 4.48,
            "net_income": -20094,
            "net_income_4q": null,
            "revenue": 96128,
            "revenue_4q": null,
            "common_shares": 514932,
            "book_valuer_per_share": 9.25,
            "book_valuer_per_share_4q_avg": 9.85,
            "equity": 469010,
            "current_ratio": 183.87,
            "debt_ratio": 40.98,
            "inventory_turnover_ratio": 0.81,
            "account_receivable_turnover_ratio": 1.53,
            "reinvestment_rate": null,
            "research_to_sale_ratio": 10.25,
            "price_fair": 0,
            "eps_avg_yearly": 0,
            "eps_latest_yearly": 0,
            "eps_growth_yearly": 0
        },
        "20181": {
            "year_quarter": 20181,
            "year": 2018,
            "quarter": 1,
            "eps": -0.4,
            "eps_growth_year": null,
            "eps_4q": -1.48,
            "eps_4q_growth_year": null,
            "roe": -4.43,
            "roe_4q": -15.45,
            "gross_profit": 3413,
            "gross_margin": 3.4,
            "gross_margin_4q_avg": 4.26,
            "net_income": -20356,
            "net_income_4q": null,
            "revenue": 100234,
            "revenue_4q": null,
            "common_shares": 514932,
            "book_valuer_per_share": 8.86,
            "book_valuer_per_share_4q_avg": 9.47,
            "equity": 449478,
            "current_ratio": 166.22,
            "debt_ratio": 45.8,
            "inventory_turnover_ratio": 0.78,
            "account_receivable_turnover_ratio": 1.98,
            "reinvestment_rate": null,
            "research_to_sale_ratio": 6.62,
            "price_fair": 0,
            "eps_avg_yearly": 0,
            "eps_latest_yearly": 0,
            "eps_growth_yearly": 0
        },
        "20182": {
            "year_quarter": 20182,
            "year": 2018,
            "quarter": 2,
            "eps": -0.11,
            "eps_growth_year": null,
            "eps_4q": -1.31,
            "eps_4q_growth_year": null,
            "roe": -1.25,
            "roe_4q": -13.93,
            "gross_profit": 4941,
            "gross_margin": 3.83,
            "gross_margin_4q_avg": 4.4,
            "net_income": -5560,
            "net_income_4q": null,
            "revenue": 129008,
            "revenue_4q": null,
            "common_shares": 514932,
            "book_valuer_per_share": 8.74,
            "book_valuer_per_share_4q_avg": 9.13,
            "equity": 443470,
            "current_ratio": 163.96,
            "debt_ratio": 46.77,
            "inventory_turnover_ratio": 0.89,
            "account_receivable_turnover_ratio": 2.52,
            "reinvestment_rate": null,
            "research_to_sale_ratio": 6.06,
            "price_fair": 0,
            "eps_avg_yearly": 0,
            "eps_latest_yearly": 0,
            "eps_growth_yearly": 0
        },
        "20183": {
            "year_quarter": 20183,
            "year": 2018,
            "quarter": 3,
            "eps": -0.58,
            "eps_growth_year": null,
            "eps_4q": -1.48,
            "eps_4q_growth_year": null,
            "roe": -6.82,
            "roe_4q": -16.69,
            "gross_profit": 1676,
            "gross_margin": 1.7,
            "gross_margin_4q_avg": 4.11,
            "net_income": -29204,
            "net_income_4q": null,
            "revenue": 98448,
            "revenue_4q": null,
            "common_shares": 514932,
            "book_valuer_per_share": 8.15,
            "book_valuer_per_share_4q_avg": 8.75,
            "equity": 413522,
            "current_ratio": 174.31,
            "debt_ratio": 42.85,
            "inventory_turnover_ratio": 0.76,
            "account_receivable_turnover_ratio": 1.67,
            "reinvestment_rate": null,
            "research_to_sale_ratio": 5.95,
            "price_fair": 0,
            "eps_avg_yearly": 0,
            "eps_latest_yearly": 0,
            "eps_growth_yearly": 0
        },
        "20184": {
            "year_quarter": 20184,
            "year": 2018,
            "quarter": 4,
            "eps": -0.26,
            "eps_growth_year": null,
            "eps_4q": -1.34,
            "eps_4q_growth_year": null,
            "roe": -3.21,
            "roe_4q": -15.71,
            "gross_profit": -2506,
            "gross_margin": -3.16,
            "gross_margin_4q_avg": 1.44,
            "net_income": -13066,
            "net_income_4q": null,
            "revenue": 79326,
            "revenue_4q": null,
            "common_shares": 514932,
            "book_valuer_per_share": 7.9,
            "book_valuer_per_share_4q_avg": 8.41,
            "equity": 400708,
            "current_ratio": 171.96,
            "debt_ratio": 41.82,
            "inventory_turnover_ratio": 0.87,
            "account_receivable_turnover_ratio": 2.05,
            "reinvestment_rate": null,
            "research_to_sale_ratio": 7.73,
            "price_fair": 0,
            "eps_avg_yearly": 0,
            "eps_latest_yearly": 0,
            "eps_growth_yearly": 0
        },
        "20191": {
            "year_quarter": 20191,
            "year": 2019,
            "quarter": 1,
            "eps": -0.16,
            "eps_growth_year": null,
            "eps_4q": -1.1,
            "eps_4q_growth_year": null,
            "roe": -2.05,
            "roe_4q": -13.33,
            "gross_profit": 4376,
            "gross_margin": 9.6,
            "gross_margin_4q_avg": 2.99,
            "net_income": -8125,
            "net_income_4q": null,
            "revenue": 45588,
            "revenue_4q": null,
            "common_shares": 514932,
            "book_valuer_per_share": 7.74,
            "book_valuer_per_share_4q_avg": 8.13,
            "equity": 392817,
            "current_ratio": 199.42,
            "debt_ratio": 41.22,
            "inventory_turnover_ratio": 0.81,
            "account_receivable_turnover_ratio": 2.6,
            "reinvestment_rate": null,
            "research_to_sale_ratio": 12.29,
            "price_fair": 0,
            "eps_avg_yearly": 0,
            "eps_latest_yearly": 0,
            "eps_growth_yearly": 0
        },
        "20192": {
            "year_quarter": 20192,
            "year": 2019,
            "quarter": 2,
            "eps": 5.97,
            "eps_growth_year": null,
            "eps_4q": 4.97,
            "eps_4q_growth_year": null,
            "roe": 55.72,
            "roe_4q": 43.64,
            "gross_profit": -4380,
            "gross_margin": -11.05,
            "gross_margin_4q_avg": -0.73,
            "net_income": 302682,
            "net_income_4q": null,
            "revenue": 39640,
            "revenue_4q": null,
            "common_shares": 507232,
            "book_valuer_per_share": 13.67,
            "book_valuer_per_share_4q_avg": 9.37,
            "equity": 693604,
            "current_ratio": 292.23,
            "debt_ratio": 30.42,
            "inventory_turnover_ratio": 0.98,
            "account_receivable_turnover_ratio": 2.26,
            "reinvestment_rate": null,
            "research_to_sale_ratio": 10.17,
            "price_fair": 0,
            "eps_avg_yearly": 0,
            "eps_latest_yearly": 0,
            "eps_growth_yearly": 0
        },
        "20193": {
            "year_quarter": 20193,
            "year": 2019,
            "quarter": 3,
            "eps": -0.32,
            "eps_growth_year": null,
            "eps_4q": 5.23,
            "eps_4q_growth_year": null,
            "roe": -2.4,
            "roe_4q": 48.06,
            "gross_profit": -8552,
            "gross_margin": -15.23,
            "gross_margin_4q_avg": -4.96,
            "net_income": -16406,
            "net_income_4q": null,
            "revenue": 56135,
            "revenue_4q": null,
            "common_shares": 507232,
            "book_valuer_per_share": 13.24,
            "book_valuer_per_share_4q_avg": 10.64,
            "equity": 671384,
            "current_ratio": 257.88,
            "debt_ratio": 31.76,
            "inventory_turnover_ratio": 1.13,
            "account_receivable_turnover_ratio": 2.07,
            "reinvestment_rate": null,
            "research_to_sale_ratio": 7.6,
            "price_fair": 0,
            "eps_avg_yearly": 0,
            "eps_latest_yearly": 0,
            "eps_growth_yearly": 0
        },
        "20194": {
            "year_quarter": 20194,
            "year": 2019,
            "quarter": 4,
            "eps": -0.67,
            "eps_growth_year": null,
            "eps_4q": 4.81,
            "eps_4q_growth_year": null,
            "roe": -5.19,
            "roe_4q": 46.08,
            "gross_profit": 6553,
            "gross_margin": 12.15,
            "gross_margin_4q_avg": -1.13,
            "net_income": -33946,
            "net_income_4q": null,
            "revenue": 53918,
            "revenue_4q": null,
            "common_shares": 507232,
            "book_valuer_per_share": 12.54,
            "book_valuer_per_share_4q_avg": 11.8,
            "equity": 635973,
            "current_ratio": 254.49,
            "debt_ratio": 31.65,
            "inventory_turnover_ratio": 1.11,
            "account_receivable_turnover_ratio": 1.55,
            "reinvestment_rate": null,
            "research_to_sale_ratio": 7.3,
            "price_fair": 0,
            "eps_avg_yearly": 0,
            "eps_latest_yearly": 0,
            "eps_growth_yearly": 0
        },
        "20201": {
            "year_quarter": 20201,
            "year": 2020,
            "quarter": 1,
            "eps": -0.18,
            "eps_growth_year": null,
            "eps_4q": 4.79,
            "eps_4q_growth_year": null,
            "roe": -1.47,
            "roe_4q": 46.66,
            "gross_profit": 5888,
            "gross_margin": 11.99,
            "gross_margin_4q_avg": -0.54,
            "net_income": -9293,
            "net_income_4q": null,
            "revenue": 49104,
            "revenue_4q": null,
            "common_shares": 507232,
            "book_valuer_per_share": 12.32,
            "book_valuer_per_share_4q_avg": 12.94,
            "equity": 625029,
            "current_ratio": 240.18,
            "debt_ratio": 35.8,
            "inventory_turnover_ratio": 0.92,
            "account_receivable_turnover_ratio": 1.18,
            "reinvestment_rate": -2455.81,
            "research_to_sale_ratio": 16.94,
            "price_fair": 0,
            "eps_avg_yearly": 0,
            "eps_latest_yearly": 0,
            "eps_growth_yearly": 0
        },
        "20202": {
            "year_quarter": 20202,
            "year": 2020,
            "quarter": 2,
            "eps": -0.22,
            "eps_growth_year": -103.69,
            "eps_4q": -1.39,
            "eps_4q_growth_year": -127.99,
            "roe": -1.79,
            "roe_4q": -10.85,
            "gross_profit": 15080,
            "gross_margin": 24.96,
            "gross_margin_4q_avg": 8.47,
            "net_income": -10959,
            "net_income_4q": null,
            "revenue": 60422,
            "revenue_4q": null,
            "common_shares": 507232,
            "book_valuer_per_share": 11.81,
            "book_valuer_per_share_4q_avg": 12.48,
            "equity": 599195,
            "current_ratio": 228.3,
            "debt_ratio": 34.6,
            "inventory_turnover_ratio": 0.9,
            "account_receivable_turnover_ratio": 1.59,
            "reinvestment_rate": -1385.88,
            "research_to_sale_ratio": 10.51,
            "price_fair": 0,
            "eps_avg_yearly": 0,
            "eps_latest_yearly": 0,
            "eps_growth_yearly": 0
        },
        "20203": {
            "year_quarter": 20203,
            "year": 2020,
            "quarter": 3,
            "eps": -0.43,
            "eps_growth_year": null,
            "eps_4q": -1.49,
            "eps_4q_growth_year": -128.58,
            "roe": -3.66,
            "roe_4q": -12.11,
            "gross_profit": 7590,
            "gross_margin": 9.41,
            "gross_margin_4q_avg": 14.63,
            "net_income": -21564,
            "net_income_4q": null,
            "revenue": 80676,
            "revenue_4q": null,
            "common_shares": 507232,
            "book_valuer_per_share": 11.44,
            "book_valuer_per_share_4q_avg": 12.03,
            "equity": 580247,
            "current_ratio": 214.04,
            "debt_ratio": 36.92,
            "inventory_turnover_ratio": 1.38,
            "account_receivable_turnover_ratio": 2.4,
            "reinvestment_rate": -208.54,
            "research_to_sale_ratio": 4.93,
            "price_fair": 0,
            "eps_avg_yearly": 0,
            "eps_latest_yearly": 0,
            "eps_growth_yearly": 0
        },
        "20204": {
            "year_quarter": 20204,
            "year": 2020,
            "quarter": 4,
            "eps": -0.55,
            "eps_growth_year": null,
            "eps_4q": -1.37,
            "eps_4q_growth_year": -128.54,
            "roe": -4.9,
            "roe_4q": -11.820000000000002,
            "gross_profit": 6503,
            "gross_margin": 11.39,
            "gross_margin_4q_avg": 14.44,
            "net_income": -27892,
            "net_income_4q": null,
            "revenue": 57112,
            "revenue_4q": null,
            "common_shares": 507232,
            "book_valuer_per_share": 11.02,
            "book_valuer_per_share_4q_avg": 11.65,
            "equity": 559024,
            "current_ratio": 190.17,
            "debt_ratio": 41.69,
            "inventory_turnover_ratio": 0.44,
            "account_receivable_turnover_ratio": 1.89,
            "reinvestment_rate": -524.42,
            "research_to_sale_ratio": 7.52,
            "price_fair": 0,
            "eps_avg_yearly": 0,
            "eps_latest_yearly": 0,
            "eps_growth_yearly": 0
        },
        "20211": {
            "year_quarter": 20211,
            "year": 2021,
            "quarter": 1,
            "eps": -0.22,
            "eps_growth_year": null,
            "eps_4q": -1.42,
            "eps_4q_growth_year": -129.54,
            "roe": -2.03,
            "roe_4q": -12.379999999999999,
            "gross_profit": 15256,
            "gross_margin": 22.36,
            "gross_margin_4q_avg": 17.03,
            "net_income": -11378,
            "net_income_4q": null,
            "revenue": 68231,
            "revenue_4q": null,
            "common_shares": 507232,
            "book_valuer_per_share": 11.06,
            "book_valuer_per_share_4q_avg": 11.33,
            "equity": 561060,
            "current_ratio": 383.96,
            "debt_ratio": 53.66,
            "inventory_turnover_ratio": 0.31,
            "account_receivable_turnover_ratio": 1.84,
            "reinvestment_rate": -135.83,
            "research_to_sale_ratio": 8.23,
            "price_fair": 0,
            "eps_avg_yearly": 0,
            "eps_latest_yearly": 0,
            "eps_growth_yearly": 0
        },
        "20212": {
            "year_quarter": 20212,
            "year": 2021,
            "quarter": 2,
            "eps": -0.44,
            "eps_growth_year": null,
            "eps_4q": -1.45,
            "eps_4q_growth_year": null,
            "roe": -3.32,
            "roe_4q": -13.91,
            "gross_profit": 13521,
            "gross_margin": 5.83,
            "gross_margin_4q_avg": 12.25,
            "net_income": -24296,
            "net_income_4q": null,
            "revenue": 231766,
            "revenue_4q": null,
            "common_shares": 587232,
            "book_valuer_per_share": 15.36,
            "book_valuer_per_share_4q_avg": 12.22,
            "equity": 901764,
            "current_ratio": 455.22,
            "debt_ratio": 43.37,
            "inventory_turnover_ratio": 0.92,
            "account_receivable_turnover_ratio": 2.25,
            "reinvestment_rate": -100.01,
            "research_to_sale_ratio": 2.86,
            "price_fair": 0,
            "eps_avg_yearly": 0,
            "eps_latest_yearly": 0,
            "eps_growth_yearly": 0
        },
        "20213": {
            "year_quarter": 20213,
            "year": 2021,
            "quarter": 3,
            "eps": -0.33,
            "eps_growth_year": null,
            "eps_4q": -1.42,
            "eps_4q_growth_year": null,
            "roe": -2.19,
            "roe_4q": -12.44,
            "gross_profit": 3966,
            "gross_margin": 1.16,
            "gross_margin_4q_avg": 10.19,
            "net_income": -19578,
            "net_income_4q": null,
            "revenue": 341997,
            "revenue_4q": null,
            "common_shares": 587232,
            "book_valuer_per_share": 15.08,
            "book_valuer_per_share_4q_avg": 13.13,
            "equity": 885769,
            "current_ratio": 493.37,
            "debt_ratio": 42.6,
            "inventory_turnover_ratio": 1.07,
            "account_receivable_turnover_ratio": 2.07,
            "reinvestment_rate": -86.33,
            "research_to_sale_ratio": 1.76,
            "price_fair": 0,
            "eps_avg_yearly": 0,
            "eps_latest_yearly": 0,
            "eps_growth_yearly": 0
        },
        "20214": {
            "year_quarter": 20214,
            "year": 2021,
            "quarter": 4,
            "eps": -0.22,
            "eps_growth_year": null,
            "eps_4q": -1.16,
            "eps_4q_growth_year": null,
            "roe": -1.47,
            "roe_4q": -9.01,
            "gross_profit": 18619,
            "gross_margin": 7.06,
            "gross_margin_4q_avg": 9.1,
            "net_income": -12928,
            "net_income_4q": null,
            "revenue": 263573,
            "revenue_4q": null,
            "common_shares": 587232,
            "book_valuer_per_share": 14.94,
            "book_valuer_per_share_4q_avg": 14.11,
            "equity": 877440,
            "current_ratio": 359.39,
            "debt_ratio": 45.94,
            "inventory_turnover_ratio": 0.82,
            "account_receivable_turnover_ratio": 1.81,
            "reinvestment_rate": -68.72,
            "research_to_sale_ratio": 2.22,
            "price_fair": 0,
            "eps_avg_yearly": 0,
            "eps_latest_yearly": 0,
            "eps_growth_yearly": 0
        },
        "20221": {
            "year_quarter": 20221,
            "year": 2022,
            "quarter": 1,
            "eps": 0.8,
            "eps_growth_year": null,
            "eps_4q": -0.16,
            "eps_4q_growth_year": null,
            "roe": 5.22,
            "roe_4q": -1.7599999999999998,
            "gross_profit": 55000,
            "gross_margin": 17.81,
            "gross_margin_4q_avg": 7.97,
            "net_income": 47250,
            "net_income_4q": null,
            "revenue": 308799,
            "revenue_4q": null,
            "common_shares": 587232,
            "book_valuer_per_share": 15.9,
            "book_valuer_per_share_4q_avg": 15.32,
            "equity": 933436,
            "current_ratio": 181.12,
            "debt_ratio": 48.44,
            "inventory_turnover_ratio": 0.99,
            "account_receivable_turnover_ratio": 1.88,
            "reinvestment_rate": -13.15,
            "research_to_sale_ratio": 2.25,
            "price_fair": 0,
            "eps_avg_yearly": 0,
            "eps_latest_yearly": 0,
            "eps_growth_yearly": 0
        },
        "20222": {
            "year_quarter": 20222,
            "year": 2022,
            "quarter": 2,
            "eps": 0.33,
            "eps_growth_year": null,
            "eps_4q": 0.58,
            "eps_4q_growth_year": null,
            "roe": 2.07,
            "roe_4q": 3.6299999999999994,
            "gross_profit": 33143,
            "gross_margin": 10.55,
            "gross_margin_4q_avg": 9.15,
            "net_income": 19515,
            "net_income_4q": null,
            "revenue": 314036,
            "revenue_4q": null,
            "common_shares": 587232,
            "book_valuer_per_share": 16.26,
            "book_valuer_per_share_4q_avg": 15.55,
            "equity": 954680,
            "current_ratio": 149.02,
            "debt_ratio": 60.16,
            "inventory_turnover_ratio": 0.94,
            "account_receivable_turnover_ratio": 1.19,
            "reinvestment_rate": 8.52,
            "research_to_sale_ratio": 3.78,
            "price_fair": 3.96,
            "eps_avg_yearly": 1.32,
            "eps_latest_yearly": 1.32,
            "eps_growth_yearly": -235
        },
        "20223": {
            "year_quarter": 20223,
            "year": 2022,
            "quarter": 3,
            "eps": 1.03,
            "eps_growth_year": null,
            "eps_4q": 1.76,
            "eps_4q_growth_year": null,
            "roe": 5.71,
            "roe_4q": 11.53,
            "gross_profit": 76650,
            "gross_margin": 18.87,
            "gross_margin_4q_avg": 13.57,
            "net_income": 63437,
            "net_income_4q": null,
            "revenue": 406181,
            "revenue_4q": null,
            "common_shares": 667232,
            "book_valuer_per_share": 18.99,
            "book_valuer_per_share_4q_avg": 16.52,
            "equity": 1267376,
            "current_ratio": 177.3,
            "debt_ratio": 48.59,
            "inventory_turnover_ratio": 0.81,
            "account_receivable_turnover_ratio": 1.4,
            "reinvestment_rate": 20.13,
            "research_to_sale_ratio": 3.29,
            "price_fair": 95.2,
            "eps_avg_yearly": 2.72,
            "eps_latest_yearly": 4.12,
            "eps_growth_yearly": 306.74
        },
        "20224": {
            "year_quarter": 20224,
            "year": 2022,
            "quarter": 4,
            "eps": 0.08,
            "eps_growth_year": null,
            "eps_4q": 2.02,
            "eps_4q_growth_year": null,
            "roe": 0.4,
            "roe_4q": 13.399999999999999,
            "gross_profit": 58936,
            "gross_margin": 13.02,
            "gross_margin_4q_avg": 15.06,
            "net_income": 5091,
            "net_income_4q": null,
            "revenue": 452708,
            "revenue_4q": null,
            "common_shares": 671157,
            "book_valuer_per_share": 19.04,
            "book_valuer_per_share_4q_avg": 17.55,
            "equity": 1285120,
            "current_ratio": 191.27,
            "debt_ratio": 44.79,
            "inventory_turnover_ratio": 0.84,
            "account_receivable_turnover_ratio": 1.27,
            "reinvestment_rate": 18.08,
            "research_to_sale_ratio": 3.41,
            "price_fair": 67.2,
            "eps_avg_yearly": 1.92,
            "eps_latest_yearly": 0.32,
            "eps_growth_yearly": 81.52
        },
        "20231": {
            "year_quarter": 20231,
            "year": 2023,
            "quarter": 1,
            "eps": 0.1,
            "eps_growth_year": -87.5,
            "eps_4q": 1.41,
            "eps_4q_growth_year": null,
            "roe": 0.52,
            "roe_4q": 8.7,
            "gross_profit": 36491,
            "gross_margin": 14.05,
            "gross_margin_4q_avg": 14.12,
            "net_income": 6766,
            "net_income_4q": null,
            "revenue": 259797,
            "revenue_4q": null,
            "common_shares": 667232,
            "book_valuer_per_share": 19.31,
            "book_valuer_per_share_4q_avg": 18.4,
            "equity": 1298749,
            "current_ratio": 193.78,
            "debt_ratio": 44.12,
            "inventory_turnover_ratio": 0.55,
            "account_receivable_turnover_ratio": 0.74,
            "reinvestment_rate": 56.38,
            "research_to_sale_ratio": 1.93,
            "price_fair": 53.9,
            "eps_avg_yearly": 1.54,
            "eps_latest_yearly": 0.4,
            "eps_growth_yearly": 86.14
        },
        "20232": {
            "year_quarter": 20232,
            "year": 2023,
            "quarter": 2,
            "eps": -0.1,
            "eps_growth_year": -130.3,
            "eps_4q": 0.89,
            "eps_4q_growth_year": 52.12,
            "roe": -0.45,
            "roe_4q": 6.18,
            "gross_profit": 28082,
            "gross_margin": 12.42,
            "gross_margin_4q_avg": 14.59,
            "net_income": -6736,
            "net_income_4q": null,
            "revenue": 226049,
            "revenue_4q": null,
            "common_shares": 772505,
            "book_valuer_per_share": 21.55,
            "book_valuer_per_share_4q_avg": 19.72,
            "equity": 1669531,
            "current_ratio": 242.26,
            "debt_ratio": 34.15,
            "inventory_turnover_ratio": 0.63,
            "account_receivable_turnover_ratio": 0.75,
            "reinvestment_rate": null,
            "research_to_sale_ratio": 4.82,
            "price_fair": 53.9,
            "eps_avg_yearly": 1.54,
            "eps_latest_yearly": 0.4,
            "eps_growth_yearly": 86.14
        },
        "20233": {
            "year_quarter": 20233,
            "year": 2023,
            "quarter": 3,
            "eps": 0.16,
            "eps_growth_year": -84.47,
            "eps_4q": 0.22,
            "eps_4q_growth_year": -87.27,
            "roe": 0.69,
            "roe_4q": 1.1600000000000001,
            "gross_profit": -1542,
            "gross_margin": -0.79,
            "gross_margin_4q_avg": 9.68,
            "net_income": 11640,
            "net_income_4q": null,
            "revenue": 195167,
            "revenue_4q": null,
            "common_shares": 772505,
            "book_valuer_per_share": 21.78,
            "book_valuer_per_share_4q_avg": 20.42,
            "equity": 1686702,
            "current_ratio": 236.97,
            "debt_ratio": 34.25,
            "inventory_turnover_ratio": 0.76,
            "account_receivable_turnover_ratio": 0.44,
            "reinvestment_rate": null,
            "research_to_sale_ratio": 5.73,
            "price_fair": 53.9,
            "eps_avg_yearly": 1.54,
            "eps_latest_yearly": 0.4,
            "eps_growth_yearly": 86.14
        },
        "20234": {
            "year_quarter": 20234,
            "year": 2023,
            "quarter": 4,
            "eps": -0.64,
            "eps_growth_year": -939.05,
            "eps_4q": -0.48,
            "eps_4q_growth_year": -123.64,
            "roe": -3.02,
            "roe_4q": -2.2600000000000002,
            "gross_profit": 45383,
            "gross_margin": 19.42,
            "gross_margin_4q_avg": 11.28,
            "net_income": -49424,
            "net_income_4q": null,
            "revenue": 233658,
            "revenue_4q": null,
            "common_shares": 772505,
            "book_valuer_per_share": 20.84,
            "book_valuer_per_share_4q_avg": 20.87,
            "equity": 1591877,
            "current_ratio": 232.41,
            "debt_ratio": 34.34,
            "inventory_turnover_ratio": 0.6,
            "account_receivable_turnover_ratio": 0.62,
            "reinvestment_rate": null,
            "research_to_sale_ratio": 4.94,
            "price_fair": 53.9,
            "eps_avg_yearly": 1.54,
            "eps_latest_yearly": 0.4,
            "eps_growth_yearly": 86.14
        }
    },
    "months": {
        "2010-10": {
            "month": "2010-10",
            "price": "41.39",
            "revenue": 233000
        },
        "2010-11": {
            "month": "2010-11",
            "price": "40.07",
            "revenue": 147968
        },
        "2010-12": {
            "month": "2010-12",
            "price": "37.66",
            "revenue": 220919
        },
        "2011-01": {
            "month": "2011-01",
            "price": "41.38",
            "revenue": 218177
        },
        "2011-02": {
            "month": "2011-02",
            "price": "42.52",
            "revenue": 118973
        },
        "2011-03": {
            "month": "2011-03",
            "price": "46.42",
            "revenue": 284206
        },
        "2011-04": {
            "month": "2011-04",
            "price": "48.18",
            "revenue": 254896
        },
        "2011-05": {
            "month": "2011-05",
            "price": "47.30",
            "revenue": 190973
        },
        "2011-06": {
            "month": "2011-06",
            "price": "46.31",
            "revenue": 122099
        },
        "2011-07": {
            "month": "2011-07",
            "price": "44.58",
            "revenue": 202029
        },
        "2011-08": {
            "month": "2011-08",
            "price": "36.36",
            "revenue": 154518
        },
        "2011-09": {
            "month": "2011-09",
            "price": "32.70",
            "revenue": 186268
        },
        "2011-10": {
            "month": "2011-10",
            "price": "31.96",
            "revenue": 181527
        },
        "2011-11": {
            "month": "2011-11",
            "price": "30.81",
            "revenue": 165030
        },
        "2011-12": {
            "month": "2011-12",
            "price": "21.38",
            "revenue": 78964
        },
        "2012-01": {
            "month": "2012-01",
            "price": "18.78",
            "revenue": 82378
        },
        "2012-02": {
            "month": "2012-02",
            "price": "26.61",
            "revenue": 68738
        },
        "2012-03": {
            "month": "2012-03",
            "price": "26.06",
            "revenue": 157882
        },
        "2012-04": {
            "month": "2012-04",
            "price": "21.74",
            "revenue": 141702
        },
        "2012-05": {
            "month": "2012-05",
            "price": "20.93",
            "revenue": 181760
        },
        "2012-06": {
            "month": "2012-06",
            "price": "20.15",
            "revenue": 105492
        },
        "2012-07": {
            "month": "2012-07",
            "price": "18.47",
            "revenue": 217847
        },
        "2012-08": {
            "month": "2012-08",
            "price": "17.19",
            "revenue": 153893
        },
        "2012-09": {
            "month": "2012-09",
            "price": "17.35",
            "revenue": 176282
        },
        "2012-10": {
            "month": "2012-10",
            "price": "14.56",
            "revenue": 199408
        },
        "2012-11": {
            "month": "2012-11",
            "price": "13.03",
            "revenue": 220856
        },
        "2012-12": {
            "month": "2012-12",
            "price": "14.28",
            "revenue": 147350
        },
        "2013-01": {
            "month": "2013-01",
            "price": "14.54",
            "revenue": 153054
        },
        "2013-02": {
            "month": "2013-02",
            "price": "13.73",
            "revenue": 62240
        },
        "2013-03": {
            "month": "2013-03",
            "price": "13.43",
            "revenue": 98278
        },
        "2013-04": {
            "month": "2013-04",
            "price": "13.58",
            "revenue": 102702
        },
        "2013-05": {
            "month": "2013-05",
            "price": "13.98",
            "revenue": 78138
        },
        "2013-06": {
            "month": "2013-06",
            "price": "13.25",
            "revenue": 83016
        },
        "2013-07": {
            "month": "2013-07",
            "price": "11.99",
            "revenue": 103849
        },
        "2013-08": {
            "month": "2013-08",
            "price": "11.77",
            "revenue": 108085
        },
        "2013-09": {
            "month": "2013-09",
            "price": "12.30",
            "revenue": 108338
        },
        "2013-10": {
            "month": "2013-10",
            "price": "12.13",
            "revenue": 120947
        },
        "2013-11": {
            "month": "2013-11",
            "price": "11.46",
            "revenue": 110364
        },
        "2013-12": {
            "month": "2013-12",
            "price": "12.55",
            "revenue": 110196
        },
        "2014-01": {
            "month": "2014-01",
            "price": "17.12",
            "revenue": 205875
        },
        "2014-02": {
            "month": "2014-02",
            "price": "19.40",
            "revenue": 170148
        },
        "2014-03": {
            "month": "2014-03",
            "price": "22.83",
            "revenue": 318505
        },
        "2014-04": {
            "month": "2014-04",
            "price": "25.35",
            "revenue": 493091
        },
        "2014-05": {
            "month": "2014-05",
            "price": "27.58",
            "revenue": 391846
        },
        "2014-06": {
            "month": "2014-06",
            "price": "29.68",
            "revenue": 208076
        },
        "2014-07": {
            "month": "2014-07",
            "price": "25.69",
            "revenue": 222096
        },
        "2014-08": {
            "month": "2014-08",
            "price": "20.17",
            "revenue": 188442
        },
        "2014-09": {
            "month": "2014-09",
            "price": "18.77",
            "revenue": 252483
        },
        "2014-10": {
            "month": "2014-10",
            "price": "19.49",
            "revenue": 253773
        },
        "2014-11": {
            "month": "2014-11",
            "price": "17.97",
            "revenue": 243082
        },
        "2014-12": {
            "month": "2014-12",
            "price": "18.34",
            "revenue": 286468
        },
        "2015-01": {
            "month": "2015-01",
            "price": "19.45",
            "revenue": 143791
        },
        "2015-02": {
            "month": "2015-02",
            "price": "18.31",
            "revenue": 207535
        },
        "2015-03": {
            "month": "2015-03",
            "price": "17.58",
            "revenue": 159107
        },
        "2015-04": {
            "month": "2015-04",
            "price": "14.86",
            "revenue": 213364
        },
        "2015-05": {
            "month": "2015-05",
            "price": "12.18",
            "revenue": 214354
        },
        "2015-06": {
            "month": "2015-06",
            "price": "10.34",
            "revenue": 176418
        },
        "2015-07": {
            "month": "2015-07",
            "price": "9.16",
            "revenue": 211003
        },
        "2015-08": {
            "month": "2015-08",
            "price": "6.39",
            "revenue": 177533
        },
        "2015-09": {
            "month": "2015-09",
            "price": "7.95",
            "revenue": 216658
        },
        "2015-10": {
            "month": "2015-10",
            "price": "8.46",
            "revenue": 206497
        },
        "2015-11": {
            "month": "2015-11",
            "price": "8.93",
            "revenue": 137403
        },
        "2015-12": {
            "month": "2015-12",
            "price": "11.35",
            "revenue": 156177
        },
        "2016-01": {
            "month": "2016-01",
            "price": "10.35",
            "revenue": 171968
        },
        "2016-02": {
            "month": "2016-02",
            "price": "11.61",
            "revenue": 161644
        },
        "2016-03": {
            "month": "2016-03",
            "price": "12.53",
            "revenue": 73168
        },
        "2016-04": {
            "month": "2016-04",
            "price": "11.71",
            "revenue": 116561
        },
        "2016-05": {
            "month": "2016-05",
            "price": "10.85",
            "revenue": 106110
        },
        "2016-06": {
            "month": "2016-06",
            "price": "10.81",
            "revenue": 130230
        },
        "2016-07": {
            "month": "2016-07",
            "price": "10.98",
            "revenue": 246054
        },
        "2016-08": {
            "month": "2016-08",
            "price": "11.23",
            "revenue": 165042
        },
        "2016-09": {
            "month": "2016-09",
            "price": "11.22",
            "revenue": 135794
        },
        "2016-10": {
            "month": "2016-10",
            "price": "9.73",
            "revenue": 100375
        },
        "2016-11": {
            "month": "2016-11",
            "price": "8.43",
            "revenue": 153906
        },
        "2016-12": {
            "month": "2016-12",
            "price": "8.70",
            "revenue": 117613
        },
        "2017-01": {
            "month": "2017-01",
            "price": "9.08",
            "revenue": 177496
        },
        "2017-02": {
            "month": "2017-02",
            "price": "11.29",
            "revenue": 107818
        },
        "2017-03": {
            "month": "2017-03",
            "price": "10.97",
            "revenue": 119811
        },
        "2017-04": {
            "month": "2017-04",
            "price": "10.49",
            "revenue": 75928
        },
        "2017-05": {
            "month": "2017-05",
            "price": "9.42",
            "revenue": 55232
        },
        "2017-06": {
            "month": "2017-06",
            "price": "9.25",
            "revenue": 55154
        },
        "2017-07": {
            "month": "2017-07",
            "price": "9.03",
            "revenue": 84321
        },
        "2017-08": {
            "month": "2017-08",
            "price": "8.40",
            "revenue": 57283
        },
        "2017-09": {
            "month": "2017-09",
            "price": "8.48",
            "revenue": 35176
        },
        "2017-10": {
            "month": "2017-10",
            "price": "8.91",
            "revenue": 28584
        },
        "2017-11": {
            "month": "2017-11",
            "price": "12.66",
            "revenue": 28266
        },
        "2017-12": {
            "month": "2017-12",
            "price": "18.28",
            "revenue": 39278
        },
        "2018-01": {
            "month": "2018-01",
            "price": "13.29",
            "revenue": 37636
        },
        "2018-02": {
            "month": "2018-02",
            "price": "12.25",
            "revenue": 27670
        },
        "2018-03": {
            "month": "2018-03",
            "price": "12.27",
            "revenue": 34928
        },
        "2018-04": {
            "month": "2018-04",
            "price": "10.51",
            "revenue": 31395
        },
        "2018-05": {
            "month": "2018-05",
            "price": "8.63",
            "revenue": 52149
        },
        "2018-06": {
            "month": "2018-06",
            "price": "9.70",
            "revenue": 45464
        },
        "2018-07": {
            "month": "2018-07",
            "price": "9.12",
            "revenue": 32955
        },
        "2018-08": {
            "month": "2018-08",
            "price": "9.11",
            "revenue": 26945
        },
        "2018-09": {
            "month": "2018-09",
            "price": "10.66",
            "revenue": 38548
        },
        "2018-10": {
            "month": "2018-10",
            "price": "10.21",
            "revenue": 30062
        },
        "2018-11": {
            "month": "2018-11",
            "price": "9.85",
            "revenue": 28926
        },
        "2018-12": {
            "month": "2018-12",
            "price": "10.15",
            "revenue": 20338
        },
        "2019-01": {
            "month": "2019-01",
            "price": "10.93",
            "revenue": 20434
        },
        "2019-02": {
            "month": "2019-02",
            "price": "11.18",
            "revenue": 15349
        },
        "2019-03": {
            "month": "2019-03",
            "price": "12.63",
            "revenue": 12446
        },
        "2019-04": {
            "month": "2019-04",
            "price": "11.26",
            "revenue": 6044
        },
        "2019-05": {
            "month": "2019-05",
            "price": "10.19",
            "revenue": 21185
        },
        "2019-06": {
            "month": "2019-06",
            "price": "10.06",
            "revenue": 12412
        },
        "2019-07": {
            "month": "2019-07",
            "price": "10.11",
            "revenue": 21144
        },
        "2019-08": {
            "month": "2019-08",
            "price": "11.28",
            "revenue": 17337
        },
        "2019-09": {
            "month": "2019-09",
            "price": "11.94",
            "revenue": 17654
        },
        "2019-10": {
            "month": "2019-10",
            "price": "11.25",
            "revenue": 20877
        },
        "2019-11": {
            "month": "2019-11",
            "price": "11.09",
            "revenue": 14764
        },
        "2019-12": {
            "month": "2019-12",
            "price": "11.60",
            "revenue": 18276
        },
        "2020-01": {
            "month": "2020-01",
            "price": "10.98",
            "revenue": 14467
        },
        "2020-02": {
            "month": "2020-02",
            "price": "10.93",
            "revenue": 10168
        },
        "2020-03": {
            "month": "2020-03",
            "price": "11.49",
            "revenue": 24469
        },
        "2020-04": {
            "month": "2020-04",
            "price": "11.02",
            "revenue": 27461
        },
        "2020-05": {
            "month": "2020-05",
            "price": "14.37",
            "revenue": 18909
        },
        "2020-06": {
            "month": "2020-06",
            "price": "15.42",
            "revenue": 14052
        },
        "2020-07": {
            "month": "2020-07",
            "price": "19.44",
            "revenue": 23850
        },
        "2020-08": {
            "month": "2020-08",
            "price": "26.79",
            "revenue": 23584
        },
        "2020-09": {
            "month": "2020-09",
            "price": "38.12",
            "revenue": 38337
        },
        "2020-10": {
            "month": "2020-10",
            "price": "35.41",
            "revenue": 24595
        },
        "2020-11": {
            "month": "2020-11",
            "price": "39.36",
            "revenue": 20080
        },
        "2020-12": {
            "month": "2020-12",
            "price": "45.59",
            "revenue": 11684
        },
        "2021-01": {
            "month": "2021-01",
            "price": "43.96",
            "revenue": 33919
        },
        "2021-02": {
            "month": "2021-02",
            "price": "49.38",
            "revenue": 19696
        },
        "2021-03": {
            "month": "2021-03",
            "price": "56.92",
            "revenue": 14616
        },
        "2021-04": {
            "month": "2021-04",
            "price": "61.35",
            "revenue": 70055
        },
        "2021-05": {
            "month": "2021-05",
            "price": "53.85",
            "revenue": 17385
        },
        "2021-06": {
            "month": "2021-06",
            "price": "51.72",
            "revenue": 144326
        },
        "2021-07": {
            "month": "2021-07",
            "price": "62.33",
            "revenue": 141660
        },
        "2021-08": {
            "month": "2021-08",
            "price": "55.86",
            "revenue": 131679
        },
        "2021-09": {
            "month": "2021-09",
            "price": "52.73",
            "revenue": 68658
        },
        "2021-10": {
            "month": "2021-10",
            "price": "46.20",
            "revenue": 48301
        },
        "2021-11": {
            "month": "2021-11",
            "price": "50.94",
            "revenue": 164286
        },
        "2021-12": {
            "month": "2021-12",
            "price": "54.72",
            "revenue": 50986
        },
        "2022-01": {
            "month": "2022-01",
            "price": "49.72",
            "revenue": 54344
        },
        "2022-02": {
            "month": "2022-02",
            "price": "48.87",
            "revenue": 58727
        },
        "2022-03": {
            "month": "2022-03",
            "price": "50.49",
            "revenue": 195728
        },
        "2022-04": {
            "month": "2022-04",
            "price": "51.14",
            "revenue": 135324
        },
        "2022-05": {
            "month": "2022-05",
            "price": "49.92",
            "revenue": 98958
        },
        "2022-06": {
            "month": "2022-06",
            "price": "47.93",
            "revenue": 79754
        },
        "2022-07": {
            "month": "2022-07",
            "price": "38.92",
            "revenue": 121524
        },
        "2022-08": {
            "month": "2022-08",
            "price": "38.77",
            "revenue": 144308
        },
        "2022-09": {
            "month": "2022-09",
            "price": "39.02",
            "revenue": 140350
        },
        "2022-10": {
            "month": "2022-10",
            "price": "37.01",
            "revenue": 133623
        },
        "2022-11": {
            "month": "2022-11",
            "price": "41.42",
            "revenue": 134711
        },
        "2022-12": {
            "month": "2022-12",
            "price": "48.57",
            "revenue": 184374
        },
        "2023-01": {
            "month": "2023-01",
            "price": "54.98",
            "revenue": 73079
        },
        "2023-02": {
            "month": "2023-02",
            "price": "61.47",
            "revenue": 71198
        },
        "2023-03": {
            "month": "2023-03",
            "price": "63.53",
            "revenue": 115520
        },
        "2023-04": {
            "month": "2023-04",
            "price": "59.55",
            "revenue": 107370
        },
        "2023-05": {
            "month": "2023-05",
            "price": "55.50",
            "revenue": 85333
        },
        "2023-06": {
            "month": "2023-06",
            "price": "50.47",
            "revenue": 33346
        },
        "2023-07": {
            "month": "2023-07",
            "price": "45.15",
            "revenue": 43098
        },
        "2023-08": {
            "month": "2023-08",
            "price": "39.23",
            "revenue": 54476
        },
        "2023-09": {
            "month": "2023-09",
            "price": "39.53",
            "revenue": 97593
        },
        "2023-10": {
            "month": "2023-10",
            "price": "39.96",
            "revenue": 68115
        },
        "2023-11": {
            "month": "2023-11",
            "price": "41.29",
            "revenue": 90294
        },
        "2023-12": {
            "month": "2023-12",
            "price": "41.15",
            "revenue": 75249
        },
        "2024-01": {
            "month": "2024-01",
            "price": "39.44",
            "revenue": 98318
        },
        "2024-02": {
            "month": "2024-02",
            "price": "39.75",
            "revenue": 93467
        }
    }
}
