{
    "summary": {
        "stock_name": "智捷",
        "stock_id": "8176",
        "category": "通信網路",
        "main_business": "無線網路產品",
        "website_url": "http://www.zcom.com.tw",
        "ceo": "吳佳芳",
        "pe_ratio": -14,
        "report_year_from": 2001,
        "report_year_to": 2023,
        "age": 22,
        "eps_negative_percentage": 50,
        "eps_growth_avg": {
            "last_all": -25.68,
            "last_2y": -100,
            "last_4y": -59.55,
            "last_8y": -10.82,
            "last_12y": null,
            "last_16y": null,
            "last_20y": null,
            "at_2006_last_3y": null,
            "at_2007_last_3y": null,
            "at_2008_last_3y": null,
            "at_2009_last_3y": null,
            "at_2010_last_3y": null,
            "at_2011_last_3y": null,
            "at_2012_last_3y": null,
            "at_2013_last_3y": null,
            "at_2014_last_3y": null,
            "at_2015_last_3y": null,
            "at_2016_last_3y": -10.71,
            "at_2017_last_3y": 62.29,
            "at_2018_last_3y": 37.87,
            "at_2019_last_3y": 11.48,
            "at_2020_last_3y": -33.16,
            "at_2021_last_3y": -59.55,
            "at_2022_last_3y": -83.85,
            "at_2023_last_3y": -83.85,
            "at_2006_last_all": null,
            "at_2007_last_all": null,
            "at_2008_last_all": null,
            "at_2009_last_all": null,
            "at_2010_last_all": null,
            "at_2011_last_all": null,
            "at_2012_last_all": null,
            "at_2013_last_all": null,
            "at_2014_last_all": -100,
            "at_2015_last_all": -100,
            "at_2016_last_all": -10.71,
            "at_2017_last_all": 8.19,
            "at_2018_last_all": 3.4,
            "at_2019_last_all": -10.82,
            "at_2020_last_all": -25.68,
            "at_2021_last_all": -25.68,
            "at_2022_last_all": -25.68,
            "at_2023_last_all": -25.68
        },
        "latest_eps": -0.82,
        "latest_price": 11.3,
        "latest_roe": -10.71,
        "latest_gross_margin": 27.76,
        "latest_equity": 495329,
        "latest_revenue": 59386,
        "latest_gross_profit": 16484,
        "latest_net_income": -22918,
        "latest_debt_ratio": 32.08,
        "latest_current_ratio": 228.94,
        "latest_account_receivable_turnover_ratio": 1.43,
        "latest_inventory_turnover_ratio": 0.2,
        "latest_reinvestment_rate": null,
        "latest_research_to_sale_ratio": 27.5
    },
    "eps_dividends": {
        "2001": {
            "cash": 0,
            "stock": 0,
            "eps": 0
        },
        "2002": {
            "cash": 0,
            "stock": 0,
            "eps": 0
        },
        "2003": {
            "cash": 0,
            "stock": 0,
            "eps": 0
        },
        "2004": {
            "cash": 0.5,
            "stock": 150,
            "eps": 0
        },
        "2005": {
            "cash": 0,
            "stock": 0,
            "eps": 0
        },
        "2006": {
            "cash": 0,
            "stock": 0,
            "eps": 0
        },
        "2007": {
            "cash": 0.36,
            "stock": 0,
            "eps": 0
        },
        "2008": {
            "cash": 0.62,
            "stock": 0,
            "eps": 0
        },
        "2009": {
            "cash": 0,
            "stock": 0,
            "eps": 0
        },
        "2010": {
            "cash": 1.2,
            "stock": 0,
            "eps": 0
        },
        "2011": {
            "cash": 0.5,
            "stock": 0,
            "eps": 0
        },
        "2012": {
            "cash": 1.1,
            "stock": 0,
            "eps": 0.59
        },
        "2013": {
            "cash": 1.2,
            "stock": 0,
            "eps": -1.06
        },
        "2014": {
            "cash": 0,
            "stock": 0,
            "eps": -2.74
        },
        "2015": {
            "cash": 0,
            "stock": 0,
            "eps": 0.28
        },
        "2016": {
            "cash": 0,
            "stock": 0,
            "eps": 0.5
        },
        "2017": {
            "cash": 0.3,
            "stock": 0,
            "eps": 0.73
        },
        "2018": {
            "cash": 0.55,
            "stock": 0,
            "eps": 0.65
        },
        "2019": {
            "cash": 0.6,
            "stock": 0,
            "eps": 0.21
        },
        "2020": {
            "cash": 0.15,
            "stock": 0,
            "eps": -1.27
        },
        "2021": {
            "cash": 0,
            "stock": 0,
            "eps": -0.88
        },
        "2022": {
            "cash": 0,
            "stock": 0,
            "eps": -0.94
        },
        "2023": {
            "cash": 0,
            "stock": 0,
            "eps": -0.33
        }
    },
    "dividends": {
        "2004-06-01": {
            "cash": 0.5,
            "stock": 150
        },
        "2007-04-11": {
            "cash": 0.36,
            "stock": 0
        },
        "2008-05-05": {
            "cash": 0.62,
            "stock": 0
        },
        "2010-03-31": {
            "cash": 1.2,
            "stock": 0
        },
        "2011-04-20": {
            "cash": 0.5,
            "stock": 0
        },
        "2012-05-25": {
            "cash": 1.1,
            "stock": 0
        },
        "2013-05-31": {
            "cash": 1.2,
            "stock": 0
        },
        "2017-08-17": {
            "cash": 0.3,
            "stock": 0
        },
        "2018-07-12": {
            "cash": 0.55,
            "stock": 0
        },
        "2019-08-01": {
            "cash": 0.6,
            "stock": 0
        },
        "2020-09-15": {
            "cash": 0.15,
            "stock": 0
        }
    },
    "prices": {
        "200101": "無",
        "200102": "無",
        "200103": "無",
        "200104": "無",
        "200105": "無",
        "200106": "無",
        "200107": "無",
        "200108": "無",
        "200109": "無",
        "200110": "無",
        "200111": "無",
        "200112": "無",
        "200201": "無",
        "200202": "無",
        "200203": "無",
        "200204": "無",
        "200205": "無",
        "200206": "無",
        "200207": "無",
        "200208": "無",
        "200209": "無",
        "200210": "無",
        "200211": "無",
        "200212": "無",
        "200301": "無",
        "200302": "無",
        "200303": "無",
        "200304": "無",
        "200305": "無",
        "200306": "無",
        "200307": "無",
        "200308": "無",
        "200309": "27.00",
        "200310": "26.79",
        "200311": "26.13",
        "200312": "24.89",
        "200401": "24.62",
        "200402": "27.93",
        "200403": "29.63",
        "200404": "29.93",
        "200405": "28.31",
        "200406": "24.74",
        "200407": "20.70",
        "200408": "17.07",
        "200409": "13.54",
        "200410": "10.41",
        "200411": "8.10",
        "200412": "7.21",
        "200501": "7.26",
        "200502": "7.22",
        "200503": "7.35",
        "200504": "7.30",
        "200505": "6.08",
        "200506": "7.60",
        "200507": "8.63",
        "200508": "8.44",
        "200509": "7.72",
        "200510": "6.60",
        "200511": "6.75",
        "200512": "5.41",
        "200601": "5.08",
        "200602": "4.86",
        "200603": "3.97",
        "200604": "4.75",
        "200605": "7.69",
        "200606": "7.61",
        "200607": "7.02",
        "200608": "6.57",
        "200609": "5.12",
        "200610": "5.10",
        "200611": "5.06",
        "200612": "4.59",
        "200701": "6.36",
        "200702": "6.64",
        "200703": "9.71",
        "200704": "11.22",
        "200705": "13.24",
        "200706": "21.02",
        "200707": "31.19",
        "200708": "24.16",
        "200709": "17.63",
        "200710": "13.75",
        "200711": "11.59",
        "200712": "9.87",
        "200801": "9.42",
        "200802": "9.59",
        "200803": "8.89",
        "200804": "8.81",
        "200805": "9.62",
        "200806": "7.00",
        "200807": "6.70",
        "200808": "5.02",
        "200809": "4.22",
        "200810": "3.19",
        "200811": "4.39",
        "200812": "5.52",
        "200901": "5.57",
        "200902": "4.30",
        "200903": "5.12",
        "200904": "7.36",
        "200905": "8.74",
        "200906": "8.09",
        "200907": "8.81",
        "200908": "10.27",
        "200909": "11.91",
        "200910": "10.99",
        "200911": "10.47",
        "200912": "11.32",
        "201001": "13.65",
        "201002": "14.30",
        "201003": "17.72",
        "201004": "16.18",
        "201005": "16.24",
        "201006": "15.28",
        "201007": "11.65",
        "201008": "12.20",
        "201009": "12.36",
        "201010": "11.10",
        "201011": "10.78",
        "201012": "11.36",
        "201101": "11.32",
        "201102": "10.81",
        "201103": "9.67",
        "201104": "9.42",
        "201105": "8.50",
        "201106": "8.09",
        "201107": "7.90",
        "201108": "9.09",
        "201109": "10.21",
        "201110": "9.60",
        "201111": "9.25",
        "201112": "9.67",
        "201201": "9.89",
        "201202": "10.46",
        "201203": "11.24",
        "201204": "12.16",
        "201205": "12.18",
        "201206": "12.34",
        "201207": "12.86",
        "201208": "20.20",
        "201209": "23.04",
        "201210": "22.21",
        "201211": "19.89",
        "201212": "18.72",
        "201301": "22.65",
        "201302": "22.47",
        "201303": "22.88",
        "201304": "21.43",
        "201305": "21.44",
        "201306": "19.41",
        "201307": "20.74",
        "201308": "17.50",
        "201309": "14.78",
        "201310": "12.95",
        "201311": "11.10",
        "201312": "13.84",
        "201401": "14.10",
        "201402": "13.69",
        "201403": "14.20",
        "201404": "13.41",
        "201405": "12.24",
        "201406": "12.64",
        "201407": "12.00",
        "201408": "10.81",
        "201409": "10.12",
        "201410": "9.71",
        "201411": "9.20",
        "201412": "9.29",
        "201501": "10.47",
        "201502": "10.42",
        "201503": "10.96",
        "201504": "9.87",
        "201505": "9.00",
        "201506": "7.68",
        "201507": "7.80",
        "201508": "6.40",
        "201509": "6.78",
        "201510": "7.44",
        "201511": "8.63",
        "201512": "8.92",
        "201601": "8.44",
        "201602": "8.69",
        "201603": "9.22",
        "201604": "8.92",
        "201605": "8.02",
        "201606": "8.00",
        "201607": "8.59",
        "201608": "8.59",
        "201609": "7.88",
        "201610": "8.12",
        "201611": "8.47",
        "201612": "8.28",
        "201701": "8.28",
        "201702": "8.75",
        "201703": "12.04",
        "201704": "11.23",
        "201705": "11.48",
        "201706": "12.05",
        "201707": "10.96",
        "201708": "10.36",
        "201709": "11.22",
        "201710": "11.47",
        "201711": "11.40",
        "201712": "16.00",
        "201801": "18.07",
        "201802": "15.27",
        "201803": "14.75",
        "201804": "14.11",
        "201805": "13.33",
        "201806": "13.94",
        "201807": "12.86",
        "201808": "12.04",
        "201809": "10.74",
        "201810": "9.52",
        "201811": "9.95",
        "201812": "10.90",
        "201901": "10.79",
        "201902": "11.38",
        "201903": "12.28",
        "201904": "12.62",
        "201905": "11.41",
        "201906": "11.27",
        "201907": "10.94",
        "201908": "9.96",
        "201909": "11.20",
        "201910": "10.93",
        "201911": "13.03",
        "201912": "13.20",
        "202001": "11.89",
        "202002": "10.80",
        "202003": "8.58",
        "202004": "8.61",
        "202005": "9.13",
        "202006": "8.80",
        "202007": "9.11",
        "202008": "8.62",
        "202009": "8.84",
        "202010": "8.60",
        "202011": "8.70",
        "202012": "9.45",
        "202101": "9.33",
        "202102": "9.03",
        "202103": "9.21",
        "202104": "9.40",
        "202105": "8.78",
        "202106": "8.95",
        "202107": "8.98",
        "202108": "8.71",
        "202109": "8.49",
        "202110": "8.32",
        "202111": "8.65",
        "202112": "8.76",
        "202201": "8.80",
        "202202": "8.60",
        "202203": "8.63",
        "202204": "10.57",
        "202205": "10.14",
        "202206": "9.65",
        "202207": "9.12",
        "202208": "10.43",
        "202209": "10.20",
        "202210": "9.32",
        "202211": "9.62",
        "202212": "10.02",
        "202301": "9.78",
        "202302": "9.98",
        "202303": "12.19",
        "202304": "11.49",
        "202305": "11.55",
        "202306": "11.58"
    },
    "quarters": {
        "20011": {
            "year_quarter": 20011,
            "year": 2001,
            "quarter": 1,
            "eps": null,
            "eps_growth_year": null,
            "eps_4q": null,
            "eps_4q_growth_year": null,
            "roe": null,
            "roe_4q": 0,
            "gross_profit": null,
            "gross_margin": null,
            "gross_margin_4q_avg": 0,
            "net_income": null,
            "revenue": null,
            "common_shares": null,
            "book_valuer_per_share": null,
            "book_valuer_per_share_4q_avg": 0,
            "equity": null,
            "current_ratio": null,
            "debt_ratio": null,
            "inventory_turnover_ratio": null,
            "account_receivable_turnover_ratio": null,
            "reinvestment_rate": null,
            "research_to_sale_ratio": null,
            "price_fair": 0,
            "eps_avg_yearly": 0,
            "eps_latest_yearly": 0,
            "eps_growth_yearly": 0
        },
        "20012": {
            "year_quarter": 20012,
            "year": 2001,
            "quarter": 2,
            "eps": null,
            "eps_growth_year": null,
            "eps_4q": null,
            "eps_4q_growth_year": null,
            "roe": null,
            "roe_4q": 0,
            "gross_profit": null,
            "gross_margin": null,
            "gross_margin_4q_avg": 0,
            "net_income": null,
            "revenue": null,
            "common_shares": null,
            "book_valuer_per_share": null,
            "book_valuer_per_share_4q_avg": 0,
            "equity": null,
            "current_ratio": null,
            "debt_ratio": null,
            "inventory_turnover_ratio": null,
            "account_receivable_turnover_ratio": null,
            "reinvestment_rate": null,
            "research_to_sale_ratio": null,
            "price_fair": 0,
            "eps_avg_yearly": 0,
            "eps_latest_yearly": 0,
            "eps_growth_yearly": 0
        },
        "20013": {
            "year_quarter": 20013,
            "year": 2001,
            "quarter": 3,
            "eps": null,
            "eps_growth_year": null,
            "eps_4q": null,
            "eps_4q_growth_year": null,
            "roe": null,
            "roe_4q": 0,
            "gross_profit": null,
            "gross_margin": null,
            "gross_margin_4q_avg": 0,
            "net_income": null,
            "revenue": null,
            "common_shares": null,
            "book_valuer_per_share": null,
            "book_valuer_per_share_4q_avg": 0,
            "equity": null,
            "current_ratio": null,
            "debt_ratio": null,
            "inventory_turnover_ratio": null,
            "account_receivable_turnover_ratio": null,
            "reinvestment_rate": null,
            "research_to_sale_ratio": null,
            "price_fair": 0,
            "eps_avg_yearly": 0,
            "eps_latest_yearly": 0,
            "eps_growth_yearly": 0
        },
        "20014": {
            "year_quarter": 20014,
            "year": 2001,
            "quarter": 4,
            "eps": null,
            "eps_growth_year": null,
            "eps_4q": null,
            "eps_4q_growth_year": null,
            "roe": null,
            "roe_4q": 0,
            "gross_profit": null,
            "gross_margin": null,
            "gross_margin_4q_avg": 0,
            "net_income": null,
            "revenue": null,
            "common_shares": 600000,
            "book_valuer_per_share": 13.68,
            "book_valuer_per_share_4q_avg": 3.42,
            "equity": 820698,
            "current_ratio": 291.73,
            "debt_ratio": 28.91,
            "inventory_turnover_ratio": null,
            "account_receivable_turnover_ratio": null,
            "reinvestment_rate": null,
            "research_to_sale_ratio": null,
            "price_fair": 0,
            "eps_avg_yearly": 0,
            "eps_latest_yearly": 0,
            "eps_growth_yearly": 0
        },
        "20021": {
            "year_quarter": 20021,
            "year": 2002,
            "quarter": 1,
            "eps": null,
            "eps_growth_year": null,
            "eps_4q": null,
            "eps_4q_growth_year": null,
            "roe": null,
            "roe_4q": 0,
            "gross_profit": null,
            "gross_margin": null,
            "gross_margin_4q_avg": 0,
            "net_income": null,
            "revenue": null,
            "common_shares": null,
            "book_valuer_per_share": null,
            "book_valuer_per_share_4q_avg": 3.42,
            "equity": null,
            "current_ratio": null,
            "debt_ratio": null,
            "inventory_turnover_ratio": null,
            "account_receivable_turnover_ratio": null,
            "reinvestment_rate": null,
            "research_to_sale_ratio": null,
            "price_fair": 0,
            "eps_avg_yearly": 0,
            "eps_latest_yearly": 0,
            "eps_growth_yearly": 0
        },
        "20022": {
            "year_quarter": 20022,
            "year": 2002,
            "quarter": 2,
            "eps": null,
            "eps_growth_year": null,
            "eps_4q": null,
            "eps_4q_growth_year": null,
            "roe": null,
            "roe_4q": 0,
            "gross_profit": null,
            "gross_margin": null,
            "gross_margin_4q_avg": 0,
            "net_income": null,
            "revenue": null,
            "common_shares": null,
            "book_valuer_per_share": null,
            "book_valuer_per_share_4q_avg": 3.42,
            "equity": null,
            "current_ratio": null,
            "debt_ratio": null,
            "inventory_turnover_ratio": null,
            "account_receivable_turnover_ratio": null,
            "reinvestment_rate": null,
            "research_to_sale_ratio": null,
            "price_fair": 0,
            "eps_avg_yearly": 0,
            "eps_latest_yearly": 0,
            "eps_growth_yearly": 0
        },
        "20023": {
            "year_quarter": 20023,
            "year": 2002,
            "quarter": 3,
            "eps": null,
            "eps_growth_year": null,
            "eps_4q": null,
            "eps_4q_growth_year": null,
            "roe": null,
            "roe_4q": 0,
            "gross_profit": null,
            "gross_margin": null,
            "gross_margin_4q_avg": 0,
            "net_income": null,
            "revenue": null,
            "common_shares": null,
            "book_valuer_per_share": null,
            "book_valuer_per_share_4q_avg": 3.42,
            "equity": null,
            "current_ratio": null,
            "debt_ratio": null,
            "inventory_turnover_ratio": null,
            "account_receivable_turnover_ratio": null,
            "reinvestment_rate": null,
            "research_to_sale_ratio": null,
            "price_fair": 0,
            "eps_avg_yearly": 0,
            "eps_latest_yearly": 0,
            "eps_growth_yearly": 0
        },
        "20024": {
            "year_quarter": 20024,
            "year": 2002,
            "quarter": 4,
            "eps": null,
            "eps_growth_year": null,
            "eps_4q": null,
            "eps_4q_growth_year": null,
            "roe": null,
            "roe_4q": 0,
            "gross_profit": null,
            "gross_margin": null,
            "gross_margin_4q_avg": 0,
            "net_income": null,
            "revenue": null,
            "common_shares": 660000,
            "book_valuer_per_share": 10.61,
            "book_valuer_per_share_4q_avg": 2.65,
            "equity": 700050,
            "current_ratio": 181.62,
            "debt_ratio": 43.82,
            "inventory_turnover_ratio": null,
            "account_receivable_turnover_ratio": null,
            "reinvestment_rate": null,
            "research_to_sale_ratio": null,
            "price_fair": 0,
            "eps_avg_yearly": 0,
            "eps_latest_yearly": 0,
            "eps_growth_yearly": 0
        },
        "20031": {
            "year_quarter": 20031,
            "year": 2003,
            "quarter": 1,
            "eps": null,
            "eps_growth_year": null,
            "eps_4q": null,
            "eps_4q_growth_year": null,
            "roe": null,
            "roe_4q": 0,
            "gross_profit": null,
            "gross_margin": null,
            "gross_margin_4q_avg": 0,
            "net_income": null,
            "revenue": null,
            "common_shares": null,
            "book_valuer_per_share": null,
            "book_valuer_per_share_4q_avg": 2.65,
            "equity": null,
            "current_ratio": null,
            "debt_ratio": null,
            "inventory_turnover_ratio": null,
            "account_receivable_turnover_ratio": null,
            "reinvestment_rate": null,
            "research_to_sale_ratio": null,
            "price_fair": 0,
            "eps_avg_yearly": 0,
            "eps_latest_yearly": 0,
            "eps_growth_yearly": 0
        },
        "20032": {
            "year_quarter": 20032,
            "year": 2003,
            "quarter": 2,
            "eps": null,
            "eps_growth_year": null,
            "eps_4q": null,
            "eps_4q_growth_year": null,
            "roe": null,
            "roe_4q": 0,
            "gross_profit": null,
            "gross_margin": null,
            "gross_margin_4q_avg": 0,
            "net_income": null,
            "revenue": null,
            "common_shares": null,
            "book_valuer_per_share": null,
            "book_valuer_per_share_4q_avg": 2.65,
            "equity": null,
            "current_ratio": null,
            "debt_ratio": null,
            "inventory_turnover_ratio": null,
            "account_receivable_turnover_ratio": null,
            "reinvestment_rate": null,
            "research_to_sale_ratio": null,
            "price_fair": 0,
            "eps_avg_yearly": 0,
            "eps_latest_yearly": 0,
            "eps_growth_yearly": 0
        },
        "20033": {
            "year_quarter": 20033,
            "year": 2003,
            "quarter": 3,
            "eps": null,
            "eps_growth_year": null,
            "eps_4q": null,
            "eps_4q_growth_year": null,
            "roe": null,
            "roe_4q": 0,
            "gross_profit": null,
            "gross_margin": null,
            "gross_margin_4q_avg": 0,
            "net_income": null,
            "revenue": null,
            "common_shares": null,
            "book_valuer_per_share": null,
            "book_valuer_per_share_4q_avg": 2.65,
            "equity": null,
            "current_ratio": null,
            "debt_ratio": null,
            "inventory_turnover_ratio": null,
            "account_receivable_turnover_ratio": null,
            "reinvestment_rate": null,
            "research_to_sale_ratio": null,
            "price_fair": 0,
            "eps_avg_yearly": 0,
            "eps_latest_yearly": 0,
            "eps_growth_yearly": 0
        },
        "20034": {
            "year_quarter": 20034,
            "year": 2003,
            "quarter": 4,
            "eps": null,
            "eps_growth_year": null,
            "eps_4q": null,
            "eps_4q_growth_year": null,
            "roe": null,
            "roe_4q": 0,
            "gross_profit": null,
            "gross_margin": null,
            "gross_margin_4q_avg": 0,
            "net_income": null,
            "revenue": null,
            "common_shares": 660000,
            "book_valuer_per_share": 12.68,
            "book_valuer_per_share_4q_avg": 3.17,
            "equity": 836595,
            "current_ratio": 161.18,
            "debt_ratio": 49.38,
            "inventory_turnover_ratio": null,
            "account_receivable_turnover_ratio": null,
            "reinvestment_rate": null,
            "research_to_sale_ratio": null,
            "price_fair": 0,
            "eps_avg_yearly": 0,
            "eps_latest_yearly": 0,
            "eps_growth_yearly": 0
        },
        "20041": {
            "year_quarter": 20041,
            "year": 2004,
            "quarter": 1,
            "eps": null,
            "eps_growth_year": null,
            "eps_4q": null,
            "eps_4q_growth_year": null,
            "roe": null,
            "roe_4q": 0,
            "gross_profit": null,
            "gross_margin": null,
            "gross_margin_4q_avg": 0,
            "net_income": null,
            "revenue": null,
            "common_shares": null,
            "book_valuer_per_share": null,
            "book_valuer_per_share_4q_avg": 3.17,
            "equity": null,
            "current_ratio": null,
            "debt_ratio": null,
            "inventory_turnover_ratio": null,
            "account_receivable_turnover_ratio": null,
            "reinvestment_rate": null,
            "research_to_sale_ratio": null,
            "price_fair": 0,
            "eps_avg_yearly": 0,
            "eps_latest_yearly": 0,
            "eps_growth_yearly": 0
        },
        "20042": {
            "year_quarter": 20042,
            "year": 2004,
            "quarter": 2,
            "eps": null,
            "eps_growth_year": null,
            "eps_4q": null,
            "eps_4q_growth_year": null,
            "roe": null,
            "roe_4q": 0,
            "gross_profit": null,
            "gross_margin": null,
            "gross_margin_4q_avg": 0,
            "net_income": null,
            "revenue": null,
            "common_shares": null,
            "book_valuer_per_share": null,
            "book_valuer_per_share_4q_avg": 3.17,
            "equity": null,
            "current_ratio": null,
            "debt_ratio": null,
            "inventory_turnover_ratio": null,
            "account_receivable_turnover_ratio": null,
            "reinvestment_rate": null,
            "research_to_sale_ratio": null,
            "price_fair": 0,
            "eps_avg_yearly": 0,
            "eps_latest_yearly": 0,
            "eps_growth_yearly": 0
        },
        "20043": {
            "year_quarter": 20043,
            "year": 2004,
            "quarter": 3,
            "eps": null,
            "eps_growth_year": null,
            "eps_4q": null,
            "eps_4q_growth_year": null,
            "roe": null,
            "roe_4q": 0,
            "gross_profit": null,
            "gross_margin": null,
            "gross_margin_4q_avg": 0,
            "net_income": null,
            "revenue": null,
            "common_shares": null,
            "book_valuer_per_share": null,
            "book_valuer_per_share_4q_avg": 3.17,
            "equity": null,
            "current_ratio": null,
            "debt_ratio": null,
            "inventory_turnover_ratio": null,
            "account_receivable_turnover_ratio": null,
            "reinvestment_rate": null,
            "research_to_sale_ratio": null,
            "price_fair": 0,
            "eps_avg_yearly": 0,
            "eps_latest_yearly": 0,
            "eps_growth_yearly": 0
        },
        "20044": {
            "year_quarter": 20044,
            "year": 2004,
            "quarter": 4,
            "eps": null,
            "eps_growth_year": null,
            "eps_4q": null,
            "eps_4q_growth_year": null,
            "roe": null,
            "roe_4q": 0,
            "gross_profit": null,
            "gross_margin": null,
            "gross_margin_4q_avg": 0,
            "net_income": null,
            "revenue": null,
            "common_shares": 776000,
            "book_valuer_per_share": 8.07,
            "book_valuer_per_share_4q_avg": 2.02,
            "equity": 626029,
            "current_ratio": 152.48,
            "debt_ratio": 64.97,
            "inventory_turnover_ratio": null,
            "account_receivable_turnover_ratio": null,
            "reinvestment_rate": null,
            "research_to_sale_ratio": null,
            "price_fair": 0,
            "eps_avg_yearly": 0,
            "eps_latest_yearly": 0,
            "eps_growth_yearly": 0
        },
        "20051": {
            "year_quarter": 20051,
            "year": 2005,
            "quarter": 1,
            "eps": null,
            "eps_growth_year": null,
            "eps_4q": null,
            "eps_4q_growth_year": null,
            "roe": null,
            "roe_4q": 0,
            "gross_profit": null,
            "gross_margin": null,
            "gross_margin_4q_avg": 0,
            "net_income": null,
            "revenue": null,
            "common_shares": null,
            "book_valuer_per_share": null,
            "book_valuer_per_share_4q_avg": 2.02,
            "equity": null,
            "current_ratio": null,
            "debt_ratio": null,
            "inventory_turnover_ratio": null,
            "account_receivable_turnover_ratio": null,
            "reinvestment_rate": null,
            "research_to_sale_ratio": null,
            "price_fair": 0,
            "eps_avg_yearly": 0,
            "eps_latest_yearly": 0,
            "eps_growth_yearly": 0
        },
        "20052": {
            "year_quarter": 20052,
            "year": 2005,
            "quarter": 2,
            "eps": null,
            "eps_growth_year": null,
            "eps_4q": null,
            "eps_4q_growth_year": null,
            "roe": null,
            "roe_4q": 0,
            "gross_profit": null,
            "gross_margin": null,
            "gross_margin_4q_avg": 0,
            "net_income": null,
            "revenue": null,
            "common_shares": null,
            "book_valuer_per_share": null,
            "book_valuer_per_share_4q_avg": 2.02,
            "equity": null,
            "current_ratio": null,
            "debt_ratio": null,
            "inventory_turnover_ratio": null,
            "account_receivable_turnover_ratio": null,
            "reinvestment_rate": null,
            "research_to_sale_ratio": null,
            "price_fair": 0,
            "eps_avg_yearly": 0,
            "eps_latest_yearly": 0,
            "eps_growth_yearly": 0
        },
        "20053": {
            "year_quarter": 20053,
            "year": 2005,
            "quarter": 3,
            "eps": null,
            "eps_growth_year": null,
            "eps_4q": null,
            "eps_4q_growth_year": null,
            "roe": null,
            "roe_4q": 0,
            "gross_profit": null,
            "gross_margin": null,
            "gross_margin_4q_avg": 0,
            "net_income": null,
            "revenue": null,
            "common_shares": null,
            "book_valuer_per_share": null,
            "book_valuer_per_share_4q_avg": 2.02,
            "equity": null,
            "current_ratio": null,
            "debt_ratio": null,
            "inventory_turnover_ratio": null,
            "account_receivable_turnover_ratio": null,
            "reinvestment_rate": null,
            "research_to_sale_ratio": null,
            "price_fair": 0,
            "eps_avg_yearly": 0,
            "eps_latest_yearly": 0,
            "eps_growth_yearly": 0
        },
        "20054": {
            "year_quarter": 20054,
            "year": 2005,
            "quarter": 4,
            "eps": null,
            "eps_growth_year": null,
            "eps_4q": null,
            "eps_4q_growth_year": null,
            "roe": null,
            "roe_4q": 0,
            "gross_profit": null,
            "gross_margin": null,
            "gross_margin_4q_avg": 0,
            "net_income": null,
            "revenue": null,
            "common_shares": 776000,
            "book_valuer_per_share": 8.32,
            "book_valuer_per_share_4q_avg": 2.08,
            "equity": 689570,
            "current_ratio": 178.26,
            "debt_ratio": 51.14,
            "inventory_turnover_ratio": null,
            "account_receivable_turnover_ratio": null,
            "reinvestment_rate": null,
            "research_to_sale_ratio": null,
            "price_fair": 0,
            "eps_avg_yearly": 0,
            "eps_latest_yearly": 0,
            "eps_growth_yearly": 0
        },
        "20061": {
            "year_quarter": 20061,
            "year": 2006,
            "quarter": 1,
            "eps": null,
            "eps_growth_year": null,
            "eps_4q": null,
            "eps_4q_growth_year": null,
            "roe": null,
            "roe_4q": 0,
            "gross_profit": null,
            "gross_margin": null,
            "gross_margin_4q_avg": 0,
            "net_income": null,
            "revenue": null,
            "common_shares": null,
            "book_valuer_per_share": null,
            "book_valuer_per_share_4q_avg": 2.08,
            "equity": null,
            "current_ratio": null,
            "debt_ratio": null,
            "inventory_turnover_ratio": null,
            "account_receivable_turnover_ratio": null,
            "reinvestment_rate": null,
            "research_to_sale_ratio": null,
            "price_fair": 0,
            "eps_avg_yearly": 0,
            "eps_latest_yearly": 0,
            "eps_growth_yearly": 0
        },
        "20062": {
            "year_quarter": 20062,
            "year": 2006,
            "quarter": 2,
            "eps": null,
            "eps_growth_year": null,
            "eps_4q": null,
            "eps_4q_growth_year": null,
            "roe": null,
            "roe_4q": 0,
            "gross_profit": null,
            "gross_margin": null,
            "gross_margin_4q_avg": 0,
            "net_income": null,
            "revenue": null,
            "common_shares": null,
            "book_valuer_per_share": null,
            "book_valuer_per_share_4q_avg": 2.08,
            "equity": null,
            "current_ratio": null,
            "debt_ratio": null,
            "inventory_turnover_ratio": null,
            "account_receivable_turnover_ratio": null,
            "reinvestment_rate": null,
            "research_to_sale_ratio": null,
            "price_fair": 0,
            "eps_avg_yearly": 0,
            "eps_latest_yearly": 0,
            "eps_growth_yearly": 0
        },
        "20063": {
            "year_quarter": 20063,
            "year": 2006,
            "quarter": 3,
            "eps": null,
            "eps_growth_year": null,
            "eps_4q": null,
            "eps_4q_growth_year": null,
            "roe": null,
            "roe_4q": 0,
            "gross_profit": null,
            "gross_margin": null,
            "gross_margin_4q_avg": 0,
            "net_income": null,
            "revenue": null,
            "common_shares": null,
            "book_valuer_per_share": null,
            "book_valuer_per_share_4q_avg": 2.08,
            "equity": null,
            "current_ratio": null,
            "debt_ratio": null,
            "inventory_turnover_ratio": null,
            "account_receivable_turnover_ratio": null,
            "reinvestment_rate": null,
            "research_to_sale_ratio": null,
            "price_fair": 0,
            "eps_avg_yearly": 0,
            "eps_latest_yearly": 0,
            "eps_growth_yearly": 0
        },
        "20064": {
            "year_quarter": 20064,
            "year": 2006,
            "quarter": 4,
            "eps": null,
            "eps_growth_year": null,
            "eps_4q": null,
            "eps_4q_growth_year": null,
            "roe": null,
            "roe_4q": 0,
            "gross_profit": null,
            "gross_margin": null,
            "gross_margin_4q_avg": 0,
            "net_income": null,
            "revenue": null,
            "common_shares": 680000,
            "book_valuer_per_share": 10.54,
            "book_valuer_per_share_4q_avg": 2.64,
            "equity": 782766,
            "current_ratio": 207.63,
            "debt_ratio": 41.13,
            "inventory_turnover_ratio": null,
            "account_receivable_turnover_ratio": null,
            "reinvestment_rate": null,
            "research_to_sale_ratio": null,
            "price_fair": 0,
            "eps_avg_yearly": 0,
            "eps_latest_yearly": 0,
            "eps_growth_yearly": 0
        },
        "20071": {
            "year_quarter": 20071,
            "year": 2007,
            "quarter": 1,
            "eps": null,
            "eps_growth_year": null,
            "eps_4q": null,
            "eps_4q_growth_year": null,
            "roe": null,
            "roe_4q": 0,
            "gross_profit": null,
            "gross_margin": null,
            "gross_margin_4q_avg": 0,
            "net_income": null,
            "revenue": null,
            "common_shares": null,
            "book_valuer_per_share": null,
            "book_valuer_per_share_4q_avg": 2.64,
            "equity": null,
            "current_ratio": null,
            "debt_ratio": null,
            "inventory_turnover_ratio": null,
            "account_receivable_turnover_ratio": null,
            "reinvestment_rate": null,
            "research_to_sale_ratio": null,
            "price_fair": 0,
            "eps_avg_yearly": 0,
            "eps_latest_yearly": 0,
            "eps_growth_yearly": 0
        },
        "20072": {
            "year_quarter": 20072,
            "year": 2007,
            "quarter": 2,
            "eps": null,
            "eps_growth_year": null,
            "eps_4q": null,
            "eps_4q_growth_year": null,
            "roe": null,
            "roe_4q": 0,
            "gross_profit": null,
            "gross_margin": null,
            "gross_margin_4q_avg": 0,
            "net_income": null,
            "revenue": null,
            "common_shares": null,
            "book_valuer_per_share": null,
            "book_valuer_per_share_4q_avg": 2.64,
            "equity": null,
            "current_ratio": null,
            "debt_ratio": null,
            "inventory_turnover_ratio": null,
            "account_receivable_turnover_ratio": null,
            "reinvestment_rate": null,
            "research_to_sale_ratio": null,
            "price_fair": 0,
            "eps_avg_yearly": 0,
            "eps_latest_yearly": 0,
            "eps_growth_yearly": 0
        },
        "20073": {
            "year_quarter": 20073,
            "year": 2007,
            "quarter": 3,
            "eps": null,
            "eps_growth_year": null,
            "eps_4q": null,
            "eps_4q_growth_year": null,
            "roe": null,
            "roe_4q": 0,
            "gross_profit": null,
            "gross_margin": null,
            "gross_margin_4q_avg": 0,
            "net_income": null,
            "revenue": null,
            "common_shares": null,
            "book_valuer_per_share": null,
            "book_valuer_per_share_4q_avg": 2.64,
            "equity": null,
            "current_ratio": null,
            "debt_ratio": null,
            "inventory_turnover_ratio": null,
            "account_receivable_turnover_ratio": null,
            "reinvestment_rate": null,
            "research_to_sale_ratio": null,
            "price_fair": 0,
            "eps_avg_yearly": 0,
            "eps_latest_yearly": 0,
            "eps_growth_yearly": 0
        },
        "20074": {
            "year_quarter": 20074,
            "year": 2007,
            "quarter": 4,
            "eps": null,
            "eps_growth_year": null,
            "eps_4q": null,
            "eps_4q_growth_year": null,
            "roe": null,
            "roe_4q": 0,
            "gross_profit": null,
            "gross_margin": null,
            "gross_margin_4q_avg": 0,
            "net_income": null,
            "revenue": null,
            "common_shares": 680000,
            "book_valuer_per_share": 11.04,
            "book_valuer_per_share_4q_avg": 2.76,
            "equity": 860004,
            "current_ratio": 205.94,
            "debt_ratio": 40.92,
            "inventory_turnover_ratio": null,
            "account_receivable_turnover_ratio": null,
            "reinvestment_rate": null,
            "research_to_sale_ratio": null,
            "price_fair": 0,
            "eps_avg_yearly": 0,
            "eps_latest_yearly": 0,
            "eps_growth_yearly": 0
        },
        "20081": {
            "year_quarter": 20081,
            "year": 2008,
            "quarter": 1,
            "eps": null,
            "eps_growth_year": null,
            "eps_4q": null,
            "eps_4q_growth_year": null,
            "roe": null,
            "roe_4q": 0,
            "gross_profit": null,
            "gross_margin": null,
            "gross_margin_4q_avg": 0,
            "net_income": null,
            "revenue": null,
            "common_shares": null,
            "book_valuer_per_share": null,
            "book_valuer_per_share_4q_avg": 2.76,
            "equity": null,
            "current_ratio": null,
            "debt_ratio": null,
            "inventory_turnover_ratio": null,
            "account_receivable_turnover_ratio": null,
            "reinvestment_rate": null,
            "research_to_sale_ratio": null,
            "price_fair": 0,
            "eps_avg_yearly": 0,
            "eps_latest_yearly": 0,
            "eps_growth_yearly": 0
        },
        "20082": {
            "year_quarter": 20082,
            "year": 2008,
            "quarter": 2,
            "eps": null,
            "eps_growth_year": null,
            "eps_4q": null,
            "eps_4q_growth_year": null,
            "roe": null,
            "roe_4q": 0,
            "gross_profit": null,
            "gross_margin": null,
            "gross_margin_4q_avg": 0,
            "net_income": null,
            "revenue": null,
            "common_shares": null,
            "book_valuer_per_share": null,
            "book_valuer_per_share_4q_avg": 2.76,
            "equity": null,
            "current_ratio": null,
            "debt_ratio": null,
            "inventory_turnover_ratio": null,
            "account_receivable_turnover_ratio": null,
            "reinvestment_rate": null,
            "research_to_sale_ratio": null,
            "price_fair": 0,
            "eps_avg_yearly": 0,
            "eps_latest_yearly": 0,
            "eps_growth_yearly": 0
        },
        "20083": {
            "year_quarter": 20083,
            "year": 2008,
            "quarter": 3,
            "eps": null,
            "eps_growth_year": null,
            "eps_4q": null,
            "eps_4q_growth_year": null,
            "roe": null,
            "roe_4q": 0,
            "gross_profit": null,
            "gross_margin": null,
            "gross_margin_4q_avg": 0,
            "net_income": null,
            "revenue": null,
            "common_shares": null,
            "book_valuer_per_share": null,
            "book_valuer_per_share_4q_avg": 2.76,
            "equity": null,
            "current_ratio": null,
            "debt_ratio": null,
            "inventory_turnover_ratio": null,
            "account_receivable_turnover_ratio": null,
            "reinvestment_rate": null,
            "research_to_sale_ratio": null,
            "price_fair": 0,
            "eps_avg_yearly": 0,
            "eps_latest_yearly": 0,
            "eps_growth_yearly": 0
        },
        "20084": {
            "year_quarter": 20084,
            "year": 2008,
            "quarter": 4,
            "eps": null,
            "eps_growth_year": null,
            "eps_4q": null,
            "eps_4q_growth_year": null,
            "roe": null,
            "roe_4q": 0,
            "gross_profit": null,
            "gross_margin": null,
            "gross_margin_4q_avg": 0,
            "net_income": null,
            "revenue": null,
            "common_shares": 680000,
            "book_valuer_per_share": 10.43,
            "book_valuer_per_share_4q_avg": 2.61,
            "equity": 868460,
            "current_ratio": 205.42,
            "debt_ratio": 37.93,
            "inventory_turnover_ratio": null,
            "account_receivable_turnover_ratio": null,
            "reinvestment_rate": null,
            "research_to_sale_ratio": null,
            "price_fair": 0,
            "eps_avg_yearly": 0,
            "eps_latest_yearly": 0,
            "eps_growth_yearly": 0
        },
        "20091": {
            "year_quarter": 20091,
            "year": 2009,
            "quarter": 1,
            "eps": null,
            "eps_growth_year": null,
            "eps_4q": null,
            "eps_4q_growth_year": null,
            "roe": null,
            "roe_4q": 0,
            "gross_profit": null,
            "gross_margin": null,
            "gross_margin_4q_avg": 0,
            "net_income": null,
            "revenue": null,
            "common_shares": null,
            "book_valuer_per_share": null,
            "book_valuer_per_share_4q_avg": 2.61,
            "equity": null,
            "current_ratio": null,
            "debt_ratio": null,
            "inventory_turnover_ratio": null,
            "account_receivable_turnover_ratio": null,
            "reinvestment_rate": null,
            "research_to_sale_ratio": null,
            "price_fair": 0,
            "eps_avg_yearly": 0,
            "eps_latest_yearly": 0,
            "eps_growth_yearly": 0
        },
        "20092": {
            "year_quarter": 20092,
            "year": 2009,
            "quarter": 2,
            "eps": null,
            "eps_growth_year": null,
            "eps_4q": null,
            "eps_4q_growth_year": null,
            "roe": null,
            "roe_4q": 0,
            "gross_profit": null,
            "gross_margin": null,
            "gross_margin_4q_avg": 0,
            "net_income": null,
            "revenue": null,
            "common_shares": 680000,
            "book_valuer_per_share": null,
            "book_valuer_per_share_4q_avg": 2.61,
            "equity": 920650,
            "current_ratio": null,
            "debt_ratio": null,
            "inventory_turnover_ratio": null,
            "account_receivable_turnover_ratio": null,
            "reinvestment_rate": null,
            "research_to_sale_ratio": null,
            "price_fair": 0,
            "eps_avg_yearly": 0,
            "eps_latest_yearly": 0,
            "eps_growth_yearly": 0
        },
        "20093": {
            "year_quarter": 20093,
            "year": 2009,
            "quarter": 3,
            "eps": null,
            "eps_growth_year": null,
            "eps_4q": null,
            "eps_4q_growth_year": null,
            "roe": null,
            "roe_4q": 0,
            "gross_profit": null,
            "gross_margin": null,
            "gross_margin_4q_avg": 0,
            "net_income": null,
            "revenue": null,
            "common_shares": null,
            "book_valuer_per_share": null,
            "book_valuer_per_share_4q_avg": 2.61,
            "equity": null,
            "current_ratio": null,
            "debt_ratio": null,
            "inventory_turnover_ratio": null,
            "account_receivable_turnover_ratio": null,
            "reinvestment_rate": null,
            "research_to_sale_ratio": null,
            "price_fair": 0,
            "eps_avg_yearly": 0,
            "eps_latest_yearly": 0,
            "eps_growth_yearly": 0
        },
        "20094": {
            "year_quarter": 20094,
            "year": 2009,
            "quarter": 4,
            "eps": null,
            "eps_growth_year": null,
            "eps_4q": null,
            "eps_4q_growth_year": null,
            "roe": null,
            "roe_4q": 0,
            "gross_profit": null,
            "gross_margin": null,
            "gross_margin_4q_avg": 0,
            "net_income": null,
            "revenue": null,
            "common_shares": 680000,
            "book_valuer_per_share": 12.24,
            "book_valuer_per_share_4q_avg": 3.06,
            "equity": 819059,
            "current_ratio": 199.68,
            "debt_ratio": 36.75,
            "inventory_turnover_ratio": null,
            "account_receivable_turnover_ratio": null,
            "reinvestment_rate": null,
            "research_to_sale_ratio": null,
            "price_fair": 0,
            "eps_avg_yearly": 0,
            "eps_latest_yearly": 0,
            "eps_growth_yearly": 0
        },
        "20101": {
            "year_quarter": 20101,
            "year": 2010,
            "quarter": 1,
            "eps": null,
            "eps_growth_year": null,
            "eps_4q": null,
            "eps_4q_growth_year": null,
            "roe": null,
            "roe_4q": 0,
            "gross_profit": null,
            "gross_margin": null,
            "gross_margin_4q_avg": 0,
            "net_income": null,
            "revenue": null,
            "common_shares": null,
            "book_valuer_per_share": null,
            "book_valuer_per_share_4q_avg": 3.06,
            "equity": null,
            "current_ratio": null,
            "debt_ratio": null,
            "inventory_turnover_ratio": null,
            "account_receivable_turnover_ratio": null,
            "reinvestment_rate": null,
            "research_to_sale_ratio": null,
            "price_fair": 0,
            "eps_avg_yearly": 0,
            "eps_latest_yearly": 0,
            "eps_growth_yearly": 0
        },
        "20102": {
            "year_quarter": 20102,
            "year": 2010,
            "quarter": 2,
            "eps": null,
            "eps_growth_year": null,
            "eps_4q": null,
            "eps_4q_growth_year": null,
            "roe": null,
            "roe_4q": 0,
            "gross_profit": null,
            "gross_margin": null,
            "gross_margin_4q_avg": 0,
            "net_income": null,
            "revenue": null,
            "common_shares": 680000,
            "book_valuer_per_share": 11.43,
            "book_valuer_per_share_4q_avg": 5.92,
            "equity": 766881,
            "current_ratio": 163.73,
            "debt_ratio": 43.81,
            "inventory_turnover_ratio": null,
            "account_receivable_turnover_ratio": null,
            "reinvestment_rate": null,
            "research_to_sale_ratio": null,
            "price_fair": 0,
            "eps_avg_yearly": 0,
            "eps_latest_yearly": 0,
            "eps_growth_yearly": 0
        },
        "20103": {
            "year_quarter": 20103,
            "year": 2010,
            "quarter": 3,
            "eps": null,
            "eps_growth_year": null,
            "eps_4q": null,
            "eps_4q_growth_year": null,
            "roe": null,
            "roe_4q": 0,
            "gross_profit": null,
            "gross_margin": null,
            "gross_margin_4q_avg": 0,
            "net_income": null,
            "revenue": null,
            "common_shares": null,
            "book_valuer_per_share": null,
            "book_valuer_per_share_4q_avg": 5.92,
            "equity": null,
            "current_ratio": null,
            "debt_ratio": null,
            "inventory_turnover_ratio": null,
            "account_receivable_turnover_ratio": null,
            "reinvestment_rate": null,
            "research_to_sale_ratio": null,
            "price_fair": 0,
            "eps_avg_yearly": 0,
            "eps_latest_yearly": 0,
            "eps_growth_yearly": 0
        },
        "20104": {
            "year_quarter": 20104,
            "year": 2010,
            "quarter": 4,
            "eps": null,
            "eps_growth_year": null,
            "eps_4q": null,
            "eps_4q_growth_year": null,
            "roe": null,
            "roe_4q": 0,
            "gross_profit": null,
            "gross_margin": null,
            "gross_margin_4q_avg": 0,
            "net_income": null,
            "revenue": null,
            "common_shares": 680000,
            "book_valuer_per_share": 11.56,
            "book_valuer_per_share_4q_avg": 5.75,
            "equity": 761533,
            "current_ratio": 164.53,
            "debt_ratio": 40.66,
            "inventory_turnover_ratio": null,
            "account_receivable_turnover_ratio": null,
            "reinvestment_rate": null,
            "research_to_sale_ratio": null,
            "price_fair": 0,
            "eps_avg_yearly": 0,
            "eps_latest_yearly": 0,
            "eps_growth_yearly": 0
        },
        "20111": {
            "year_quarter": 20111,
            "year": 2011,
            "quarter": 1,
            "eps": null,
            "eps_growth_year": null,
            "eps_4q": null,
            "eps_4q_growth_year": null,
            "roe": null,
            "roe_4q": 0,
            "gross_profit": null,
            "gross_margin": null,
            "gross_margin_4q_avg": 0,
            "net_income": null,
            "revenue": null,
            "common_shares": null,
            "book_valuer_per_share": null,
            "book_valuer_per_share_4q_avg": 5.75,
            "equity": null,
            "current_ratio": null,
            "debt_ratio": null,
            "inventory_turnover_ratio": null,
            "account_receivable_turnover_ratio": null,
            "reinvestment_rate": null,
            "research_to_sale_ratio": null,
            "price_fair": 0,
            "eps_avg_yearly": 0,
            "eps_latest_yearly": 0,
            "eps_growth_yearly": 0
        },
        "20112": {
            "year_quarter": 20112,
            "year": 2011,
            "quarter": 2,
            "eps": null,
            "eps_growth_year": null,
            "eps_4q": null,
            "eps_4q_growth_year": null,
            "roe": null,
            "roe_4q": 0,
            "gross_profit": null,
            "gross_margin": null,
            "gross_margin_4q_avg": 0,
            "net_income": null,
            "revenue": null,
            "common_shares": 680000,
            "book_valuer_per_share": 11.67,
            "book_valuer_per_share_4q_avg": 5.81,
            "equity": 754954,
            "current_ratio": 150.12,
            "debt_ratio": 48.64,
            "inventory_turnover_ratio": null,
            "account_receivable_turnover_ratio": null,
            "reinvestment_rate": null,
            "research_to_sale_ratio": null,
            "price_fair": 0,
            "eps_avg_yearly": 0,
            "eps_latest_yearly": 0,
            "eps_growth_yearly": 0
        },
        "20113": {
            "year_quarter": 20113,
            "year": 2011,
            "quarter": 3,
            "eps": null,
            "eps_growth_year": null,
            "eps_4q": null,
            "eps_4q_growth_year": null,
            "roe": null,
            "roe_4q": 0,
            "gross_profit": 118735,
            "gross_margin": null,
            "gross_margin_4q_avg": 0,
            "net_income": 95297,
            "revenue": 624185,
            "common_shares": 680000,
            "book_valuer_per_share": 12.74,
            "book_valuer_per_share_4q_avg": 8.99,
            "equity": 866016,
            "current_ratio": 143.89,
            "debt_ratio": 49.44,
            "inventory_turnover_ratio": null,
            "account_receivable_turnover_ratio": null,
            "reinvestment_rate": null,
            "research_to_sale_ratio": null,
            "price_fair": 0,
            "eps_avg_yearly": 0,
            "eps_latest_yearly": 0,
            "eps_growth_yearly": 0
        },
        "20114": {
            "year_quarter": 20114,
            "year": 2011,
            "quarter": 4,
            "eps": null,
            "eps_growth_year": null,
            "eps_4q": null,
            "eps_4q_growth_year": null,
            "roe": null,
            "roe_4q": 0,
            "gross_profit": 324266,
            "gross_margin": null,
            "gross_margin_4q_avg": 0,
            "net_income": 146912,
            "revenue": 1829749,
            "common_shares": 680000,
            "book_valuer_per_share": 13.51,
            "book_valuer_per_share_4q_avg": 9.48,
            "equity": 873631,
            "current_ratio": 159.52,
            "debt_ratio": 46.4,
            "inventory_turnover_ratio": null,
            "account_receivable_turnover_ratio": null,
            "reinvestment_rate": null,
            "research_to_sale_ratio": null,
            "price_fair": 0,
            "eps_avg_yearly": 0,
            "eps_latest_yearly": 0,
            "eps_growth_yearly": 0
        },
        "20121": {
            "year_quarter": 20121,
            "year": 2012,
            "quarter": 1,
            "eps": null,
            "eps_growth_year": null,
            "eps_4q": null,
            "eps_4q_growth_year": null,
            "roe": null,
            "roe_4q": 0,
            "gross_profit": 58415,
            "gross_margin": null,
            "gross_margin_4q_avg": 0,
            "net_income": 15287,
            "revenue": 351219,
            "common_shares": 680000,
            "book_valuer_per_share": null,
            "book_valuer_per_share_4q_avg": 9.48,
            "equity": 891139,
            "current_ratio": null,
            "debt_ratio": null,
            "inventory_turnover_ratio": null,
            "account_receivable_turnover_ratio": null,
            "reinvestment_rate": null,
            "research_to_sale_ratio": null,
            "price_fair": 0,
            "eps_avg_yearly": 0,
            "eps_latest_yearly": 0,
            "eps_growth_yearly": 0
        },
        "20122": {
            "year_quarter": 20122,
            "year": 2012,
            "quarter": 2,
            "eps": null,
            "eps_growth_year": null,
            "eps_4q": null,
            "eps_4q_growth_year": null,
            "roe": null,
            "roe_4q": 0,
            "gross_profit": 139766,
            "gross_margin": null,
            "gross_margin_4q_avg": 0,
            "net_income": 93478,
            "revenue": 610301,
            "common_shares": 695590,
            "book_valuer_per_share": 13.87,
            "book_valuer_per_share_4q_avg": 10.03,
            "equity": 952210,
            "current_ratio": 153.2,
            "debt_ratio": 50.42,
            "inventory_turnover_ratio": null,
            "account_receivable_turnover_ratio": null,
            "reinvestment_rate": null,
            "research_to_sale_ratio": null,
            "price_fair": 0,
            "eps_avg_yearly": 0,
            "eps_latest_yearly": 0,
            "eps_growth_yearly": 0
        },
        "20123": {
            "year_quarter": 20123,
            "year": 2012,
            "quarter": 3,
            "eps": 0.74,
            "eps_growth_year": null,
            "eps_4q": 0.74,
            "eps_4q_growth_year": null,
            "roe": 4.33,
            "roe_4q": 4.33,
            "gross_profit": 173170,
            "gross_margin": 25.42,
            "gross_margin_4q_avg": 6.36,
            "net_income": 52268,
            "revenue": 681153,
            "common_shares": 711000,
            "book_valuer_per_share": 14.53,
            "book_valuer_per_share_4q_avg": 10.48,
            "equity": 1459666,
            "current_ratio": 149.05,
            "debt_ratio": 59.93,
            "inventory_turnover_ratio": 0.78,
            "account_receivable_turnover_ratio": 0.72,
            "reinvestment_rate": null,
            "research_to_sale_ratio": 8.32,
            "price_fair": 0,
            "eps_avg_yearly": 0,
            "eps_latest_yearly": 0,
            "eps_growth_yearly": 0
        },
        "20124": {
            "year_quarter": 20124,
            "year": 2012,
            "quarter": 4,
            "eps": -0.15,
            "eps_growth_year": null,
            "eps_4q": 0.6,
            "eps_4q_growth_year": null,
            "roe": -2.59,
            "roe_4q": 1.7400000000000002,
            "gross_profit": 46373,
            "gross_margin": 8.65,
            "gross_margin_4q_avg": 8.52,
            "net_income": -38490,
            "revenue": 535852,
            "common_shares": 711000,
            "book_valuer_per_share": 14.37,
            "book_valuer_per_share_4q_avg": 10.69,
            "equity": 1508152,
            "current_ratio": 188.05,
            "debt_ratio": 46.06,
            "inventory_turnover_ratio": 0.6,
            "account_receivable_turnover_ratio": 0.58,
            "reinvestment_rate": null,
            "research_to_sale_ratio": 20.92,
            "price_fair": 0,
            "eps_avg_yearly": 0,
            "eps_latest_yearly": 0,
            "eps_growth_yearly": 0
        },
        "20131": {
            "year_quarter": 20131,
            "year": 2013,
            "quarter": 1,
            "eps": -0.47,
            "eps_growth_year": null,
            "eps_4q": 0.12,
            "eps_4q_growth_year": null,
            "roe": -3.68,
            "roe_4q": -1.9399999999999995,
            "gross_profit": 73669,
            "gross_margin": 19.82,
            "gross_margin_4q_avg": 13.47,
            "net_income": -55383,
            "revenue": 371647,
            "common_shares": 711000,
            "book_valuer_per_share": 14.15,
            "book_valuer_per_share_4q_avg": 14.23,
            "equity": 1500393,
            "current_ratio": 191.52,
            "debt_ratio": 41.82,
            "inventory_turnover_ratio": 0.39,
            "account_receivable_turnover_ratio": 0.72,
            "reinvestment_rate": null,
            "research_to_sale_ratio": 15.17,
            "price_fair": 0,
            "eps_avg_yearly": 0,
            "eps_latest_yearly": 0,
            "eps_growth_yearly": 0
        },
        "20132": {
            "year_quarter": 20132,
            "year": 2013,
            "quarter": 2,
            "eps": 0.05,
            "eps_growth_year": null,
            "eps_4q": 0.15,
            "eps_4q_growth_year": null,
            "roe": 0.31,
            "roe_4q": -1.63,
            "gross_profit": 135794,
            "gross_margin": 22.56,
            "gross_margin_4q_avg": 19.11,
            "net_income": 4715,
            "revenue": 601827,
            "common_shares": 800230,
            "book_valuer_per_share": 13.29,
            "book_valuer_per_share_4q_avg": 14.09,
            "equity": 1568426,
            "current_ratio": 191.89,
            "debt_ratio": 42.08,
            "inventory_turnover_ratio": 0.64,
            "account_receivable_turnover_ratio": 1.16,
            "reinvestment_rate": null,
            "research_to_sale_ratio": 9.65,
            "price_fair": 0,
            "eps_avg_yearly": 0,
            "eps_latest_yearly": 0,
            "eps_growth_yearly": 0
        },
        "20133": {
            "year_quarter": 20133,
            "year": 2013,
            "quarter": 3,
            "eps": -0.18,
            "eps_growth_year": -124.17,
            "eps_4q": -0.69,
            "eps_4q_growth_year": -192.9,
            "roe": -2.92,
            "roe_4q": -8.879999999999999,
            "gross_profit": 68716,
            "gross_margin": 20.62,
            "gross_margin_4q_avg": 17.91,
            "net_income": -42744,
            "revenue": 333244,
            "common_shares": 791000,
            "book_valuer_per_share": 12.35,
            "book_valuer_per_share_4q_avg": 13.54,
            "equity": 1362110,
            "current_ratio": 181.97,
            "debt_ratio": 40.81,
            "inventory_turnover_ratio": 0.42,
            "account_receivable_turnover_ratio": 0.66,
            "reinvestment_rate": null,
            "research_to_sale_ratio": 16.4,
            "price_fair": 0,
            "eps_avg_yearly": 0,
            "eps_latest_yearly": 0,
            "eps_growth_yearly": 0
        },
        "20134": {
            "year_quarter": 20134,
            "year": 2013,
            "quarter": 4,
            "eps": -0.46,
            "eps_growth_year": null,
            "eps_4q": -1.03,
            "eps_4q_growth_year": -271.64,
            "roe": -4.37,
            "roe_4q": -10.66,
            "gross_profit": 38198,
            "gross_margin": 10.02,
            "gross_margin_4q_avg": 18.26,
            "net_income": -58315,
            "revenue": 381115,
            "common_shares": 791000,
            "book_valuer_per_share": 12.05,
            "book_valuer_per_share_4q_avg": 12.96,
            "equity": 1306990,
            "current_ratio": 172.83,
            "debt_ratio": 40.66,
            "inventory_turnover_ratio": 0.58,
            "account_receivable_turnover_ratio": 1.05,
            "reinvestment_rate": null,
            "research_to_sale_ratio": 15.75,
            "price_fair": 0,
            "eps_avg_yearly": 0,
            "eps_latest_yearly": 0,
            "eps_growth_yearly": 0
        },
        "20141": {
            "year_quarter": 20141,
            "year": 2014,
            "quarter": 1,
            "eps": -0.51,
            "eps_growth_year": null,
            "eps_4q": -1.12,
            "eps_4q_growth_year": -1008.15,
            "roe": -5.75,
            "roe_4q": -12.73,
            "gross_profit": 34264,
            "gross_margin": 12.5,
            "gross_margin_4q_avg": 16.43,
            "net_income": -72991,
            "revenue": 274144,
            "common_shares": 791000,
            "book_valuer_per_share": 11.51,
            "book_valuer_per_share_4q_avg": 12.3,
            "equity": 1232001,
            "current_ratio": 168.43,
            "debt_ratio": 40.1,
            "inventory_turnover_ratio": 0.43,
            "account_receivable_turnover_ratio": 0.97,
            "reinvestment_rate": null,
            "research_to_sale_ratio": 15.48,
            "price_fair": 0,
            "eps_avg_yearly": 0,
            "eps_latest_yearly": 0,
            "eps_growth_yearly": 0
        },
        "20142": {
            "year_quarter": 20142,
            "year": 2014,
            "quarter": 2,
            "eps": -0.53,
            "eps_growth_year": -1160,
            "eps_4q": -1.69,
            "eps_4q_growth_year": -1217.82,
            "roe": -5.56,
            "roe_4q": -18.6,
            "gross_profit": 42574,
            "gross_margin": 12.79,
            "gross_margin_4q_avg": 13.98,
            "net_income": -66351,
            "revenue": 332881,
            "common_shares": 791000,
            "book_valuer_per_share": 10.87,
            "book_valuer_per_share_4q_avg": 11.7,
            "equity": 1155489,
            "current_ratio": 167.6,
            "debt_ratio": 39.58,
            "inventory_turnover_ratio": 0.54,
            "account_receivable_turnover_ratio": 1.4,
            "reinvestment_rate": null,
            "research_to_sale_ratio": 13.53,
            "price_fair": 0,
            "eps_avg_yearly": 0,
            "eps_latest_yearly": 0,
            "eps_growth_yearly": 0
        },
        "20143": {
            "year_quarter": 20143,
            "year": 2014,
            "quarter": 3,
            "eps": -0.52,
            "eps_growth_year": null,
            "eps_4q": -2.03,
            "eps_4q_growth_year": null,
            "roe": -6.35,
            "roe_4q": -22.03,
            "gross_profit": 43784,
            "gross_margin": 15.43,
            "gross_margin_4q_avg": 12.69,
            "net_income": -71674,
            "revenue": 283773,
            "common_shares": 791000,
            "book_valuer_per_share": 10.49,
            "book_valuer_per_share_4q_avg": 11.23,
            "equity": 1102140,
            "current_ratio": 162.86,
            "debt_ratio": 39.99,
            "inventory_turnover_ratio": 0.5,
            "account_receivable_turnover_ratio": 1.38,
            "reinvestment_rate": null,
            "research_to_sale_ratio": 17.17,
            "price_fair": 0,
            "eps_avg_yearly": 0,
            "eps_latest_yearly": 0,
            "eps_growth_yearly": 0
        },
        "20144": {
            "year_quarter": 20144,
            "year": 2014,
            "quarter": 4,
            "eps": -1.18,
            "eps_growth_year": null,
            "eps_4q": -2.75,
            "eps_4q_growth_year": null,
            "roe": -15.99,
            "roe_4q": -33.65,
            "gross_profit": 10222,
            "gross_margin": 3.65,
            "gross_margin_4q_avg": 11.09,
            "net_income": -164830,
            "revenue": 280194,
            "common_shares": 791000,
            "book_valuer_per_share": 9.51,
            "book_valuer_per_share_4q_avg": 10.6,
            "equity": 960054,
            "current_ratio": 152.57,
            "debt_ratio": 42.95,
            "inventory_turnover_ratio": 0.62,
            "account_receivable_turnover_ratio": 1.72,
            "reinvestment_rate": null,
            "research_to_sale_ratio": 18.97,
            "price_fair": 0,
            "eps_avg_yearly": 0,
            "eps_latest_yearly": 0,
            "eps_growth_yearly": 0
        },
        "20151": {
            "year_quarter": 20151,
            "year": 2015,
            "quarter": 1,
            "eps": -0.09,
            "eps_growth_year": null,
            "eps_4q": -2.32,
            "eps_4q_growth_year": null,
            "roe": -2.3,
            "roe_4q": -30.2,
            "gross_profit": 75399,
            "gross_margin": 22.91,
            "gross_margin_4q_avg": 13.7,
            "net_income": -21719,
            "revenue": 329067,
            "common_shares": 791000,
            "book_valuer_per_share": 9.37,
            "book_valuer_per_share_4q_avg": 10.06,
            "equity": 932642,
            "current_ratio": 151.18,
            "debt_ratio": 42.78,
            "inventory_turnover_ratio": 0.64,
            "account_receivable_turnover_ratio": 2,
            "reinvestment_rate": null,
            "research_to_sale_ratio": 12.43,
            "price_fair": 0,
            "eps_avg_yearly": 0,
            "eps_latest_yearly": 0,
            "eps_growth_yearly": 0
        },
        "20152": {
            "year_quarter": 20152,
            "year": 2015,
            "quarter": 2,
            "eps": -0.21,
            "eps_growth_year": null,
            "eps_4q": -2.01,
            "eps_4q_growth_year": null,
            "roe": -2.64,
            "roe_4q": -27.28,
            "gross_profit": 71535,
            "gross_margin": 28.62,
            "gross_margin_4q_avg": 17.65,
            "net_income": -24194,
            "revenue": 249950,
            "common_shares": 791000,
            "book_valuer_per_share": 9.09,
            "book_valuer_per_share_4q_avg": 9.62,
            "equity": 900227,
            "current_ratio": 143.26,
            "debt_ratio": 45.22,
            "inventory_turnover_ratio": 0.44,
            "account_receivable_turnover_ratio": 1.4,
            "reinvestment_rate": 122.74,
            "research_to_sale_ratio": 14.56,
            "price_fair": 0,
            "eps_avg_yearly": 0,
            "eps_latest_yearly": 0,
            "eps_growth_yearly": 0
        },
        "20153": {
            "year_quarter": 20153,
            "year": 2015,
            "quarter": 3,
            "eps": 0.19,
            "eps_growth_year": null,
            "eps_4q": -1.31,
            "eps_4q_growth_year": null,
            "roe": 0.46,
            "roe_4q": -20.47,
            "gross_profit": 94729,
            "gross_margin": 27.76,
            "gross_margin_4q_avg": 20.74,
            "net_income": 4157,
            "revenue": 341294,
            "common_shares": 791000,
            "book_valuer_per_share": 9.47,
            "book_valuer_per_share_4q_avg": 9.36,
            "equity": 926693,
            "current_ratio": 141.74,
            "debt_ratio": 45.75,
            "inventory_turnover_ratio": 0.55,
            "account_receivable_turnover_ratio": 2.09,
            "reinvestment_rate": null,
            "research_to_sale_ratio": 12.17,
            "price_fair": 0,
            "eps_avg_yearly": 0,
            "eps_latest_yearly": 0,
            "eps_growth_yearly": 0
        },
        "20154": {
            "year_quarter": 20154,
            "year": 2015,
            "quarter": 4,
            "eps": 0.39,
            "eps_growth_year": null,
            "eps_4q": 0.27,
            "eps_4q_growth_year": null,
            "roe": 2.93,
            "roe_4q": -1.5499999999999998,
            "gross_profit": 113755,
            "gross_margin": 28.16,
            "gross_margin_4q_avg": 26.86,
            "net_income": 27215,
            "revenue": 404019,
            "common_shares": 791000,
            "book_valuer_per_share": 9.74,
            "book_valuer_per_share_4q_avg": 9.42,
            "equity": 933017,
            "current_ratio": 137.85,
            "debt_ratio": 45.88,
            "inventory_turnover_ratio": 0.65,
            "account_receivable_turnover_ratio": 2.64,
            "reinvestment_rate": null,
            "research_to_sale_ratio": 9.54,
            "price_fair": 54.6,
            "eps_avg_yearly": 1.56,
            "eps_latest_yearly": 1.56,
            "eps_growth_yearly": 421.05
        },
        "20161": {
            "year_quarter": 20161,
            "year": 2016,
            "quarter": 1,
            "eps": 0.13,
            "eps_growth_year": null,
            "eps_4q": 0.49,
            "eps_4q_growth_year": null,
            "roe": -0.37,
            "roe_4q": 0.3799999999999999,
            "gross_profit": 106398,
            "gross_margin": 31.57,
            "gross_margin_4q_avg": 29.03,
            "net_income": -3435,
            "revenue": 337051,
            "common_shares": 791000,
            "book_valuer_per_share": 9.8,
            "book_valuer_per_share_4q_avg": 9.53,
            "equity": 926128,
            "current_ratio": 141.99,
            "debt_ratio": 42.97,
            "inventory_turnover_ratio": 0.56,
            "account_receivable_turnover_ratio": 2.5,
            "reinvestment_rate": null,
            "research_to_sale_ratio": 9.81,
            "price_fair": 36.4,
            "eps_avg_yearly": 1.04,
            "eps_latest_yearly": 0.52,
            "eps_growth_yearly": 77.19
        },
        "20162": {
            "year_quarter": 20162,
            "year": 2016,
            "quarter": 2,
            "eps": 0.15,
            "eps_growth_year": null,
            "eps_4q": 0.86,
            "eps_4q_growth_year": null,
            "roe": 0.88,
            "roe_4q": 3.9000000000000004,
            "gross_profit": 85740,
            "gross_margin": 28.26,
            "gross_margin_4q_avg": 28.94,
            "net_income": 8051,
            "revenue": 303376,
            "common_shares": 791000,
            "book_valuer_per_share": 9.82,
            "book_valuer_per_share_4q_avg": 9.71,
            "equity": 909876,
            "current_ratio": 150.31,
            "debt_ratio": 40.59,
            "inventory_turnover_ratio": 0.58,
            "account_receivable_turnover_ratio": 2.54,
            "reinvestment_rate": null,
            "research_to_sale_ratio": 9.54,
            "price_fair": 31.27,
            "eps_avg_yearly": 0.89,
            "eps_latest_yearly": 0.6,
            "eps_growth_yearly": 71.97
        },
        "20163": {
            "year_quarter": 20163,
            "year": 2016,
            "quarter": 3,
            "eps": 0.13,
            "eps_growth_year": -31.58,
            "eps_4q": 0.87,
            "eps_4q_growth_year": null,
            "roe": -0.25,
            "roe_4q": 3.1900000000000004,
            "gross_profit": 87709,
            "gross_margin": 28.24,
            "gross_margin_4q_avg": 29.06,
            "net_income": -2266,
            "revenue": 310610,
            "common_shares": 725000,
            "book_valuer_per_share": 10.65,
            "book_valuer_per_share_4q_avg": 10,
            "equity": 889288,
            "current_ratio": 149.62,
            "debt_ratio": 42.54,
            "inventory_turnover_ratio": 0.62,
            "account_receivable_turnover_ratio": 2.62,
            "reinvestment_rate": null,
            "research_to_sale_ratio": 9.05,
            "price_fair": 28,
            "eps_avg_yearly": 0.8,
            "eps_latest_yearly": 0.52,
            "eps_growth_yearly": 40.65
        },
        "20164": {
            "year_quarter": 20164,
            "year": 2016,
            "quarter": 4,
            "eps": 0.09,
            "eps_growth_year": -77.14,
            "eps_4q": 0.53,
            "eps_4q_growth_year": 97.74,
            "roe": -0.37,
            "roe_4q": -0.10999999999999999,
            "gross_profit": 71930,
            "gross_margin": 26.12,
            "gross_margin_4q_avg": 28.55,
            "net_income": -3287,
            "revenue": 275352,
            "common_shares": 725000,
            "book_valuer_per_share": 10.66,
            "book_valuer_per_share_4q_avg": 10.23,
            "equity": 877929,
            "current_ratio": 157.94,
            "debt_ratio": 39.96,
            "inventory_turnover_ratio": 0.6,
            "account_receivable_turnover_ratio": 2.14,
            "reinvestment_rate": null,
            "research_to_sale_ratio": 10.5,
            "price_fair": 12.75,
            "eps_avg_yearly": 0.71,
            "eps_latest_yearly": 0.36,
            "eps_growth_yearly": 7.9
        },
        "20171": {
            "year_quarter": 20171,
            "year": 2017,
            "quarter": 1,
            "eps": 0.01,
            "eps_growth_year": -92.31,
            "eps_4q": 0.4,
            "eps_4q_growth_year": -18.94,
            "roe": -1.07,
            "roe_4q": -0.8099999999999999,
            "gross_profit": 74496,
            "gross_margin": 26.03,
            "gross_margin_4q_avg": 27.16,
            "net_income": -9201,
            "revenue": 286147,
            "common_shares": 725000,
            "book_valuer_per_share": 10.4,
            "book_valuer_per_share_4q_avg": 10.38,
            "equity": 844752,
            "current_ratio": 161.9,
            "debt_ratio": 38.84,
            "inventory_turnover_ratio": 0.66,
            "account_receivable_turnover_ratio": 2.33,
            "reinvestment_rate": null,
            "research_to_sale_ratio": 7.63,
            "price_fair": 1.8,
            "eps_avg_yearly": 0.6,
            "eps_latest_yearly": 0.04,
            "eps_growth_yearly": -52.67
        },
        "20172": {
            "year_quarter": 20172,
            "year": 2017,
            "quarter": 2,
            "eps": 0.07,
            "eps_growth_year": -53.33,
            "eps_4q": 0.3,
            "eps_4q_growth_year": -64.8,
            "roe": -0.54,
            "roe_4q": -2.23,
            "gross_profit": 79081,
            "gross_margin": 27.82,
            "gross_margin_4q_avg": 27.05,
            "net_income": -4508,
            "revenue": 284267,
            "common_shares": 725000,
            "book_valuer_per_share": 10.26,
            "book_valuer_per_share_4q_avg": 10.49,
            "equity": 827062,
            "current_ratio": 153.87,
            "debt_ratio": 42.1,
            "inventory_turnover_ratio": 0.53,
            "account_receivable_turnover_ratio": 2.8,
            "reinvestment_rate": null,
            "research_to_sale_ratio": 9,
            "price_fair": 19.4,
            "eps_avg_yearly": 0.55,
            "eps_latest_yearly": 0.28,
            "eps_growth_yearly": 297.71
        },
        "20173": {
            "year_quarter": 20173,
            "year": 2017,
            "quarter": 3,
            "eps": 0.22,
            "eps_growth_year": 69.23,
            "eps_4q": 0.38,
            "eps_4q_growth_year": -55.52,
            "roe": -0.22,
            "roe_4q": -2.2,
            "gross_profit": 87781,
            "gross_margin": 24.6,
            "gross_margin_4q_avg": 26.14,
            "net_income": -1813,
            "revenue": 356888,
            "common_shares": 725000,
            "book_valuer_per_share": 10.56,
            "book_valuer_per_share_4q_avg": 10.47,
            "equity": 831842,
            "current_ratio": 154.04,
            "debt_ratio": 41.94,
            "inventory_turnover_ratio": 0.57,
            "account_receivable_turnover_ratio": 4.26,
            "reinvestment_rate": null,
            "research_to_sale_ratio": 7.34,
            "price_fair": 20.83,
            "eps_avg_yearly": 0.6,
            "eps_latest_yearly": 0.88,
            "eps_growth_yearly": 367.64
        },
        "20174": {
            "year_quarter": 20174,
            "year": 2017,
            "quarter": 4,
            "eps": 0.43,
            "eps_growth_year": 379.04,
            "eps_4q": 0.72,
            "eps_4q_growth_year": 36.66,
            "roe": 2.56,
            "roe_4q": 0.7299999999999998,
            "gross_profit": 100153,
            "gross_margin": 23.46,
            "gross_margin_4q_avg": 25.48,
            "net_income": 21547,
            "revenue": 426889,
            "common_shares": 725000,
            "book_valuer_per_share": 11,
            "book_valuer_per_share_4q_avg": 10.56,
            "equity": 853066,
            "current_ratio": 161.06,
            "debt_ratio": 40.44,
            "inventory_turnover_ratio": 0.78,
            "account_receivable_turnover_ratio": 4.54,
            "reinvestment_rate": null,
            "research_to_sale_ratio": 8.81,
            "price_fair": 25.2,
            "eps_avg_yearly": 0.72,
            "eps_latest_yearly": 1.72,
            "eps_growth_yearly": 369.21
        },
        "20181": {
            "year_quarter": 20181,
            "year": 2018,
            "quarter": 1,
            "eps": 0.01,
            "eps_growth_year": 0,
            "eps_4q": 0.72,
            "eps_4q_growth_year": 82.25,
            "roe": -1.75,
            "roe_4q": 0.050000000000000044,
            "gross_profit": 52942,
            "gross_margin": 22.51,
            "gross_margin_4q_avg": 24.6,
            "net_income": -14822,
            "revenue": 235210,
            "common_shares": 725000,
            "book_valuer_per_share": 11.09,
            "book_valuer_per_share_4q_avg": 10.73,
            "equity": 845434,
            "current_ratio": 166.92,
            "debt_ratio": 35.04,
            "inventory_turnover_ratio": 0.56,
            "account_receivable_turnover_ratio": 2.16,
            "reinvestment_rate": null,
            "research_to_sale_ratio": 11.19,
            "price_fair": 22.82,
            "eps_avg_yearly": 0.65,
            "eps_latest_yearly": 0.04,
            "eps_growth_yearly": 293.22
        },
        "20182": {
            "year_quarter": 20182,
            "year": 2018,
            "quarter": 2,
            "eps": 0.08,
            "eps_growth_year": 14.29,
            "eps_4q": 0.73,
            "eps_4q_growth_year": 141.6,
            "roe": -0.2,
            "roe_4q": 0.3900000000000001,
            "gross_profit": 66700,
            "gross_margin": 29.92,
            "gross_margin_4q_avg": 25.12,
            "net_income": -1633,
            "revenue": 222912,
            "common_shares": 725000,
            "book_valuer_per_share": 10.54,
            "book_valuer_per_share_4q_avg": 10.8,
            "equity": 792806,
            "current_ratio": 148.14,
            "debt_ratio": 38.16,
            "inventory_turnover_ratio": 0.45,
            "account_receivable_turnover_ratio": 2.99,
            "reinvestment_rate": null,
            "research_to_sale_ratio": 14.73,
            "price_fair": 21.76,
            "eps_avg_yearly": 0.62,
            "eps_latest_yearly": 0.32,
            "eps_growth_yearly": 521.11
        },
        "20183": {
            "year_quarter": 20183,
            "year": 2018,
            "quarter": 3,
            "eps": 0.48,
            "eps_growth_year": 118.18,
            "eps_4q": 0.99,
            "eps_4q_growth_year": 158.02,
            "roe": 3.6,
            "roe_4q": 4.21,
            "gross_profit": 105522,
            "gross_margin": 29.55,
            "gross_margin_4q_avg": 26.36,
            "net_income": 28743,
            "revenue": 357145,
            "common_shares": 725000,
            "book_valuer_per_share": 10.83,
            "book_valuer_per_share_4q_avg": 10.87,
            "equity": 805384,
            "current_ratio": 152.74,
            "debt_ratio": 39.04,
            "inventory_turnover_ratio": 0.66,
            "account_receivable_turnover_ratio": 4.41,
            "reinvestment_rate": -332.53,
            "research_to_sale_ratio": 7.46,
            "price_fair": 25.55,
            "eps_avg_yearly": 0.73,
            "eps_latest_yearly": 1.92,
            "eps_growth_yearly": 644.35
        },
        "20184": {
            "year_quarter": 20184,
            "year": 2018,
            "quarter": 4,
            "eps": 0.08,
            "eps_growth_year": -80.21,
            "eps_4q": 0.66,
            "eps_4q_growth_year": -9.29,
            "roe": -0.85,
            "roe_4q": 0.7999999999999998,
            "gross_profit": 70817,
            "gross_margin": 26.71,
            "gross_margin_4q_avg": 27.17,
            "net_income": -6826,
            "revenue": 265140,
            "common_shares": 725000,
            "book_valuer_per_share": 10.96,
            "book_valuer_per_share_4q_avg": 10.86,
            "equity": 792236,
            "current_ratio": 165.76,
            "debt_ratio": 34.48,
            "inventory_turnover_ratio": 0.54,
            "account_receivable_turnover_ratio": 2.13,
            "reinvestment_rate": -171.41,
            "research_to_sale_ratio": 9.38,
            "price_fair": 24.45,
            "eps_avg_yearly": 0.7,
            "eps_latest_yearly": 0.32,
            "eps_growth_yearly": 569.15
        },
        "20191": {
            "year_quarter": 20191,
            "year": 2019,
            "quarter": 1,
            "eps": -0.21,
            "eps_growth_year": -2200,
            "eps_4q": 0.43,
            "eps_4q_growth_year": -40.03,
            "roe": -2.69,
            "roe_4q": -0.13999999999999996,
            "gross_profit": 40547,
            "gross_margin": 20.09,
            "gross_margin_4q_avg": 26.57,
            "net_income": -21163,
            "revenue": 201831,
            "common_shares": 725000,
            "book_valuer_per_share": 10.88,
            "book_valuer_per_share_4q_avg": 10.8,
            "equity": 779703,
            "current_ratio": 163.98,
            "debt_ratio": 34.85,
            "inventory_turnover_ratio": 0.51,
            "account_receivable_turnover_ratio": 1.61,
            "reinvestment_rate": -179.13,
            "research_to_sale_ratio": 9.64,
            "price_fair": 24.45,
            "eps_avg_yearly": 0.7,
            "eps_latest_yearly": 0.32,
            "eps_growth_yearly": 569.15
        },
        "20192": {
            "year_quarter": 20192,
            "year": 2019,
            "quarter": 2,
            "eps": -0.11,
            "eps_growth_year": -237.5,
            "eps_4q": 0.24,
            "eps_4q_growth_year": -66.55,
            "roe": -1.56,
            "roe_4q": -1.4999999999999996,
            "gross_profit": 49638,
            "gross_margin": 22.62,
            "gross_margin_4q_avg": 24.74,
            "net_income": -11725,
            "revenue": 219415,
            "common_shares": 725000,
            "book_valuer_per_share": 10.1,
            "book_valuer_per_share_4q_avg": 10.69,
            "equity": 721466,
            "current_ratio": 137.91,
            "debt_ratio": 43.99,
            "inventory_turnover_ratio": 0.51,
            "account_receivable_turnover_ratio": 1.83,
            "reinvestment_rate": -173.6,
            "research_to_sale_ratio": 10.06,
            "price_fair": 24.45,
            "eps_avg_yearly": 0.7,
            "eps_latest_yearly": 0.32,
            "eps_growth_yearly": 569.15
        },
        "20193": {
            "year_quarter": 20193,
            "year": 2019,
            "quarter": 3,
            "eps": 0.45,
            "eps_growth_year": -6.25,
            "eps_4q": 0.21,
            "eps_4q_growth_year": -78.95,
            "roe": 4.27,
            "roe_4q": -0.8300000000000004,
            "gross_profit": 91463,
            "gross_margin": 30.75,
            "gross_margin_4q_avg": 25.04,
            "net_income": 31145,
            "revenue": 297407,
            "common_shares": 725000,
            "book_valuer_per_share": 10.36,
            "book_valuer_per_share_4q_avg": 10.58,
            "equity": 737076,
            "current_ratio": 143.99,
            "debt_ratio": 47.31,
            "inventory_turnover_ratio": 0.52,
            "account_receivable_turnover_ratio": 2.6,
            "reinvestment_rate": -174.39,
            "research_to_sale_ratio": 9.87,
            "price_fair": 24.45,
            "eps_avg_yearly": 0.7,
            "eps_latest_yearly": 0.32,
            "eps_growth_yearly": 569.15
        },
        "20194": {
            "year_quarter": 20194,
            "year": 2019,
            "quarter": 4,
            "eps": 0.08,
            "eps_growth_year": -1.17,
            "eps_4q": 0.21,
            "eps_4q_growth_year": -68.28,
            "roe": 0.63,
            "roe_4q": 0.6499999999999995,
            "gross_profit": 65745,
            "gross_margin": 18.11,
            "gross_margin_4q_avg": 22.89,
            "net_income": 4640,
            "revenue": 362971,
            "common_shares": 725000,
            "book_valuer_per_share": 10.39,
            "book_valuer_per_share_4q_avg": 10.43,
            "equity": 737412,
            "current_ratio": 182.67,
            "debt_ratio": 34.26,
            "inventory_turnover_ratio": 0.95,
            "account_receivable_turnover_ratio": 2.61,
            "reinvestment_rate": -189.12,
            "research_to_sale_ratio": 8.71,
            "price_fair": 21.11,
            "eps_avg_yearly": 0.6,
            "eps_latest_yearly": 0.32,
            "eps_growth_yearly": 511.46
        },
        "20201": {
            "year_quarter": 20201,
            "year": 2020,
            "quarter": 1,
            "eps": -0.43,
            "eps_growth_year": null,
            "eps_4q": -0.01,
            "eps_4q_growth_year": -102.86,
            "roe": -5.42,
            "roe_4q": -2.0800000000000005,
            "gross_profit": 16054,
            "gross_margin": 21.1,
            "gross_margin_4q_avg": 23.15,
            "net_income": -38441,
            "revenue": 76081,
            "common_shares": 725000,
            "book_valuer_per_share": 9.74,
            "book_valuer_per_share_4q_avg": 10.15,
            "equity": 681456,
            "current_ratio": 185.09,
            "debt_ratio": 31.37,
            "inventory_turnover_ratio": 0.33,
            "account_receivable_turnover_ratio": 0.55,
            "reinvestment_rate": -257.33,
            "research_to_sale_ratio": 29.89,
            "price_fair": 21.35,
            "eps_avg_yearly": 0.61,
            "eps_latest_yearly": 0.32,
            "eps_growth_yearly": 576.3
        },
        "20202": {
            "year_quarter": 20202,
            "year": 2020,
            "quarter": 2,
            "eps": -0.2,
            "eps_growth_year": null,
            "eps_4q": -0.1,
            "eps_4q_growth_year": -139.77,
            "roe": -3.27,
            "roe_4q": -3.789999999999999,
            "gross_profit": 25546,
            "gross_margin": 24.67,
            "gross_margin_4q_avg": 23.66,
            "net_income": -21938,
            "revenue": 103571,
            "common_shares": 725000,
            "book_valuer_per_share": 9.48,
            "book_valuer_per_share_4q_avg": 9.99,
            "equity": 660434,
            "current_ratio": 198.39,
            "debt_ratio": 28.17,
            "inventory_turnover_ratio": 0.44,
            "account_receivable_turnover_ratio": 1.28,
            "reinvestment_rate": -320.92,
            "research_to_sale_ratio": 18.56,
            "price_fair": 21.38,
            "eps_avg_yearly": 0.61,
            "eps_latest_yearly": 0.32,
            "eps_growth_yearly": 623.1
        },
        "20203": {
            "year_quarter": 20203,
            "year": 2020,
            "quarter": 3,
            "eps": -0.24,
            "eps_growth_year": -153.33,
            "eps_4q": -0.79,
            "eps_4q_growth_year": -476.7,
            "roe": -3.04,
            "roe_4q": -11.1,
            "gross_profit": 25098,
            "gross_margin": 21.62,
            "gross_margin_4q_avg": 21.38,
            "net_income": -19860,
            "revenue": 116081,
            "common_shares": 725000,
            "book_valuer_per_share": 9.33,
            "book_valuer_per_share_4q_avg": 9.74,
            "equity": 646916,
            "current_ratio": 201.75,
            "debt_ratio": 26.99,
            "inventory_turnover_ratio": 0.53,
            "account_receivable_turnover_ratio": 2.27,
            "reinvestment_rate": -416.8,
            "research_to_sale_ratio": 22.75,
            "price_fair": 21.7,
            "eps_avg_yearly": 0.62,
            "eps_latest_yearly": 0.32,
            "eps_growth_yearly": 690.74
        },
        "20204": {
            "year_quarter": 20204,
            "year": 2020,
            "quarter": 4,
            "eps": -0.4,
            "eps_growth_year": -576.77,
            "eps_4q": -1.27,
            "eps_4q_growth_year": -712.02,
            "roe": -4.52,
            "roe_4q": -16.25,
            "gross_profit": 32685,
            "gross_margin": 28.12,
            "gross_margin_4q_avg": 23.88,
            "net_income": -28652,
            "revenue": 116228,
            "common_shares": 725000,
            "book_valuer_per_share": 9.05,
            "book_valuer_per_share_4q_avg": 9.4,
            "equity": 621699,
            "current_ratio": 225.7,
            "debt_ratio": 24.42,
            "inventory_turnover_ratio": 0.58,
            "account_receivable_turnover_ratio": 2.13,
            "reinvestment_rate": -950.24,
            "research_to_sale_ratio": 21.25,
            "price_fair": 22.71,
            "eps_avg_yearly": 0.65,
            "eps_latest_yearly": 0.32,
            "eps_growth_yearly": 781.17
        },
        "20211": {
            "year_quarter": 20211,
            "year": 2021,
            "quarter": 1,
            "eps": -0.49,
            "eps_growth_year": null,
            "eps_4q": -1.32,
            "eps_4q_growth_year": null,
            "roe": -5.82,
            "roe_4q": -16.65,
            "gross_profit": 37248,
            "gross_margin": 50.08,
            "gross_margin_4q_avg": 31.12,
            "net_income": -35066,
            "revenue": 74383,
            "common_shares": 725000,
            "book_valuer_per_share": 8.52,
            "book_valuer_per_share_4q_avg": 9.1,
            "equity": 584344,
            "current_ratio": 219.34,
            "debt_ratio": 26.1,
            "inventory_turnover_ratio": 0.27,
            "account_receivable_turnover_ratio": 0.91,
            "reinvestment_rate": null,
            "research_to_sale_ratio": 23.72,
            "price_fair": 25.38,
            "eps_avg_yearly": 0.73,
            "eps_latest_yearly": 0.32,
            "eps_growth_yearly": 923.26
        },
        "20212": {
            "year_quarter": 20212,
            "year": 2021,
            "quarter": 2,
            "eps": -0.46,
            "eps_growth_year": null,
            "eps_4q": -1.58,
            "eps_4q_growth_year": null,
            "roe": -5.79,
            "roe_4q": -19.169999999999998,
            "gross_profit": 12997,
            "gross_margin": 16.35,
            "gross_margin_4q_avg": 29.04,
            "net_income": -32793,
            "revenue": 79509,
            "common_shares": 725000,
            "book_valuer_per_share": 8.03,
            "book_valuer_per_share_4q_avg": 8.73,
            "equity": 548970,
            "current_ratio": 196.81,
            "debt_ratio": 31.32,
            "inventory_turnover_ratio": 0.46,
            "account_receivable_turnover_ratio": 1.07,
            "reinvestment_rate": null,
            "research_to_sale_ratio": 23.09,
            "price_fair": 27.6,
            "eps_avg_yearly": 0.79,
            "eps_latest_yearly": 0.32,
            "eps_growth_yearly": 712.29
        },
        "20213": {
            "year_quarter": 20213,
            "year": 2021,
            "quarter": 3,
            "eps": -0.45,
            "eps_growth_year": null,
            "eps_4q": -1.79,
            "eps_4q_growth_year": null,
            "roe": -6.18,
            "roe_4q": -22.31,
            "gross_profit": 7798,
            "gross_margin": 18.56,
            "gross_margin_4q_avg": 28.28,
            "net_income": -32822,
            "revenue": 42005,
            "common_shares": 725000,
            "book_valuer_per_share": 7.53,
            "book_valuer_per_share_4q_avg": 8.28,
            "equity": 513341,
            "current_ratio": 247.5,
            "debt_ratio": 28.46,
            "inventory_turnover_ratio": 0.21,
            "account_receivable_turnover_ratio": 0.91,
            "reinvestment_rate": null,
            "research_to_sale_ratio": 44.93,
            "price_fair": 27.07,
            "eps_avg_yearly": 0.77,
            "eps_latest_yearly": 0.32,
            "eps_growth_yearly": 688.15
        },
        "20214": {
            "year_quarter": 20214,
            "year": 2021,
            "quarter": 4,
            "eps": 0.52,
            "eps_growth_year": null,
            "eps_4q": -0.88,
            "eps_4q_growth_year": null,
            "roe": 17.25,
            "roe_4q": -0.54,
            "gross_profit": 10329,
            "gross_margin": 16.17,
            "gross_margin_4q_avg": 25.29,
            "net_income": 96566,
            "revenue": 63878,
            "common_shares": 725000,
            "book_valuer_per_share": 8.03,
            "book_valuer_per_share_4q_avg": 8.03,
            "equity": 606128,
            "current_ratio": 421.66,
            "debt_ratio": 18.45,
            "inventory_turnover_ratio": 0.31,
            "account_receivable_turnover_ratio": 1.32,
            "reinvestment_rate": null,
            "research_to_sale_ratio": 32.69,
            "price_fair": 20.44,
            "eps_avg_yearly": 0.58,
            "eps_latest_yearly": 0.32,
            "eps_growth_yearly": 749.42
        },
        "20221": {
            "year_quarter": 20221,
            "year": 2022,
            "quarter": 1,
            "eps": -0.44,
            "eps_growth_year": null,
            "eps_4q": -0.85,
            "eps_4q_growth_year": null,
            "roe": -4.92,
            "roe_4q": 0.3600000000000003,
            "gross_profit": 1890,
            "gross_margin": 4.46,
            "gross_margin_4q_avg": 13.89,
            "net_income": -29454,
            "revenue": 42420,
            "common_shares": 717010,
            "book_valuer_per_share": 7.85,
            "book_valuer_per_share_4q_avg": 7.86,
            "equity": 590334,
            "current_ratio": 370.33,
            "debt_ratio": 20.69,
            "inventory_turnover_ratio": 0.24,
            "account_receivable_turnover_ratio": 0.73,
            "reinvestment_rate": null,
            "research_to_sale_ratio": 44.32,
            "price_fair": 25.2,
            "eps_avg_yearly": 0.72,
            "eps_latest_yearly": 0.32,
            "eps_growth_yearly": 1034.44
        },
        "20222": {
            "year_quarter": 20222,
            "year": 2022,
            "quarter": 2,
            "eps": -0.23,
            "eps_growth_year": null,
            "eps_4q": -0.61,
            "eps_4q_growth_year": null,
            "roe": -2.83,
            "roe_4q": 3.3200000000000003,
            "gross_profit": 18467,
            "gross_margin": 26.26,
            "gross_margin_4q_avg": 16.36,
            "net_income": -15972,
            "revenue": 70315,
            "common_shares": 717010,
            "book_valuer_per_share": 7.53,
            "book_valuer_per_share_4q_avg": 7.74,
            "equity": 538422,
            "current_ratio": 267.31,
            "debt_ratio": 28.12,
            "inventory_turnover_ratio": 0.29,
            "account_receivable_turnover_ratio": 0.97,
            "reinvestment_rate": null,
            "research_to_sale_ratio": 24.11,
            "price_fair": 29.87,
            "eps_avg_yearly": 0.85,
            "eps_latest_yearly": 0.32,
            "eps_growth_yearly": 445.93
        },
        "20223": {
            "year_quarter": 20223,
            "year": 2022,
            "quarter": 3,
            "eps": 0.09,
            "eps_growth_year": null,
            "eps_4q": -0.06,
            "eps_4q_growth_year": null,
            "roe": 1.13,
            "roe_4q": 10.629999999999999,
            "gross_profit": 39105,
            "gross_margin": 33.72,
            "gross_margin_4q_avg": 20.15,
            "net_income": 6139,
            "revenue": 115969,
            "common_shares": 717010,
            "book_valuer_per_share": 7.42,
            "book_valuer_per_share_4q_avg": 7.71,
            "equity": 549713,
            "current_ratio": 236.58,
            "debt_ratio": 32.22,
            "inventory_turnover_ratio": 0.38,
            "account_receivable_turnover_ratio": 1.38,
            "reinvestment_rate": null,
            "research_to_sale_ratio": 14.76,
            "price_fair": 0.96,
            "eps_avg_yearly": 0.32,
            "eps_latest_yearly": 0.32,
            "eps_growth_yearly": -331.11
        },
        "20224": {
            "year_quarter": 20224,
            "year": 2022,
            "quarter": 4,
            "eps": -0.36,
            "eps_growth_year": -169.82,
            "eps_4q": -0.94,
            "eps_4q_growth_year": null,
            "roe": -4.76,
            "roe_4q": -11.379999999999999,
            "gross_profit": 33286,
            "gross_margin": 34.2,
            "gross_margin_4q_avg": 24.66,
            "net_income": -25383,
            "revenue": 97326,
            "common_shares": 717010,
            "book_valuer_per_share": 7.26,
            "book_valuer_per_share_4q_avg": 7.52,
            "equity": 516760,
            "current_ratio": 222.27,
            "debt_ratio": 33.27,
            "inventory_turnover_ratio": 0.31,
            "account_receivable_turnover_ratio": 1.38,
            "reinvestment_rate": null,
            "research_to_sale_ratio": 15.56,
            "price_fair": 0.96,
            "eps_avg_yearly": 0.32,
            "eps_latest_yearly": 0.32,
            "eps_growth_yearly": -328.89
        },
        "20231": {
            "year_quarter": 20231,
            "year": 2023,
            "quarter": 1,
            "eps": -0.33,
            "eps_growth_year": null,
            "eps_4q": -0.82,
            "eps_4q_growth_year": null,
            "roe": -4.53,
            "roe_4q": -10.99,
            "gross_profit": 16484,
            "gross_margin": 27.76,
            "gross_margin_4q_avg": 30.49,
            "net_income": -22918,
            "revenue": 59386,
            "common_shares": 717010,
            "book_valuer_per_share": 6.95,
            "book_valuer_per_share_4q_avg": 7.29,
            "equity": 495329,
            "current_ratio": 228.94,
            "debt_ratio": 32.08,
            "inventory_turnover_ratio": 0.2,
            "account_receivable_turnover_ratio": 1.43,
            "reinvestment_rate": null,
            "research_to_sale_ratio": 27.5,
            "price_fair": 0.96,
            "eps_avg_yearly": 0.32,
            "eps_latest_yearly": 0.32,
            "eps_growth_yearly": -328.89
        }
    },
    "months": {
        "2003-09": {
            "month": "2003-09",
            "price": "27.00",
            "revenue": 230450
        },
        "2003-10": {
            "month": "2003-10",
            "price": "26.79",
            "revenue": 226836
        },
        "2003-11": {
            "month": "2003-11",
            "price": "26.13",
            "revenue": 283807
        },
        "2003-12": {
            "month": "2003-12",
            "price": "24.89",
            "revenue": 267598
        },
        "2004-01": {
            "month": "2004-01",
            "price": "24.62",
            "revenue": 216627
        },
        "2004-02": {
            "month": "2004-02",
            "price": "27.93",
            "revenue": 241302
        },
        "2004-03": {
            "month": "2004-03",
            "price": "29.63",
            "revenue": 281298
        },
        "2004-04": {
            "month": "2004-04",
            "price": "29.93",
            "revenue": 246567
        },
        "2004-05": {
            "month": "2004-05",
            "price": "28.31",
            "revenue": 189975
        },
        "2004-06": {
            "month": "2004-06",
            "price": "24.74",
            "revenue": 208123
        },
        "2004-07": {
            "month": "2004-07",
            "price": "20.70",
            "revenue": 121055
        },
        "2004-08": {
            "month": "2004-08",
            "price": "17.07",
            "revenue": 156457
        },
        "2004-09": {
            "month": "2004-09",
            "price": "13.54",
            "revenue": 125563
        },
        "2004-10": {
            "month": "2004-10",
            "price": "10.41",
            "revenue": 240471
        },
        "2004-11": {
            "month": "2004-11",
            "price": "8.10",
            "revenue": 260964
        },
        "2004-12": {
            "month": "2004-12",
            "price": "7.21",
            "revenue": 287601
        },
        "2005-01": {
            "month": "2005-01",
            "price": "7.26",
            "revenue": 317634
        },
        "2005-02": {
            "month": "2005-02",
            "price": "7.22",
            "revenue": 172613
        },
        "2005-03": {
            "month": "2005-03",
            "price": "7.35",
            "revenue": 236405
        },
        "2005-04": {
            "month": "2005-04",
            "price": "7.30",
            "revenue": 242148
        },
        "2005-05": {
            "month": "2005-05",
            "price": "6.08",
            "revenue": 212565
        },
        "2005-06": {
            "month": "2005-06",
            "price": "7.60",
            "revenue": 147882
        },
        "2005-07": {
            "month": "2005-07",
            "price": "8.63",
            "revenue": 116978
        },
        "2005-08": {
            "month": "2005-08",
            "price": "8.44",
            "revenue": 199566
        },
        "2005-09": {
            "month": "2005-09",
            "price": "7.72",
            "revenue": 175387
        },
        "2005-10": {
            "month": "2005-10",
            "price": "6.60",
            "revenue": 154975
        },
        "2005-11": {
            "month": "2005-11",
            "price": "6.75",
            "revenue": 182762
        },
        "2005-12": {
            "month": "2005-12",
            "price": "5.41",
            "revenue": 182613
        },
        "2006-01": {
            "month": "2006-01",
            "price": "5.08",
            "revenue": 152040
        },
        "2006-02": {
            "month": "2006-02",
            "price": "4.86",
            "revenue": 190980
        },
        "2006-03": {
            "month": "2006-03",
            "price": "3.97",
            "revenue": 209813
        },
        "2006-04": {
            "month": "2006-04",
            "price": "4.75",
            "revenue": 223918
        },
        "2006-05": {
            "month": "2006-05",
            "price": "7.69",
            "revenue": 162705
        },
        "2006-06": {
            "month": "2006-06",
            "price": "7.61",
            "revenue": 169764
        },
        "2006-07": {
            "month": "2006-07",
            "price": "7.02",
            "revenue": 154803
        },
        "2006-08": {
            "month": "2006-08",
            "price": "6.57",
            "revenue": 124960
        },
        "2006-09": {
            "month": "2006-09",
            "price": "5.12",
            "revenue": 110381
        },
        "2006-10": {
            "month": "2006-10",
            "price": "5.10",
            "revenue": 115692
        },
        "2006-11": {
            "month": "2006-11",
            "price": "5.06",
            "revenue": 115081
        },
        "2006-12": {
            "month": "2006-12",
            "price": "4.59",
            "revenue": 148093
        },
        "2007-01": {
            "month": "2007-01",
            "price": "6.36",
            "revenue": 122725
        },
        "2007-02": {
            "month": "2007-02",
            "price": "6.64",
            "revenue": 133124
        },
        "2007-03": {
            "month": "2007-03",
            "price": "9.71",
            "revenue": 200151
        },
        "2007-04": {
            "month": "2007-04",
            "price": "11.22",
            "revenue": 282739
        },
        "2007-05": {
            "month": "2007-05",
            "price": "13.24",
            "revenue": 239715
        },
        "2007-06": {
            "month": "2007-06",
            "price": "21.02",
            "revenue": 276940
        },
        "2007-07": {
            "month": "2007-07",
            "price": "31.19",
            "revenue": 203467
        },
        "2007-08": {
            "month": "2007-08",
            "price": "24.16",
            "revenue": 70814
        },
        "2007-09": {
            "month": "2007-09",
            "price": "17.63",
            "revenue": 84826
        },
        "2007-10": {
            "month": "2007-10",
            "price": "13.75",
            "revenue": 143739
        },
        "2007-11": {
            "month": "2007-11",
            "price": "11.59",
            "revenue": 114404
        },
        "2007-12": {
            "month": "2007-12",
            "price": "9.87",
            "revenue": 206354
        },
        "2008-01": {
            "month": "2008-01",
            "price": "9.42",
            "revenue": 155115
        },
        "2008-02": {
            "month": "2008-02",
            "price": "9.59",
            "revenue": 111457
        },
        "2008-03": {
            "month": "2008-03",
            "price": "8.89",
            "revenue": 121239
        },
        "2008-04": {
            "month": "2008-04",
            "price": "8.81",
            "revenue": 103916
        },
        "2008-05": {
            "month": "2008-05",
            "price": "9.62",
            "revenue": 90498
        },
        "2008-06": {
            "month": "2008-06",
            "price": "7.00",
            "revenue": 77167
        },
        "2008-07": {
            "month": "2008-07",
            "price": "6.70",
            "revenue": 68720
        },
        "2008-08": {
            "month": "2008-08",
            "price": "5.02",
            "revenue": 150392
        },
        "2008-09": {
            "month": "2008-09",
            "price": "4.22",
            "revenue": 181833
        },
        "2008-10": {
            "month": "2008-10",
            "price": "3.19",
            "revenue": 108774
        },
        "2008-11": {
            "month": "2008-11",
            "price": "4.39",
            "revenue": 71005
        },
        "2008-12": {
            "month": "2008-12",
            "price": "5.52",
            "revenue": 110832
        },
        "2009-01": {
            "month": "2009-01",
            "price": "5.57",
            "revenue": 80410
        },
        "2009-02": {
            "month": "2009-02",
            "price": "4.30",
            "revenue": 144258
        },
        "2009-03": {
            "month": "2009-03",
            "price": "5.12",
            "revenue": 240685
        },
        "2009-04": {
            "month": "2009-04",
            "price": "7.36",
            "revenue": 259525
        },
        "2009-05": {
            "month": "2009-05",
            "price": "8.74",
            "revenue": 196284
        },
        "2009-06": {
            "month": "2009-06",
            "price": "8.09",
            "revenue": 219341
        },
        "2009-07": {
            "month": "2009-07",
            "price": "8.81",
            "revenue": 226921
        },
        "2009-08": {
            "month": "2009-08",
            "price": "10.27",
            "revenue": 122157
        },
        "2009-09": {
            "month": "2009-09",
            "price": "11.91",
            "revenue": 77149
        },
        "2009-10": {
            "month": "2009-10",
            "price": "10.99",
            "revenue": 85888
        },
        "2009-11": {
            "month": "2009-11",
            "price": "10.47",
            "revenue": 107031
        },
        "2009-12": {
            "month": "2009-12",
            "price": "11.32",
            "revenue": 117589
        },
        "2010-01": {
            "month": "2010-01",
            "price": "13.65",
            "revenue": 138945
        },
        "2010-02": {
            "month": "2010-02",
            "price": "14.30",
            "revenue": 81628
        },
        "2010-03": {
            "month": "2010-03",
            "price": "17.72",
            "revenue": 115220
        },
        "2010-04": {
            "month": "2010-04",
            "price": "16.18",
            "revenue": 156534
        },
        "2010-05": {
            "month": "2010-05",
            "price": "16.24",
            "revenue": 177448
        },
        "2010-06": {
            "month": "2010-06",
            "price": "15.28",
            "revenue": 142628
        },
        "2010-07": {
            "month": "2010-07",
            "price": "11.65",
            "revenue": 135954
        },
        "2010-08": {
            "month": "2010-08",
            "price": "12.20",
            "revenue": 184748
        },
        "2010-09": {
            "month": "2010-09",
            "price": "12.36",
            "revenue": 115459
        },
        "2010-10": {
            "month": "2010-10",
            "price": "11.10",
            "revenue": 81169
        },
        "2010-11": {
            "month": "2010-11",
            "price": "10.78",
            "revenue": 130585
        },
        "2010-12": {
            "month": "2010-12",
            "price": "11.36",
            "revenue": 130671
        },
        "2011-01": {
            "month": "2011-01",
            "price": "11.32",
            "revenue": 139345
        },
        "2011-02": {
            "month": "2011-02",
            "price": "10.81",
            "revenue": 82572
        },
        "2011-03": {
            "month": "2011-03",
            "price": "9.67",
            "revenue": 110431
        },
        "2011-04": {
            "month": "2011-04",
            "price": "9.42",
            "revenue": 109611
        },
        "2011-05": {
            "month": "2011-05",
            "price": "8.50",
            "revenue": 164341
        },
        "2011-06": {
            "month": "2011-06",
            "price": "8.09",
            "revenue": 209106
        },
        "2011-07": {
            "month": "2011-07",
            "price": "7.90",
            "revenue": 194934
        },
        "2011-08": {
            "month": "2011-08",
            "price": "9.09",
            "revenue": 241416
        },
        "2011-09": {
            "month": "2011-09",
            "price": "10.21",
            "revenue": 210168
        },
        "2011-10": {
            "month": "2011-10",
            "price": "9.60",
            "revenue": 181918
        },
        "2011-11": {
            "month": "2011-11",
            "price": "9.25",
            "revenue": 114644
        },
        "2011-12": {
            "month": "2011-12",
            "price": "9.67",
            "revenue": 88646
        },
        "2012-01": {
            "month": "2012-01",
            "price": "9.89",
            "revenue": 76363
        },
        "2012-02": {
            "month": "2012-02",
            "price": "10.46",
            "revenue": 98559
        },
        "2012-03": {
            "month": "2012-03",
            "price": "11.24",
            "revenue": 174385
        },
        "2012-04": {
            "month": "2012-04",
            "price": "12.16",
            "revenue": 176127
        },
        "2012-05": {
            "month": "2012-05",
            "price": "12.18",
            "revenue": 216343
        },
        "2012-06": {
            "month": "2012-06",
            "price": "12.34",
            "revenue": 214641
        },
        "2012-07": {
            "month": "2012-07",
            "price": "12.86",
            "revenue": 224011
        },
        "2012-08": {
            "month": "2012-08",
            "price": "20.20",
            "revenue": 211150
        },
        "2012-09": {
            "month": "2012-09",
            "price": "23.04",
            "revenue": 180240
        },
        "2012-10": {
            "month": "2012-10",
            "price": "22.21",
            "revenue": 192702
        },
        "2012-11": {
            "month": "2012-11",
            "price": "19.89",
            "revenue": 155511
        },
        "2012-12": {
            "month": "2012-12",
            "price": "18.72",
            "revenue": 113438
        },
        "2013-01": {
            "month": "2013-01",
            "price": "22.65",
            "revenue": 130375
        },
        "2013-02": {
            "month": "2013-02",
            "price": "22.47",
            "revenue": 124855
        },
        "2013-03": {
            "month": "2013-03",
            "price": "22.88",
            "revenue": 116417
        },
        "2013-04": {
            "month": "2013-04",
            "price": "21.43",
            "revenue": 204151
        },
        "2013-05": {
            "month": "2013-05",
            "price": "21.44",
            "revenue": 209320
        },
        "2013-06": {
            "month": "2013-06",
            "price": "19.41",
            "revenue": 188356
        },
        "2013-07": {
            "month": "2013-07",
            "price": "20.74",
            "revenue": 114289
        },
        "2013-08": {
            "month": "2013-08",
            "price": "17.50",
            "revenue": 113409
        },
        "2013-09": {
            "month": "2013-09",
            "price": "14.78",
            "revenue": 105546
        },
        "2013-10": {
            "month": "2013-10",
            "price": "12.95",
            "revenue": 130452
        },
        "2013-11": {
            "month": "2013-11",
            "price": "11.10",
            "revenue": 137113
        },
        "2013-12": {
            "month": "2013-12",
            "price": "13.84",
            "revenue": 113550
        },
        "2014-01": {
            "month": "2014-01",
            "price": "14.10",
            "revenue": 97185
        },
        "2014-02": {
            "month": "2014-02",
            "price": "13.69",
            "revenue": 58359
        },
        "2014-03": {
            "month": "2014-03",
            "price": "14.20",
            "revenue": 118600
        },
        "2014-04": {
            "month": "2014-04",
            "price": "13.41",
            "revenue": 145155
        },
        "2014-05": {
            "month": "2014-05",
            "price": "12.24",
            "revenue": 80925
        },
        "2014-06": {
            "month": "2014-06",
            "price": "12.64",
            "revenue": 106800
        },
        "2014-07": {
            "month": "2014-07",
            "price": "12.00",
            "revenue": 96689
        },
        "2014-08": {
            "month": "2014-08",
            "price": "10.81",
            "revenue": 75611
        },
        "2014-09": {
            "month": "2014-09",
            "price": "10.12",
            "revenue": 111474
        },
        "2014-10": {
            "month": "2014-10",
            "price": "9.71",
            "revenue": 106325
        },
        "2014-11": {
            "month": "2014-11",
            "price": "9.20",
            "revenue": 82985
        },
        "2014-12": {
            "month": "2014-12",
            "price": "9.29",
            "revenue": 90883
        },
        "2015-01": {
            "month": "2015-01",
            "price": "10.47",
            "revenue": 145943
        },
        "2015-02": {
            "month": "2015-02",
            "price": "10.42",
            "revenue": 75820
        },
        "2015-03": {
            "month": "2015-03",
            "price": "10.96",
            "revenue": 107304
        },
        "2015-04": {
            "month": "2015-04",
            "price": "9.87",
            "revenue": 117991
        },
        "2015-05": {
            "month": "2015-05",
            "price": "9.00",
            "revenue": 52259
        },
        "2015-06": {
            "month": "2015-06",
            "price": "7.68",
            "revenue": 82825
        },
        "2015-07": {
            "month": "2015-07",
            "price": "7.80",
            "revenue": 89497
        },
        "2015-08": {
            "month": "2015-08",
            "price": "6.40",
            "revenue": 120469
        },
        "2015-09": {
            "month": "2015-09",
            "price": "6.78",
            "revenue": 128203
        },
        "2015-10": {
            "month": "2015-10",
            "price": "7.44",
            "revenue": 138268
        },
        "2015-11": {
            "month": "2015-11",
            "price": "8.63",
            "revenue": 130375
        },
        "2015-12": {
            "month": "2015-12",
            "price": "8.92",
            "revenue": 138022
        },
        "2016-01": {
            "month": "2016-01",
            "price": "8.44",
            "revenue": 128240
        },
        "2016-02": {
            "month": "2016-02",
            "price": "8.69",
            "revenue": 95791
        },
        "2016-03": {
            "month": "2016-03",
            "price": "9.22",
            "revenue": 113072
        },
        "2016-04": {
            "month": "2016-04",
            "price": "8.92",
            "revenue": 93397
        },
        "2016-05": {
            "month": "2016-05",
            "price": "8.02",
            "revenue": 110339
        },
        "2016-06": {
            "month": "2016-06",
            "price": "8.00",
            "revenue": 99588
        },
        "2016-07": {
            "month": "2016-07",
            "price": "8.59",
            "revenue": 97263
        },
        "2016-08": {
            "month": "2016-08",
            "price": "8.59",
            "revenue": 95333
        },
        "2016-09": {
            "month": "2016-09",
            "price": "7.88",
            "revenue": 118014
        },
        "2016-10": {
            "month": "2016-10",
            "price": "8.12",
            "revenue": 114078
        },
        "2016-11": {
            "month": "2016-11",
            "price": "8.47",
            "revenue": 62638
        },
        "2016-12": {
            "month": "2016-12",
            "price": "8.28",
            "revenue": 98636
        },
        "2017-01": {
            "month": "2017-01",
            "price": "8.28",
            "revenue": 86028
        },
        "2017-02": {
            "month": "2017-02",
            "price": "8.75",
            "revenue": 109335
        },
        "2017-03": {
            "month": "2017-03",
            "price": "12.04",
            "revenue": 90784
        },
        "2017-04": {
            "month": "2017-04",
            "price": "11.23",
            "revenue": 87901
        },
        "2017-05": {
            "month": "2017-05",
            "price": "11.48",
            "revenue": 109094
        },
        "2017-06": {
            "month": "2017-06",
            "price": "12.05",
            "revenue": 87272
        },
        "2017-07": {
            "month": "2017-07",
            "price": "10.96",
            "revenue": 114559
        },
        "2017-08": {
            "month": "2017-08",
            "price": "10.36",
            "revenue": 127294
        },
        "2017-09": {
            "month": "2017-09",
            "price": "11.22",
            "revenue": 115035
        },
        "2017-10": {
            "month": "2017-10",
            "price": "11.47",
            "revenue": 135154
        },
        "2017-11": {
            "month": "2017-11",
            "price": "11.40",
            "revenue": 124015
        },
        "2017-12": {
            "month": "2017-12",
            "price": "16.00",
            "revenue": 167720
        },
        "2018-01": {
            "month": "2018-01",
            "price": "18.07",
            "revenue": 97378
        },
        "2018-02": {
            "month": "2018-02",
            "price": "15.27",
            "revenue": 61164
        },
        "2018-03": {
            "month": "2018-03",
            "price": "14.75",
            "revenue": 76668
        },
        "2018-04": {
            "month": "2018-04",
            "price": "14.11",
            "revenue": 66578
        },
        "2018-05": {
            "month": "2018-05",
            "price": "13.33",
            "revenue": 71097
        },
        "2018-06": {
            "month": "2018-06",
            "price": "13.94",
            "revenue": 80294
        },
        "2018-07": {
            "month": "2018-07",
            "price": "12.86",
            "revenue": 102950
        },
        "2018-08": {
            "month": "2018-08",
            "price": "12.04",
            "revenue": 102541
        },
        "2018-09": {
            "month": "2018-09",
            "price": "10.74",
            "revenue": 156597
        },
        "2018-10": {
            "month": "2018-10",
            "price": "9.52",
            "revenue": 92607
        },
        "2018-11": {
            "month": "2018-11",
            "price": "9.95",
            "revenue": 92345
        },
        "2018-12": {
            "month": "2018-12",
            "price": "10.90",
            "revenue": 80188
        },
        "2019-01": {
            "month": "2019-01",
            "price": "10.79",
            "revenue": 85471
        },
        "2019-02": {
            "month": "2019-02",
            "price": "11.38",
            "revenue": 59457
        },
        "2019-03": {
            "month": "2019-03",
            "price": "12.28",
            "revenue": 56903
        },
        "2019-04": {
            "month": "2019-04",
            "price": "12.62",
            "revenue": 76881
        },
        "2019-05": {
            "month": "2019-05",
            "price": "11.41",
            "revenue": 95046
        },
        "2019-06": {
            "month": "2019-06",
            "price": "11.27",
            "revenue": 47488
        },
        "2019-07": {
            "month": "2019-07",
            "price": "10.94",
            "revenue": 70872
        },
        "2019-08": {
            "month": "2019-08",
            "price": "9.96",
            "revenue": 119499
        },
        "2019-09": {
            "month": "2019-09",
            "price": "11.20",
            "revenue": 99703
        },
        "2019-10": {
            "month": "2019-10",
            "price": "10.93",
            "revenue": 207279
        },
        "2019-11": {
            "month": "2019-11",
            "price": "13.03",
            "revenue": 93317
        },
        "2019-12": {
            "month": "2019-12",
            "price": "13.20",
            "revenue": 65461
        },
        "2020-01": {
            "month": "2020-01",
            "price": "11.89",
            "revenue": 46212
        },
        "2020-02": {
            "month": "2020-02",
            "price": "10.80",
            "revenue": 14070
        },
        "2020-03": {
            "month": "2020-03",
            "price": "8.58",
            "revenue": 15799
        },
        "2020-04": {
            "month": "2020-04",
            "price": "8.61",
            "revenue": 50592
        },
        "2020-05": {
            "month": "2020-05",
            "price": "9.13",
            "revenue": 41907
        },
        "2020-06": {
            "month": "2020-06",
            "price": "8.80",
            "revenue": 11072
        },
        "2020-07": {
            "month": "2020-07",
            "price": "9.11",
            "revenue": 39257
        },
        "2020-08": {
            "month": "2020-08",
            "price": "8.62",
            "revenue": 41366
        },
        "2020-09": {
            "month": "2020-09",
            "price": "8.84",
            "revenue": 35458
        },
        "2020-10": {
            "month": "2020-10",
            "price": "8.60",
            "revenue": 29850
        },
        "2020-11": {
            "month": "2020-11",
            "price": "8.70",
            "revenue": 58755
        },
        "2020-12": {
            "month": "2020-12",
            "price": "9.45",
            "revenue": 27623
        },
        "2021-01": {
            "month": "2021-01",
            "price": "9.33",
            "revenue": 55913
        },
        "2021-02": {
            "month": "2021-02",
            "price": "9.03",
            "revenue": 12615
        },
        "2021-03": {
            "month": "2021-03",
            "price": "9.21",
            "revenue": 5855
        },
        "2021-04": {
            "month": "2021-04",
            "price": "9.40",
            "revenue": 41441
        },
        "2021-05": {
            "month": "2021-05",
            "price": "8.78",
            "revenue": 22452
        },
        "2021-06": {
            "month": "2021-06",
            "price": "8.95",
            "revenue": 15616
        },
        "2021-07": {
            "month": "2021-07",
            "price": "8.98",
            "revenue": 20245
        },
        "2021-08": {
            "month": "2021-08",
            "price": "8.71",
            "revenue": 7990
        },
        "2021-09": {
            "month": "2021-09",
            "price": "8.49",
            "revenue": 13770
        },
        "2021-10": {
            "month": "2021-10",
            "price": "8.32",
            "revenue": 9758
        },
        "2021-11": {
            "month": "2021-11",
            "price": "8.65",
            "revenue": 28145
        },
        "2021-12": {
            "month": "2021-12",
            "price": "8.76",
            "revenue": 25975
        },
        "2022-01": {
            "month": "2022-01",
            "price": "8.80",
            "revenue": 6634
        },
        "2022-02": {
            "month": "2022-02",
            "price": "8.60",
            "revenue": 16958
        },
        "2022-03": {
            "month": "2022-03",
            "price": "8.63",
            "revenue": 18828
        },
        "2022-04": {
            "month": "2022-04",
            "price": "10.57",
            "revenue": 18088
        },
        "2022-05": {
            "month": "2022-05",
            "price": "10.14",
            "revenue": 14343
        },
        "2022-06": {
            "month": "2022-06",
            "price": "9.65",
            "revenue": 37884
        },
        "2022-07": {
            "month": "2022-07",
            "price": "9.12",
            "revenue": 37255
        },
        "2022-08": {
            "month": "2022-08",
            "price": "10.43",
            "revenue": 39651
        },
        "2022-09": {
            "month": "2022-09",
            "price": "10.20",
            "revenue": 39063
        },
        "2022-10": {
            "month": "2022-10",
            "price": "9.32",
            "revenue": 29686
        },
        "2022-11": {
            "month": "2022-11",
            "price": "9.62",
            "revenue": 35640
        },
        "2022-12": {
            "month": "2022-12",
            "price": "10.02",
            "revenue": 32000
        },
        "2023-01": {
            "month": "2023-01",
            "price": "9.78",
            "revenue": 26091
        },
        "2023-02": {
            "month": "2023-02",
            "price": "9.98",
            "revenue": 22997
        },
        "2023-03": {
            "month": "2023-03",
            "price": "12.19",
            "revenue": 10298
        },
        "2023-04": {
            "month": "2023-04",
            "price": "11.49",
            "revenue": 49359
        },
        "2023-05": {
            "month": "2023-05",
            "price": "11.55",
            "revenue": 22573
        }
    }
}
