{
    "summary": {
        "stock_name": "加高",
        "stock_id": "8182",
        "category": "電子零組件",
        "main_business": "1. 產銷石英振盪器、石英發振器、石英濾波器、陶瓷共振器等<br>2. 從事一般進出口業務(許可業務除外)<br>3.CC01080電子零組件製造",
        "website_url": "http://www.hele.com.tw",
        "ceo": "楊瑞陽",
        "pe_ratio": 100,
        "report_year_from": 2001,
        "report_year_to": 2023,
        "age": 23,
        "eps_negative_percentage": 0,
        "eps_growth_avg": {
            "last_all": 12.62,
            "last_2y": -5.83,
            "last_4y": 5.95,
            "last_8y": 6.51,
            "last_12y": 5.85,
            "last_16y": 4.4,
            "last_20y": null,
            "at_2006_last_3y": null,
            "at_2007_last_3y": null,
            "at_2008_last_3y": 37.01,
            "at_2009_last_3y": 10.34,
            "at_2010_last_3y": -0.32,
            "at_2011_last_3y": -15.41,
            "at_2012_last_3y": -30.58,
            "at_2013_last_3y": 4.82,
            "at_2014_last_3y": 4.37,
            "at_2015_last_3y": 10.89,
            "at_2016_last_3y": 31.33,
            "at_2017_last_3y": 17.44,
            "at_2018_last_3y": 7.21,
            "at_2019_last_3y": 9.77,
            "at_2020_last_3y": 26.58,
            "at_2021_last_3y": 40.47,
            "at_2022_last_3y": 24.94,
            "at_2023_last_3y": 10.63,
            "at_2024_last_3y": 10.63,
            "at_2006_last_all": 82.53,
            "at_2007_last_all": 58.79,
            "at_2008_last_all": 37.01,
            "at_2009_last_all": 21.28,
            "at_2010_last_all": 27.3,
            "at_2011_last_all": 16.39,
            "at_2012_last_all": 3.21,
            "at_2013_last_all": 13.97,
            "at_2014_last_all": 18.13,
            "at_2015_last_all": 14.39,
            "at_2016_last_all": 12.59,
            "at_2017_last_all": 15.04,
            "at_2018_last_all": 15.01,
            "at_2019_last_all": 13.16,
            "at_2020_last_all": 16.08,
            "at_2021_last_all": 21.02,
            "at_2022_last_all": 17.22,
            "at_2023_last_all": 12.62,
            "at_2024_last_all": 12.62
        },
        "latest_eps": 0.29,
        "latest_price": 32.85,
        "latest_roe": 0.91,
        "latest_gross_margin": 19.71,
        "latest_equity": 3489497,
        "latest_revenue": 736549,
        "latest_gross_profit": 145173,
        "latest_net_income": 43728,
        "latest_debt_ratio": 43.6,
        "latest_current_ratio": 219.98,
        "latest_account_receivable_turnover_ratio": 1.02,
        "latest_inventory_turnover_ratio": 1.18,
        "latest_reinvestment_rate": 77.45,
        "latest_research_to_sale_ratio": 3.11
    },
    "eps_dividends": {
        "2001": {
            "cash": 0,
            "stock": 0,
            "eps": 0
        },
        "2002": {
            "cash": 0,
            "stock": 0,
            "eps": 0
        },
        "2003": {
            "cash": 0,
            "stock": 0,
            "eps": 0
        },
        "2004": {
            "cash": 0,
            "stock": 0,
            "eps": 0.83
        },
        "2005": {
            "cash": 0.85,
            "stock": 0,
            "eps": 1.37
        },
        "2006": {
            "cash": 1.4,
            "stock": 0,
            "eps": 2.92
        },
        "2007": {
            "cash": 1.8,
            "stock": 0,
            "eps": 3.25
        },
        "2008": {
            "cash": 1.9,
            "stock": 0,
            "eps": 2.33
        },
        "2009": {
            "cash": 0.7,
            "stock": 0,
            "eps": 1.36
        },
        "2010": {
            "cash": 1,
            "stock": 0,
            "eps": 2.14
        },
        "2011": {
            "cash": 1.2,
            "stock": 0,
            "eps": 1.09
        },
        "2012": {
            "cash": 0.7,
            "stock": 0,
            "eps": 0.12
        },
        "2013": {
            "cash": 0,
            "stock": 0,
            "eps": 0.81
        },
        "2014": {
            "cash": 0,
            "stock": 0,
            "eps": 1.26
        },
        "2015": {
            "cash": 0.8,
            "stock": 0,
            "eps": 0.97
        },
        "2016": {
            "cash": 0.7,
            "stock": 0,
            "eps": 0.9
        },
        "2017": {
            "cash": 0.65,
            "stock": 0,
            "eps": 1.3
        },
        "2018": {
            "cash": 1,
            "stock": 0,
            "eps": 1.49
        },
        "2019": {
            "cash": 1.1,
            "stock": 0,
            "eps": 1.3
        },
        "2020": {
            "cash": 1,
            "stock": 0,
            "eps": 2.08
        },
        "2021": {
            "cash": 1.5,
            "stock": 0,
            "eps": 4.76
        },
        "2022": {
            "cash": 3,
            "stock": 0,
            "eps": 2.5
        },
        "2023": {
            "cash": 1,
            "stock": 0,
            "eps": 0.75
        }
    },
    "dividends": {
        "2005-03-24": {
            "cash": 0.85,
            "stock": 0
        },
        "2006-03-17": {
            "cash": 1.4,
            "stock": 0
        },
        "2007-03-27": {
            "cash": 1.8,
            "stock": 0
        },
        "2008-03-25": {
            "cash": 1.9,
            "stock": 0
        },
        "2009-03-30": {
            "cash": 0.7,
            "stock": 0
        },
        "2010-03-25": {
            "cash": 1,
            "stock": 0
        },
        "2011-03-24": {
            "cash": 1.2,
            "stock": 0
        },
        "2012-06-14": {
            "cash": 0.7,
            "stock": 0
        },
        "2015-08-07": {
            "cash": 0.8,
            "stock": 0
        },
        "2016-08-23": {
            "cash": 0.7,
            "stock": 0
        },
        "2017-08-21": {
            "cash": 0.65,
            "stock": 0
        },
        "2018-08-22": {
            "cash": 1,
            "stock": 0
        },
        "2019-09-06": {
            "cash": 1.1,
            "stock": 0
        },
        "2020-08-10": {
            "cash": 1,
            "stock": 0
        },
        "2021-08-05": {
            "cash": 1.5,
            "stock": 0
        },
        "2022-08-19": {
            "cash": 3,
            "stock": 0
        },
        "2023-08-18": {
            "cash": 1,
            "stock": 0
        }
    },
    "prices": {
        "200101": "無",
        "200102": "無",
        "200103": "無",
        "200104": "無",
        "200105": "無",
        "200106": "無",
        "200107": "無",
        "200108": "無",
        "200109": "無",
        "200110": "無",
        "200111": "無",
        "200112": "無",
        "200201": "無",
        "200202": "無",
        "200203": "無",
        "200204": "無",
        "200205": "無",
        "200206": "無",
        "200207": "無",
        "200208": "無",
        "200209": "無",
        "200210": "無",
        "200211": "無",
        "200212": "無",
        "200301": "無",
        "200302": "無",
        "200303": "無",
        "200304": "無",
        "200305": "無",
        "200306": "無",
        "200307": "無",
        "200308": "無",
        "200309": "無",
        "200310": "無",
        "200311": "無",
        "200312": "無",
        "200401": "無",
        "200402": "無",
        "200403": "無",
        "200404": "無",
        "200405": "無",
        "200406": "無",
        "200407": "無",
        "200408": "15.38",
        "200409": "無",
        "200410": "無",
        "200411": "15.55",
        "200412": "12.22",
        "200501": "10.58",
        "200502": "11.13",
        "200503": "13.74",
        "200504": "16.29",
        "200505": "15.09",
        "200506": "17.76",
        "200507": "19.30",
        "200508": "20.51",
        "200509": "21.02",
        "200510": "21.44",
        "200511": "22.35",
        "200512": "25.58",
        "200601": "30.33",
        "200602": "29.77",
        "200603": "28.35",
        "200604": "30.36",
        "200605": "32.94",
        "200606": "27.01",
        "200607": "27.53",
        "200608": "31.60",
        "200609": "31.93",
        "200610": "31.71",
        "200611": "33.52",
        "200612": "33.15",
        "200701": "34.92",
        "200702": "33.30",
        "200703": "32.69",
        "200704": "35.34",
        "200705": "34.46",
        "200706": "41.97",
        "200707": "45.50",
        "200708": "36.98",
        "200709": "38.68",
        "200710": "38.00",
        "200711": "33.25",
        "200712": "29.01",
        "200801": "26.12",
        "200802": "26.42",
        "200803": "29.10",
        "200804": "31.11",
        "200805": "32.03",
        "200806": "28.90",
        "200807": "25.68",
        "200808": "27.64",
        "200809": "24.53",
        "200810": "20.38",
        "200811": "15.84",
        "200812": "13.94",
        "200901": "14.47",
        "200902": "14.37",
        "200903": "16.94",
        "200904": "19.05",
        "200905": "19.08",
        "200906": "17.99",
        "200907": "19.03",
        "200908": "19.20",
        "200909": "20.55",
        "200910": "22.86",
        "200911": "21.87",
        "200912": "24.56",
        "201001": "25.15",
        "201002": "23.57",
        "201003": "26.11",
        "201004": "27.68",
        "201005": "24.91",
        "201006": "25.31",
        "201007": "27.29",
        "201008": "27.04",
        "201009": "30.68",
        "201010": "29.39",
        "201011": "25.07",
        "201012": "25.94",
        "201101": "26.39",
        "201102": "25.30",
        "201103": "25.63",
        "201104": "25.26",
        "201105": "22.81",
        "201106": "22.04",
        "201107": "20.19",
        "201108": "15.93",
        "201109": "14.88",
        "201110": "14.99",
        "201111": "14.30",
        "201112": "13.00",
        "201201": "13.24",
        "201202": "15.50",
        "201203": "15.73",
        "201204": "13.87",
        "201205": "12.75",
        "201206": "12.01",
        "201207": "12.16",
        "201208": "11.55",
        "201209": "12.34",
        "201210": "12.17",
        "201211": "11.19",
        "201212": "11.44",
        "201301": "11.65",
        "201302": "11.86",
        "201303": "12.52",
        "201304": "12.88",
        "201305": "13.85",
        "201306": "12.99",
        "201307": "12.83",
        "201308": "12.80",
        "201309": "14.07",
        "201310": "13.87",
        "201311": "13.00",
        "201312": "13.95",
        "201401": "15.08",
        "201402": "15.09",
        "201403": "15.01",
        "201404": "14.92",
        "201405": "14.80",
        "201406": "15.41",
        "201407": "15.90",
        "201408": "15.78",
        "201409": "14.92",
        "201410": "15.02",
        "201411": "15.58",
        "201412": "16.14",
        "201501": "18.20",
        "201502": "18.90",
        "201503": "17.97",
        "201504": "16.82",
        "201505": "15.22",
        "201506": "13.99",
        "201507": "13.10",
        "201508": "11.31",
        "201509": "11.34",
        "201510": "12.10",
        "201511": "12.49",
        "201512": "12.52",
        "201601": "12.33",
        "201602": "13.07",
        "201603": "13.68",
        "201604": "13.42",
        "201605": "12.97",
        "201606": "13.26",
        "201607": "13.59",
        "201608": "13.09",
        "201609": "13.92",
        "201610": "14.29",
        "201611": "13.90",
        "201612": "13.90",
        "201701": "14.04",
        "201702": "14.70",
        "201703": "14.87",
        "201704": "15.20",
        "201705": "15.38",
        "201706": "15.11",
        "201707": "15.06",
        "201708": "16.50",
        "201709": "20.20",
        "201710": "19.38",
        "201711": "20.05",
        "201712": "18.83",
        "201801": "19.38",
        "201802": "18.51",
        "201803": "19.04",
        "201804": "18.75",
        "201805": "18.35",
        "201806": "19.48",
        "201807": "18.13",
        "201808": "17.40",
        "201809": "16.68",
        "201810": "14.87",
        "201811": "15.66",
        "201812": "16.78",
        "201901": "16.73",
        "201902": "17.29",
        "201903": "17.83",
        "201904": "19.12",
        "201905": "18.46",
        "201906": "18.05",
        "201907": "19.90",
        "201908": "21.04",
        "201909": "21.63",
        "201910": "21.34",
        "201911": "20.95",
        "201912": "31.38",
        "202001": "28.33",
        "202002": "27.70",
        "202003": "22.97",
        "202004": "26.04",
        "202005": "29.21",
        "202006": "29.00",
        "202007": "29.00",
        "202008": "28.89",
        "202009": "27.83",
        "202010": "26.72",
        "202011": "27.17",
        "202012": "29.45",
        "202101": "28.48",
        "202102": "28.72",
        "202103": "31.57",
        "202104": "36.28",
        "202105": "33.16",
        "202106": "43.73",
        "202107": "50.48",
        "202108": "47.81",
        "202109": "48.62",
        "202110": "42.71",
        "202111": "52.49",
        "202112": "56.17",
        "202201": "52.08",
        "202202": "49.63",
        "202203": "49.32",
        "202204": "45.56",
        "202205": "43.03",
        "202206": "42.45",
        "202207": "37.85",
        "202208": "36.81",
        "202209": "34.65",
        "202210": "29.62",
        "202211": "31.39",
        "202212": "31.32",
        "202301": "31.27",
        "202302": "33.59",
        "202303": "33.50",
        "202304": "31.60",
        "202305": "30.25",
        "202306": "30.65",
        "202307": "30.48",
        "202308": "29.79",
        "202309": "30.88",
        "202310": "31.13",
        "202311": "31.36",
        "202312": "32.71"
    },
    "quarters": {
        "20011": {
            "year_quarter": 20011,
            "year": 2001,
            "quarter": 1,
            "eps": null,
            "eps_growth_year": null,
            "eps_4q": null,
            "eps_4q_growth_year": null,
            "roe": null,
            "roe_4q": 0,
            "gross_profit": null,
            "gross_margin": null,
            "gross_margin_4q_avg": 0,
            "net_income": null,
            "net_income_4q": null,
            "revenue": null,
            "revenue_4q": null,
            "common_shares": null,
            "book_valuer_per_share": null,
            "book_valuer_per_share_4q_avg": 0,
            "equity": null,
            "current_ratio": null,
            "debt_ratio": null,
            "inventory_turnover_ratio": null,
            "account_receivable_turnover_ratio": null,
            "reinvestment_rate": null,
            "research_to_sale_ratio": null,
            "price_fair": 0,
            "eps_avg_yearly": 0,
            "eps_latest_yearly": 0,
            "eps_growth_yearly": 0
        },
        "20012": {
            "year_quarter": 20012,
            "year": 2001,
            "quarter": 2,
            "eps": null,
            "eps_growth_year": null,
            "eps_4q": null,
            "eps_4q_growth_year": null,
            "roe": null,
            "roe_4q": 0,
            "gross_profit": null,
            "gross_margin": null,
            "gross_margin_4q_avg": 0,
            "net_income": null,
            "net_income_4q": null,
            "revenue": null,
            "revenue_4q": null,
            "common_shares": null,
            "book_valuer_per_share": null,
            "book_valuer_per_share_4q_avg": 0,
            "equity": null,
            "current_ratio": null,
            "debt_ratio": null,
            "inventory_turnover_ratio": null,
            "account_receivable_turnover_ratio": null,
            "reinvestment_rate": null,
            "research_to_sale_ratio": null,
            "price_fair": 0,
            "eps_avg_yearly": 0,
            "eps_latest_yearly": 0,
            "eps_growth_yearly": 0
        },
        "20013": {
            "year_quarter": 20013,
            "year": 2001,
            "quarter": 3,
            "eps": null,
            "eps_growth_year": null,
            "eps_4q": null,
            "eps_4q_growth_year": null,
            "roe": null,
            "roe_4q": 0,
            "gross_profit": null,
            "gross_margin": null,
            "gross_margin_4q_avg": 0,
            "net_income": null,
            "net_income_4q": null,
            "revenue": null,
            "revenue_4q": null,
            "common_shares": null,
            "book_valuer_per_share": null,
            "book_valuer_per_share_4q_avg": 0,
            "equity": null,
            "current_ratio": null,
            "debt_ratio": null,
            "inventory_turnover_ratio": null,
            "account_receivable_turnover_ratio": null,
            "reinvestment_rate": null,
            "research_to_sale_ratio": null,
            "price_fair": 0,
            "eps_avg_yearly": 0,
            "eps_latest_yearly": 0,
            "eps_growth_yearly": 0
        },
        "20014": {
            "year_quarter": 20014,
            "year": 2001,
            "quarter": 4,
            "eps": null,
            "eps_growth_year": null,
            "eps_4q": null,
            "eps_4q_growth_year": null,
            "roe": null,
            "roe_4q": 0,
            "gross_profit": null,
            "gross_margin": null,
            "gross_margin_4q_avg": 0,
            "net_income": null,
            "net_income_4q": null,
            "revenue": null,
            "revenue_4q": null,
            "common_shares": 493429,
            "book_valuer_per_share": 17.36,
            "book_valuer_per_share_4q_avg": 4.34,
            "equity": 888235,
            "current_ratio": 120.88,
            "debt_ratio": 64.91,
            "inventory_turnover_ratio": null,
            "account_receivable_turnover_ratio": null,
            "reinvestment_rate": null,
            "research_to_sale_ratio": null,
            "price_fair": 0,
            "eps_avg_yearly": 0,
            "eps_latest_yearly": 0,
            "eps_growth_yearly": 0
        },
        "20021": {
            "year_quarter": 20021,
            "year": 2002,
            "quarter": 1,
            "eps": null,
            "eps_growth_year": null,
            "eps_4q": null,
            "eps_4q_growth_year": null,
            "roe": null,
            "roe_4q": 0,
            "gross_profit": null,
            "gross_margin": null,
            "gross_margin_4q_avg": 0,
            "net_income": null,
            "net_income_4q": null,
            "revenue": null,
            "revenue_4q": null,
            "common_shares": null,
            "book_valuer_per_share": null,
            "book_valuer_per_share_4q_avg": 4.34,
            "equity": null,
            "current_ratio": null,
            "debt_ratio": null,
            "inventory_turnover_ratio": null,
            "account_receivable_turnover_ratio": null,
            "reinvestment_rate": null,
            "research_to_sale_ratio": null,
            "price_fair": 0,
            "eps_avg_yearly": 0,
            "eps_latest_yearly": 0,
            "eps_growth_yearly": 0
        },
        "20022": {
            "year_quarter": 20022,
            "year": 2002,
            "quarter": 2,
            "eps": null,
            "eps_growth_year": null,
            "eps_4q": null,
            "eps_4q_growth_year": null,
            "roe": null,
            "roe_4q": 0,
            "gross_profit": null,
            "gross_margin": null,
            "gross_margin_4q_avg": 0,
            "net_income": null,
            "net_income_4q": null,
            "revenue": null,
            "revenue_4q": null,
            "common_shares": null,
            "book_valuer_per_share": null,
            "book_valuer_per_share_4q_avg": 4.34,
            "equity": null,
            "current_ratio": null,
            "debt_ratio": null,
            "inventory_turnover_ratio": null,
            "account_receivable_turnover_ratio": null,
            "reinvestment_rate": null,
            "research_to_sale_ratio": null,
            "price_fair": 0,
            "eps_avg_yearly": 0,
            "eps_latest_yearly": 0,
            "eps_growth_yearly": 0
        },
        "20023": {
            "year_quarter": 20023,
            "year": 2002,
            "quarter": 3,
            "eps": null,
            "eps_growth_year": null,
            "eps_4q": null,
            "eps_4q_growth_year": null,
            "roe": null,
            "roe_4q": 0,
            "gross_profit": null,
            "gross_margin": null,
            "gross_margin_4q_avg": 0,
            "net_income": null,
            "net_income_4q": null,
            "revenue": null,
            "revenue_4q": null,
            "common_shares": null,
            "book_valuer_per_share": null,
            "book_valuer_per_share_4q_avg": 4.34,
            "equity": null,
            "current_ratio": null,
            "debt_ratio": null,
            "inventory_turnover_ratio": null,
            "account_receivable_turnover_ratio": null,
            "reinvestment_rate": null,
            "research_to_sale_ratio": null,
            "price_fair": 0,
            "eps_avg_yearly": 0,
            "eps_latest_yearly": 0,
            "eps_growth_yearly": 0
        },
        "20024": {
            "year_quarter": 20024,
            "year": 2002,
            "quarter": 4,
            "eps": null,
            "eps_growth_year": null,
            "eps_4q": null,
            "eps_4q_growth_year": null,
            "roe": null,
            "roe_4q": 0,
            "gross_profit": null,
            "gross_margin": null,
            "gross_margin_4q_avg": 0,
            "net_income": null,
            "net_income_4q": null,
            "revenue": null,
            "revenue_4q": null,
            "common_shares": 513578,
            "book_valuer_per_share": 15.72,
            "book_valuer_per_share_4q_avg": 3.93,
            "equity": 838399,
            "current_ratio": 108.14,
            "debt_ratio": 65.47,
            "inventory_turnover_ratio": null,
            "account_receivable_turnover_ratio": null,
            "reinvestment_rate": null,
            "research_to_sale_ratio": null,
            "price_fair": 0,
            "eps_avg_yearly": 0,
            "eps_latest_yearly": 0,
            "eps_growth_yearly": 0
        },
        "20031": {
            "year_quarter": 20031,
            "year": 2003,
            "quarter": 1,
            "eps": null,
            "eps_growth_year": null,
            "eps_4q": null,
            "eps_4q_growth_year": null,
            "roe": null,
            "roe_4q": 0,
            "gross_profit": null,
            "gross_margin": null,
            "gross_margin_4q_avg": 0,
            "net_income": null,
            "net_income_4q": null,
            "revenue": null,
            "revenue_4q": null,
            "common_shares": null,
            "book_valuer_per_share": null,
            "book_valuer_per_share_4q_avg": 3.93,
            "equity": null,
            "current_ratio": null,
            "debt_ratio": null,
            "inventory_turnover_ratio": null,
            "account_receivable_turnover_ratio": null,
            "reinvestment_rate": null,
            "research_to_sale_ratio": null,
            "price_fair": 0,
            "eps_avg_yearly": 0,
            "eps_latest_yearly": 0,
            "eps_growth_yearly": 0
        },
        "20032": {
            "year_quarter": 20032,
            "year": 2003,
            "quarter": 2,
            "eps": null,
            "eps_growth_year": null,
            "eps_4q": null,
            "eps_4q_growth_year": null,
            "roe": null,
            "roe_4q": 0,
            "gross_profit": null,
            "gross_margin": null,
            "gross_margin_4q_avg": 0,
            "net_income": null,
            "net_income_4q": null,
            "revenue": null,
            "revenue_4q": null,
            "common_shares": null,
            "book_valuer_per_share": null,
            "book_valuer_per_share_4q_avg": 3.93,
            "equity": null,
            "current_ratio": null,
            "debt_ratio": null,
            "inventory_turnover_ratio": null,
            "account_receivable_turnover_ratio": null,
            "reinvestment_rate": null,
            "research_to_sale_ratio": null,
            "price_fair": 0,
            "eps_avg_yearly": 0,
            "eps_latest_yearly": 0,
            "eps_growth_yearly": 0
        },
        "20033": {
            "year_quarter": 20033,
            "year": 2003,
            "quarter": 3,
            "eps": null,
            "eps_growth_year": null,
            "eps_4q": null,
            "eps_4q_growth_year": null,
            "roe": null,
            "roe_4q": 0,
            "gross_profit": null,
            "gross_margin": null,
            "gross_margin_4q_avg": 0,
            "net_income": null,
            "net_income_4q": null,
            "revenue": null,
            "revenue_4q": null,
            "common_shares": null,
            "book_valuer_per_share": null,
            "book_valuer_per_share_4q_avg": 3.93,
            "equity": null,
            "current_ratio": null,
            "debt_ratio": null,
            "inventory_turnover_ratio": null,
            "account_receivable_turnover_ratio": null,
            "reinvestment_rate": null,
            "research_to_sale_ratio": null,
            "price_fair": 0,
            "eps_avg_yearly": 0,
            "eps_latest_yearly": 0,
            "eps_growth_yearly": 0
        },
        "20034": {
            "year_quarter": 20034,
            "year": 2003,
            "quarter": 4,
            "eps": null,
            "eps_growth_year": null,
            "eps_4q": null,
            "eps_4q_growth_year": null,
            "roe": null,
            "roe_4q": 0,
            "gross_profit": null,
            "gross_margin": null,
            "gross_margin_4q_avg": 0,
            "net_income": null,
            "net_income_4q": null,
            "revenue": null,
            "revenue_4q": null,
            "common_shares": 513578,
            "book_valuer_per_share": 16.53,
            "book_valuer_per_share_4q_avg": 4.13,
            "equity": 848978,
            "current_ratio": 95.78,
            "debt_ratio": 65.77,
            "inventory_turnover_ratio": null,
            "account_receivable_turnover_ratio": null,
            "reinvestment_rate": null,
            "research_to_sale_ratio": null,
            "price_fair": 0,
            "eps_avg_yearly": 0,
            "eps_latest_yearly": 0,
            "eps_growth_yearly": 0
        },
        "20041": {
            "year_quarter": 20041,
            "year": 2004,
            "quarter": 1,
            "eps": null,
            "eps_growth_year": null,
            "eps_4q": null,
            "eps_4q_growth_year": null,
            "roe": null,
            "roe_4q": 0,
            "gross_profit": null,
            "gross_margin": null,
            "gross_margin_4q_avg": 0,
            "net_income": null,
            "net_income_4q": null,
            "revenue": null,
            "revenue_4q": null,
            "common_shares": null,
            "book_valuer_per_share": null,
            "book_valuer_per_share_4q_avg": 4.13,
            "equity": null,
            "current_ratio": null,
            "debt_ratio": null,
            "inventory_turnover_ratio": null,
            "account_receivable_turnover_ratio": null,
            "reinvestment_rate": null,
            "research_to_sale_ratio": null,
            "price_fair": 0,
            "eps_avg_yearly": 0,
            "eps_latest_yearly": 0,
            "eps_growth_yearly": 0
        },
        "20042": {
            "year_quarter": 20042,
            "year": 2004,
            "quarter": 2,
            "eps": null,
            "eps_growth_year": null,
            "eps_4q": null,
            "eps_4q_growth_year": null,
            "roe": null,
            "roe_4q": 0,
            "gross_profit": null,
            "gross_margin": null,
            "gross_margin_4q_avg": 0,
            "net_income": null,
            "net_income_4q": null,
            "revenue": null,
            "revenue_4q": null,
            "common_shares": null,
            "book_valuer_per_share": null,
            "book_valuer_per_share_4q_avg": 4.13,
            "equity": null,
            "current_ratio": null,
            "debt_ratio": null,
            "inventory_turnover_ratio": null,
            "account_receivable_turnover_ratio": null,
            "reinvestment_rate": null,
            "research_to_sale_ratio": null,
            "price_fair": 0,
            "eps_avg_yearly": 0,
            "eps_latest_yearly": 0,
            "eps_growth_yearly": 0
        },
        "20043": {
            "year_quarter": 20043,
            "year": 2004,
            "quarter": 3,
            "eps": 0.83,
            "eps_growth_year": null,
            "eps_4q": null,
            "eps_4q_growth_year": null,
            "roe": 4.11,
            "roe_4q": 4.11,
            "gross_profit": 75522,
            "gross_margin": 17.03,
            "gross_margin_4q_avg": 4.26,
            "net_income": 51708,
            "net_income_4q": null,
            "revenue": 443399,
            "revenue_4q": null,
            "common_shares": 713578,
            "book_valuer_per_share": 17.61,
            "book_valuer_per_share_4q_avg": 8.54,
            "equity": 1256875,
            "current_ratio": 137.3,
            "debt_ratio": 48.76,
            "inventory_turnover_ratio": 1.45,
            "account_receivable_turnover_ratio": null,
            "reinvestment_rate": null,
            "research_to_sale_ratio": null,
            "price_fair": 0,
            "eps_avg_yearly": 0,
            "eps_latest_yearly": 0,
            "eps_growth_yearly": 0
        },
        "20044": {
            "year_quarter": 20044,
            "year": 2004,
            "quarter": 4,
            "eps": 0,
            "eps_growth_year": null,
            "eps_4q": null,
            "eps_4q_growth_year": null,
            "roe": -0.01,
            "roe_4q": 4.1000000000000005,
            "gross_profit": 73484,
            "gross_margin": 13.37,
            "gross_margin_4q_avg": 7.6,
            "net_income": -102,
            "net_income_4q": null,
            "revenue": 549655,
            "revenue_4q": null,
            "common_shares": 713578,
            "book_valuer_per_share": 17.16,
            "book_valuer_per_share_4q_avg": 8.69,
            "equity": 1230102,
            "current_ratio": 134.36,
            "debt_ratio": 53.86,
            "inventory_turnover_ratio": 1.51,
            "account_receivable_turnover_ratio": null,
            "reinvestment_rate": null,
            "research_to_sale_ratio": null,
            "price_fair": 0,
            "eps_avg_yearly": 0,
            "eps_latest_yearly": 0,
            "eps_growth_yearly": 0
        },
        "20051": {
            "year_quarter": 20051,
            "year": 2005,
            "quarter": 1,
            "eps": null,
            "eps_growth_year": null,
            "eps_4q": null,
            "eps_4q_growth_year": null,
            "roe": null,
            "roe_4q": 4.1000000000000005,
            "gross_profit": null,
            "gross_margin": null,
            "gross_margin_4q_avg": 7.6,
            "net_income": null,
            "net_income_4q": null,
            "revenue": null,
            "revenue_4q": null,
            "common_shares": null,
            "book_valuer_per_share": null,
            "book_valuer_per_share_4q_avg": 8.69,
            "equity": null,
            "current_ratio": null,
            "debt_ratio": null,
            "inventory_turnover_ratio": null,
            "account_receivable_turnover_ratio": null,
            "reinvestment_rate": null,
            "research_to_sale_ratio": null,
            "price_fair": 0,
            "eps_avg_yearly": 0,
            "eps_latest_yearly": 0,
            "eps_growth_yearly": 0
        },
        "20052": {
            "year_quarter": 20052,
            "year": 2005,
            "quarter": 2,
            "eps": null,
            "eps_growth_year": null,
            "eps_4q": null,
            "eps_4q_growth_year": null,
            "roe": null,
            "roe_4q": 4.1000000000000005,
            "gross_profit": null,
            "gross_margin": null,
            "gross_margin_4q_avg": 7.6,
            "net_income": null,
            "net_income_4q": null,
            "revenue": null,
            "revenue_4q": null,
            "common_shares": null,
            "book_valuer_per_share": null,
            "book_valuer_per_share_4q_avg": 8.69,
            "equity": null,
            "current_ratio": null,
            "debt_ratio": null,
            "inventory_turnover_ratio": null,
            "account_receivable_turnover_ratio": null,
            "reinvestment_rate": null,
            "research_to_sale_ratio": null,
            "price_fair": 0,
            "eps_avg_yearly": 0,
            "eps_latest_yearly": 0,
            "eps_growth_yearly": 0
        },
        "20053": {
            "year_quarter": 20053,
            "year": 2005,
            "quarter": 3,
            "eps": 0.82,
            "eps_growth_year": -1.2,
            "eps_4q": null,
            "eps_4q_growth_year": null,
            "roe": 4.44,
            "roe_4q": 4.430000000000001,
            "gross_profit": 126763,
            "gross_margin": 16.64,
            "gross_margin_4q_avg": 7.5,
            "net_income": 58797,
            "net_income_4q": null,
            "revenue": 761879,
            "revenue_4q": null,
            "common_shares": 713578,
            "book_valuer_per_share": 18.55,
            "book_valuer_per_share_4q_avg": 8.93,
            "equity": 1323649,
            "current_ratio": 122.12,
            "debt_ratio": 54.94,
            "inventory_turnover_ratio": 2.23,
            "account_receivable_turnover_ratio": null,
            "reinvestment_rate": null,
            "research_to_sale_ratio": null,
            "price_fair": 0,
            "eps_avg_yearly": 0,
            "eps_latest_yearly": 0,
            "eps_growth_yearly": 0
        },
        "20054": {
            "year_quarter": 20054,
            "year": 2005,
            "quarter": 4,
            "eps": 0.55,
            "eps_growth_year": null,
            "eps_4q": null,
            "eps_4q_growth_year": null,
            "roe": 2.94,
            "roe_4q": 7.380000000000001,
            "gross_profit": 120811,
            "gross_margin": 15.23,
            "gross_margin_4q_avg": 7.97,
            "net_income": 39432,
            "net_income_4q": null,
            "revenue": 793226,
            "revenue_4q": null,
            "common_shares": 713578,
            "book_valuer_per_share": 18.94,
            "book_valuer_per_share_4q_avg": 9.37,
            "equity": 1357460,
            "current_ratio": 125.51,
            "debt_ratio": 56.99,
            "inventory_turnover_ratio": 1.83,
            "account_receivable_turnover_ratio": null,
            "reinvestment_rate": null,
            "research_to_sale_ratio": null,
            "price_fair": 6.6,
            "eps_avg_yearly": 2.2,
            "eps_latest_yearly": 2.2,
            "eps_growth_yearly": -131.71
        },
        "20061": {
            "year_quarter": 20061,
            "year": 2006,
            "quarter": 1,
            "eps": 0.63,
            "eps_growth_year": null,
            "eps_4q": null,
            "eps_4q_growth_year": null,
            "roe": 3.26,
            "roe_4q": 10.64,
            "gross_profit": 101262,
            "gross_margin": 14.52,
            "gross_margin_4q_avg": 11.6,
            "net_income": 44963,
            "net_income_4q": null,
            "revenue": 697270,
            "revenue_4q": null,
            "common_shares": 713578,
            "book_valuer_per_share": 19.61,
            "book_valuer_per_share_4q_avg": 14.28,
            "equity": 1399526,
            "current_ratio": 138.83,
            "debt_ratio": 49.63,
            "inventory_turnover_ratio": 1.61,
            "account_receivable_turnover_ratio": null,
            "reinvestment_rate": null,
            "research_to_sale_ratio": null,
            "price_fair": 7.08,
            "eps_avg_yearly": 2.36,
            "eps_latest_yearly": 2.52,
            "eps_growth_yearly": -36.76
        },
        "20062": {
            "year_quarter": 20062,
            "year": 2006,
            "quarter": 2,
            "eps": 0.69,
            "eps_growth_year": null,
            "eps_4q": 2.64,
            "eps_4q_growth_year": null,
            "roe": 3.48,
            "roe_4q": 14.120000000000001,
            "gross_profit": 115915,
            "gross_margin": 15.54,
            "gross_margin_4q_avg": 15.48,
            "net_income": 50640,
            "net_income_4q": null,
            "revenue": 745787,
            "revenue_4q": null,
            "common_shares": 796538,
            "book_valuer_per_share": 19,
            "book_valuer_per_share_4q_avg": 19.03,
            "equity": 1513742,
            "current_ratio": 138.26,
            "debt_ratio": 51.17,
            "inventory_turnover_ratio": 2,
            "account_receivable_turnover_ratio": null,
            "reinvestment_rate": null,
            "research_to_sale_ratio": null,
            "price_fair": 7.48,
            "eps_avg_yearly": 2.49,
            "eps_latest_yearly": 2.76,
            "eps_growth_yearly": -11.81
        },
        "20063": {
            "year_quarter": 20063,
            "year": 2006,
            "quarter": 3,
            "eps": 0.84,
            "eps_growth_year": 2.44,
            "eps_4q": 2.63,
            "eps_4q_growth_year": null,
            "roe": 4.09,
            "roe_4q": 13.77,
            "gross_profit": 135455,
            "gross_margin": 15.37,
            "gross_margin_4q_avg": 15.17,
            "net_income": 63537,
            "net_income_4q": null,
            "revenue": 881147,
            "revenue_4q": null,
            "common_shares": 796538,
            "book_valuer_per_share": 19.97,
            "book_valuer_per_share_4q_avg": 19.38,
            "equity": 1590540,
            "current_ratio": 121.45,
            "debt_ratio": 52.89,
            "inventory_turnover_ratio": 2.31,
            "account_receivable_turnover_ratio": null,
            "reinvestment_rate": null,
            "research_to_sale_ratio": null,
            "price_fair": 62.01,
            "eps_avg_yearly": 2.71,
            "eps_latest_yearly": 3.36,
            "eps_growth_yearly": 12.88
        },
        "20064": {
            "year_quarter": 20064,
            "year": 2006,
            "quarter": 4,
            "eps": 0.76,
            "eps_growth_year": 38.18,
            "eps_4q": 2.85,
            "eps_4q_growth_year": null,
            "roe": 3.58,
            "roe_4q": 14.41,
            "gross_profit": 137824,
            "gross_margin": 15.05,
            "gross_margin_4q_avg": 15.12,
            "net_income": 57906,
            "net_income_4q": null,
            "revenue": 915677,
            "revenue_4q": null,
            "common_shares": 796538,
            "book_valuer_per_share": 20.6,
            "book_valuer_per_share_4q_avg": 19.8,
            "equity": 1647240,
            "current_ratio": 121.51,
            "debt_ratio": 52.81,
            "inventory_turnover_ratio": 1.81,
            "account_receivable_turnover_ratio": null,
            "reinvestment_rate": null,
            "research_to_sale_ratio": null,
            "price_fair": 35.22,
            "eps_avg_yearly": 2.78,
            "eps_latest_yearly": 3.04,
            "eps_growth_yearly": 2.69
        },
        "20071": {
            "year_quarter": 20071,
            "year": 2007,
            "quarter": 1,
            "eps": 0.61,
            "eps_growth_year": -3.17,
            "eps_4q": 2.75,
            "eps_4q_growth_year": null,
            "roe": 2.91,
            "roe_4q": 14.06,
            "gross_profit": 151145,
            "gross_margin": 16.66,
            "gross_margin_4q_avg": 15.66,
            "net_income": 49071,
            "net_income_4q": null,
            "revenue": 907048,
            "revenue_4q": null,
            "common_shares": 796538,
            "book_valuer_per_share": 21.54,
            "book_valuer_per_share_4q_avg": 20.28,
            "equity": 1721821,
            "current_ratio": 123.11,
            "debt_ratio": 52.74,
            "inventory_turnover_ratio": 1.37,
            "account_receivable_turnover_ratio": null,
            "reinvestment_rate": null,
            "research_to_sale_ratio": null,
            "price_fair": 8.16,
            "eps_avg_yearly": 2.72,
            "eps_latest_yearly": 2.44,
            "eps_growth_yearly": -10.92
        },
        "20072": {
            "year_quarter": 20072,
            "year": 2007,
            "quarter": 2,
            "eps": 0.73,
            "eps_growth_year": 5.8,
            "eps_4q": 2.86,
            "eps_4q_growth_year": 8.27,
            "roe": 3.49,
            "roe_4q": 14.07,
            "gross_profit": 166373,
            "gross_margin": 17.09,
            "gross_margin_4q_avg": 16.04,
            "net_income": 58406,
            "net_income_4q": null,
            "revenue": 973432,
            "revenue_4q": null,
            "common_shares": 796538,
            "book_valuer_per_share": 20.28,
            "book_valuer_per_share_4q_avg": 20.6,
            "equity": 1622146,
            "current_ratio": 111.96,
            "debt_ratio": 54.57,
            "inventory_turnover_ratio": 1.51,
            "account_receivable_turnover_ratio": null,
            "reinvestment_rate": null,
            "research_to_sale_ratio": null,
            "price_fair": 32.66,
            "eps_avg_yearly": 2.75,
            "eps_latest_yearly": 2.92,
            "eps_growth_yearly": 1.88
        },
        "20073": {
            "year_quarter": 20073,
            "year": 2007,
            "quarter": 3,
            "eps": 0.86,
            "eps_growth_year": 2.38,
            "eps_4q": 2.93,
            "eps_4q_growth_year": 11.56,
            "roe": 4.14,
            "roe_4q": 14.12,
            "gross_profit": 192343,
            "gross_margin": 17.56,
            "gross_margin_4q_avg": 16.59,
            "net_income": 68631,
            "net_income_4q": null,
            "revenue": 1095079,
            "revenue_4q": null,
            "common_shares": 796538,
            "book_valuer_per_share": 21.16,
            "book_valuer_per_share_4q_avg": 20.9,
            "equity": 1691778,
            "current_ratio": 124.04,
            "debt_ratio": 53.73,
            "inventory_turnover_ratio": 1.81,
            "account_receivable_turnover_ratio": null,
            "reinvestment_rate": null,
            "research_to_sale_ratio": null,
            "price_fair": 58.26,
            "eps_avg_yearly": 2.84,
            "eps_latest_yearly": 3.44,
            "eps_growth_yearly": 10.55
        },
        "20074": {
            "year_quarter": 20074,
            "year": 2007,
            "quarter": 4,
            "eps": 1.05,
            "eps_growth_year": 38.16,
            "eps_4q": 3.24,
            "eps_4q_growth_year": 13.89,
            "roe": 4.82,
            "roe_4q": 15.360000000000001,
            "gross_profit": 224076,
            "gross_margin": 20.57,
            "gross_margin_4q_avg": 17.97,
            "net_income": 83953,
            "net_income_4q": null,
            "revenue": 1089408,
            "revenue_4q": null,
            "common_shares": 808300,
            "book_valuer_per_share": 22.11,
            "book_valuer_per_share_4q_avg": 21.27,
            "equity": 1794172,
            "current_ratio": 122,
            "debt_ratio": 53.19,
            "inventory_turnover_ratio": 1.74,
            "account_receivable_turnover_ratio": null,
            "reinvestment_rate": null,
            "research_to_sale_ratio": null,
            "price_fair": 87.2,
            "eps_avg_yearly": 2.99,
            "eps_latest_yearly": 4.2,
            "eps_growth_yearly": 19.2
        },
        "20081": {
            "year_quarter": 20081,
            "year": 2008,
            "quarter": 1,
            "eps": 0.63,
            "eps_growth_year": 3.28,
            "eps_4q": 3.21,
            "eps_4q_growth_year": 16.85,
            "roe": 2.82,
            "roe_4q": 15.270000000000001,
            "gross_profit": 173532,
            "gross_margin": 18.87,
            "gross_margin_4q_avg": 18.52,
            "net_income": 51304,
            "net_income_4q": null,
            "revenue": 919803,
            "revenue_4q": null,
            "common_shares": 808370,
            "book_valuer_per_share": 22.74,
            "book_valuer_per_share_4q_avg": 21.57,
            "equity": 1845878,
            "current_ratio": 133.93,
            "debt_ratio": 48.5,
            "inventory_turnover_ratio": 1.47,
            "account_receivable_turnover_ratio": null,
            "reinvestment_rate": null,
            "research_to_sale_ratio": null,
            "price_fair": 33.16,
            "eps_avg_yearly": 2.94,
            "eps_latest_yearly": 2.52,
            "eps_growth_yearly": 1.28
        },
        "20082": {
            "year_quarter": 20082,
            "year": 2008,
            "quarter": 2,
            "eps": 0.69,
            "eps_growth_year": -5.48,
            "eps_4q": 3.19,
            "eps_4q_growth_year": 11.64,
            "roe": 3.12,
            "roe_4q": 14.899999999999999,
            "gross_profit": 159762,
            "gross_margin": 17.78,
            "gross_margin_4q_avg": 18.7,
            "net_income": 55956,
            "net_income_4q": null,
            "revenue": 898781,
            "revenue_4q": null,
            "common_shares": 808729,
            "book_valuer_per_share": 21.46,
            "book_valuer_per_share_4q_avg": 21.87,
            "equity": 1743174,
            "current_ratio": 122.35,
            "debt_ratio": 56.03,
            "inventory_turnover_ratio": 1.41,
            "account_receivable_turnover_ratio": null,
            "reinvestment_rate": null,
            "research_to_sale_ratio": null,
            "price_fair": 42.76,
            "eps_avg_yearly": 2.92,
            "eps_latest_yearly": 2.76,
            "eps_growth_yearly": 4.62
        },
        "20083": {
            "year_quarter": 20083,
            "year": 2008,
            "quarter": 3,
            "eps": 0.98,
            "eps_growth_year": 13.95,
            "eps_4q": 3.33,
            "eps_4q_growth_year": 13.7,
            "roe": 4.4,
            "roe_4q": 15.16,
            "gross_profit": 207477,
            "gross_margin": 16.39,
            "gross_margin_4q_avg": 18.4,
            "net_income": 79371,
            "net_income_4q": null,
            "revenue": 1266252,
            "revenue_4q": null,
            "common_shares": 808729,
            "book_valuer_per_share": 22.98,
            "book_valuer_per_share_4q_avg": 22.32,
            "equity": 1865658,
            "current_ratio": 114.74,
            "debt_ratio": 56.47,
            "inventory_turnover_ratio": 1.96,
            "account_receivable_turnover_ratio": null,
            "reinvestment_rate": null,
            "research_to_sale_ratio": null,
            "price_fair": 84.94,
            "eps_avg_yearly": 3.01,
            "eps_latest_yearly": 3.92,
            "eps_growth_yearly": 18.25
        },
        "20084": {
            "year_quarter": 20084,
            "year": 2008,
            "quarter": 4,
            "eps": 0.03,
            "eps_growth_year": -97.14,
            "eps_4q": 2.72,
            "eps_4q_growth_year": -16.28,
            "roe": 0.11,
            "roe_4q": 10.450000000000001,
            "gross_profit": 100648,
            "gross_margin": 11.89,
            "gross_margin_4q_avg": 16.23,
            "net_income": 2078,
            "net_income_4q": null,
            "revenue": 846230,
            "revenue_4q": null,
            "common_shares": 812338,
            "book_valuer_per_share": 23.13,
            "book_valuer_per_share_4q_avg": 22.58,
            "equity": 1886589,
            "current_ratio": 133.82,
            "debt_ratio": 52.67,
            "inventory_turnover_ratio": 1.39,
            "account_receivable_turnover_ratio": 1.6,
            "reinvestment_rate": null,
            "research_to_sale_ratio": null,
            "price_fair": 8.35,
            "eps_avg_yearly": 2.78,
            "eps_latest_yearly": 0.12,
            "eps_growth_yearly": -12.98
        },
        "20091": {
            "year_quarter": 20091,
            "year": 2009,
            "quarter": 1,
            "eps": 0.11,
            "eps_growth_year": -82.54,
            "eps_4q": 1.85,
            "eps_4q_growth_year": -42.26,
            "roe": 0.45,
            "roe_4q": 8.080000000000002,
            "gross_profit": 71898,
            "gross_margin": 10.87,
            "gross_margin_4q_avg": 14.23,
            "net_income": 8646,
            "net_income_4q": null,
            "revenue": 661363,
            "revenue_4q": null,
            "common_shares": 813922,
            "book_valuer_per_share": 23.55,
            "book_valuer_per_share_4q_avg": 22.78,
            "equity": 1924429,
            "current_ratio": 149.96,
            "debt_ratio": 48.63,
            "inventory_turnover_ratio": 1.25,
            "account_receivable_turnover_ratio": 0.71,
            "reinvestment_rate": null,
            "research_to_sale_ratio": null,
            "price_fair": 91.6,
            "eps_avg_yearly": 2.62,
            "eps_latest_yearly": 0.44,
            "eps_growth_yearly": 64.14
        },
        "20092": {
            "year_quarter": 20092,
            "year": 2009,
            "quarter": 2,
            "eps": 0.19,
            "eps_growth_year": -72.46,
            "eps_4q": 1.27,
            "eps_4q_growth_year": -60.2,
            "roe": 0.83,
            "roe_4q": 5.790000000000001,
            "gross_profit": 126501,
            "gross_margin": 12.68,
            "gross_margin_4q_avg": 12.96,
            "net_income": 15779,
            "net_income_4q": null,
            "revenue": 997758,
            "revenue_4q": null,
            "common_shares": 817594,
            "book_valuer_per_share": 22.8,
            "book_valuer_per_share_4q_avg": 23.12,
            "equity": 1871754,
            "current_ratio": 137.91,
            "debt_ratio": 57.51,
            "inventory_turnover_ratio": 2.12,
            "account_receivable_turnover_ratio": 1.03,
            "reinvestment_rate": 254.44,
            "research_to_sale_ratio": null,
            "price_fair": 87.27,
            "eps_avg_yearly": 2.49,
            "eps_latest_yearly": 0.76,
            "eps_growth_yearly": 79.25
        },
        "20093": {
            "year_quarter": 20093,
            "year": 2009,
            "quarter": 3,
            "eps": 0.57,
            "eps_growth_year": -41.84,
            "eps_4q": 0.89,
            "eps_4q_growth_year": -73.17,
            "roe": 2.45,
            "roe_4q": 3.8400000000000003,
            "gross_profit": 177407,
            "gross_margin": 15.25,
            "gross_margin_4q_avg": 12.67,
            "net_income": 46227,
            "net_income_4q": null,
            "revenue": 1163134,
            "revenue_4q": null,
            "common_shares": 818706,
            "book_valuer_per_share": 23.23,
            "book_valuer_per_share_4q_avg": 23.18,
            "equity": 1909467,
            "current_ratio": 148.86,
            "debt_ratio": 56.48,
            "inventory_turnover_ratio": 2.27,
            "account_receivable_turnover_ratio": 0.96,
            "reinvestment_rate": 171.46,
            "research_to_sale_ratio": null,
            "price_fair": 86.8,
            "eps_avg_yearly": 2.48,
            "eps_latest_yearly": 2.28,
            "eps_growth_yearly": 124.3
        },
        "20094": {
            "year_quarter": 20094,
            "year": 2009,
            "quarter": 4,
            "eps": 0.49,
            "eps_growth_year": 1533.33,
            "eps_4q": 1.34,
            "eps_4q_growth_year": -50.63,
            "roe": 2.06,
            "roe_4q": 5.79,
            "gross_profit": 146637,
            "gross_margin": 11.88,
            "gross_margin_4q_avg": 12.67,
            "net_income": 39657,
            "net_income_4q": null,
            "revenue": 1234400,
            "revenue_4q": null,
            "common_shares": 820412,
            "book_valuer_per_share": 23.66,
            "book_valuer_per_share_4q_avg": 23.31,
            "equity": 1948988,
            "current_ratio": 144.26,
            "debt_ratio": 54.97,
            "inventory_turnover_ratio": 2.41,
            "account_receivable_turnover_ratio": 1.81,
            "reinvestment_rate": 211.47,
            "research_to_sale_ratio": null,
            "price_fair": 86.28,
            "eps_avg_yearly": 2.47,
            "eps_latest_yearly": 1.96,
            "eps_growth_yearly": 129.02
        },
        "20101": {
            "year_quarter": 20101,
            "year": 2010,
            "quarter": 1,
            "eps": 0.65,
            "eps_growth_year": 490.91,
            "eps_4q": 1.89,
            "eps_4q_growth_year": 1.8,
            "roe": 2.71,
            "roe_4q": 8.049999999999999,
            "gross_profit": 163580,
            "gross_margin": 14.22,
            "gross_margin_4q_avg": 13.51,
            "net_income": 53447,
            "net_income_4q": null,
            "revenue": 1150547,
            "revenue_4q": null,
            "common_shares": 820412,
            "book_valuer_per_share": 24.29,
            "book_valuer_per_share_4q_avg": 23.5,
            "equity": 2000391,
            "current_ratio": 137.85,
            "debt_ratio": 54.33,
            "inventory_turnover_ratio": 2.2,
            "account_receivable_turnover_ratio": 0.87,
            "reinvestment_rate": 318.75,
            "research_to_sale_ratio": 1.14,
            "price_fair": 86.45,
            "eps_avg_yearly": 2.47,
            "eps_latest_yearly": 2.6,
            "eps_growth_yearly": 133.55
        },
        "20102": {
            "year_quarter": 20102,
            "year": 2010,
            "quarter": 2,
            "eps": 0.92,
            "eps_growth_year": 382.18,
            "eps_4q": 2.61,
            "eps_4q_growth_year": 105.64,
            "roe": 3.75,
            "roe_4q": 10.969999999999999,
            "gross_profit": 201081,
            "gross_margin": 15.56,
            "gross_margin_4q_avg": 14.23,
            "net_income": 75255,
            "net_income_4q": null,
            "revenue": 1292648,
            "revenue_4q": null,
            "common_shares": 820412,
            "book_valuer_per_share": 24.41,
            "book_valuer_per_share_4q_avg": 23.9,
            "equity": 2010299,
            "current_ratio": 133.79,
            "debt_ratio": 57.83,
            "inventory_turnover_ratio": 2.1,
            "account_receivable_turnover_ratio": 0.94,
            "reinvestment_rate": 335,
            "research_to_sale_ratio": 0.99,
            "price_fair": 88.46,
            "eps_avg_yearly": 2.53,
            "eps_latest_yearly": 3.68,
            "eps_growth_yearly": 141.55
        },
        "20103": {
            "year_quarter": 20103,
            "year": 2010,
            "quarter": 3,
            "eps": 0.48,
            "eps_growth_year": -15.12,
            "eps_4q": 2.06,
            "eps_4q_growth_year": 130.08,
            "roe": 2.27,
            "roe_4q": 10.790000000000001,
            "gross_profit": 192593,
            "gross_margin": 13,
            "gross_margin_4q_avg": 13.67,
            "net_income": 51709,
            "net_income_4q": null,
            "revenue": 1481906,
            "revenue_4q": null,
            "common_shares": 1070412,
            "book_valuer_per_share": 23.78,
            "book_valuer_per_share_4q_avg": 24.04,
            "equity": 2553937,
            "current_ratio": 161.59,
            "debt_ratio": 50.49,
            "inventory_turnover_ratio": 2.01,
            "account_receivable_turnover_ratio": 1.02,
            "reinvestment_rate": 333.2,
            "research_to_sale_ratio": 0.87,
            "price_fair": 85.31,
            "eps_avg_yearly": 2.44,
            "eps_latest_yearly": 1.92,
            "eps_growth_yearly": 124.16
        },
        "20104": {
            "year_quarter": 20104,
            "year": 2010,
            "quarter": 4,
            "eps": 0.09,
            "eps_growth_year": -81.31,
            "eps_4q": 1.78,
            "eps_4q_growth_year": 32.47,
            "roe": 0.39,
            "roe_4q": 9.120000000000001,
            "gross_profit": 147112,
            "gross_margin": 9.84,
            "gross_margin_4q_avg": 13.16,
            "net_income": 9795,
            "net_income_4q": null,
            "revenue": 1495151,
            "revenue_4q": null,
            "common_shares": 1070412,
            "book_valuer_per_share": 23.44,
            "book_valuer_per_share_4q_avg": 23.98,
            "equity": 2517105,
            "current_ratio": 152.89,
            "debt_ratio": 47.6,
            "inventory_turnover_ratio": 2.07,
            "account_receivable_turnover_ratio": 1.05,
            "reinvestment_rate": 233.01,
            "research_to_sale_ratio": 0.86,
            "price_fair": 79.45,
            "eps_avg_yearly": 2.27,
            "eps_latest_yearly": 0.36,
            "eps_growth_yearly": 106.23
        },
        "20111": {
            "year_quarter": 20111,
            "year": 2011,
            "quarter": 1,
            "eps": 0.34,
            "eps_growth_year": -47.69,
            "eps_4q": 1.62,
            "eps_4q_growth_year": -14.4,
            "roe": 1.42,
            "roe_4q": 7.83,
            "gross_profit": 130460,
            "gross_margin": 9.14,
            "gross_margin_4q_avg": 11.89,
            "net_income": 36300,
            "net_income_4q": null,
            "revenue": 1427814,
            "revenue_4q": null,
            "common_shares": 1070412,
            "book_valuer_per_share": 24.13,
            "book_valuer_per_share_4q_avg": 23.94,
            "equity": 2591395,
            "current_ratio": 166.29,
            "debt_ratio": 47.41,
            "inventory_turnover_ratio": 2.13,
            "account_receivable_turnover_ratio": 0.94,
            "reinvestment_rate": 240.4,
            "research_to_sale_ratio": 0.87,
            "price_fair": 77.09,
            "eps_avg_yearly": 2.2,
            "eps_latest_yearly": 1.36,
            "eps_growth_yearly": 180.61
        },
        "20112": {
            "year_quarter": 20112,
            "year": 2011,
            "quarter": 2,
            "eps": 0.31,
            "eps_growth_year": -65.74,
            "eps_4q": 1.23,
            "eps_4q_growth_year": -53.04,
            "roe": 1.33,
            "roe_4q": 5.41,
            "gross_profit": 148720,
            "gross_margin": 10.08,
            "gross_margin_4q_avg": 10.52,
            "net_income": 33730,
            "net_income_4q": null,
            "revenue": 1475354,
            "revenue_4q": null,
            "common_shares": 1070412,
            "book_valuer_per_share": 23.21,
            "book_valuer_per_share_4q_avg": 23.64,
            "equity": 2492995,
            "current_ratio": 164.05,
            "debt_ratio": 50.36,
            "inventory_turnover_ratio": 2.26,
            "account_receivable_turnover_ratio": 0.86,
            "reinvestment_rate": 242.99,
            "research_to_sale_ratio": 0.82,
            "price_fair": 73.41,
            "eps_avg_yearly": 2.1,
            "eps_latest_yearly": 1.24,
            "eps_growth_yearly": 173.49
        },
        "20113": {
            "year_quarter": 20113,
            "year": 2011,
            "quarter": 3,
            "eps": 0.4,
            "eps_growth_year": -17.57,
            "eps_4q": 1.14,
            "eps_4q_growth_year": -44.43,
            "roe": 1.68,
            "roe_4q": 4.819999999999999,
            "gross_profit": 126293,
            "gross_margin": 10.16,
            "gross_margin_4q_avg": 9.81,
            "net_income": 42611,
            "net_income_4q": null,
            "revenue": 1242462,
            "revenue_4q": null,
            "common_shares": 1070412,
            "book_valuer_per_share": 24.15,
            "book_valuer_per_share_4q_avg": 23.73,
            "equity": 2593564,
            "current_ratio": 189,
            "debt_ratio": 48.99,
            "inventory_turnover_ratio": 2.11,
            "account_receivable_turnover_ratio": 0.78,
            "reinvestment_rate": 259.92,
            "research_to_sale_ratio": 1.11,
            "price_fair": 69.39,
            "eps_avg_yearly": 1.98,
            "eps_latest_yearly": 1.6,
            "eps_growth_yearly": 176.29
        },
        "20114": {
            "year_quarter": 20114,
            "year": 2011,
            "quarter": 4,
            "eps": 0.04,
            "eps_growth_year": -54.59,
            "eps_4q": 1.09,
            "eps_4q_growth_year": -38.52,
            "roe": 0.17,
            "roe_4q": 4.6,
            "gross_profit": 83162,
            "gross_margin": 8.88,
            "gross_margin_4q_avg": 9.57,
            "net_income": 4530,
            "net_income_4q": null,
            "revenue": 936624,
            "revenue_4q": null,
            "common_shares": 1070412,
            "book_valuer_per_share": 24.24,
            "book_valuer_per_share_4q_avg": 23.93,
            "equity": 2602674,
            "current_ratio": 205.64,
            "debt_ratio": 47.17,
            "inventory_turnover_ratio": 1.8,
            "account_receivable_turnover_ratio": 0.7,
            "reinvestment_rate": 280.87,
            "research_to_sale_ratio": 3.11,
            "price_fair": 60.55,
            "eps_avg_yearly": 1.73,
            "eps_latest_yearly": 0.16,
            "eps_growth_yearly": 148.27
        },
        "20121": {
            "year_quarter": 20121,
            "year": 2012,
            "quarter": 1,
            "eps": -0.19,
            "eps_growth_year": -155.88,
            "eps_4q": 0.57,
            "eps_4q_growth_year": -64.85,
            "roe": -0.77,
            "roe_4q": 2.41,
            "gross_profit": 72107,
            "gross_margin": 8.81,
            "gross_margin_4q_avg": 9.48,
            "net_income": -20005,
            "net_income_4q": null,
            "revenue": 818635,
            "revenue_4q": null,
            "common_shares": 1070412,
            "book_valuer_per_share": 23.85,
            "book_valuer_per_share_4q_avg": 23.86,
            "equity": 2561127,
            "current_ratio": 211.49,
            "debt_ratio": 46.44,
            "inventory_turnover_ratio": 1.73,
            "account_receivable_turnover_ratio": 0.71,
            "reinvestment_rate": 301.97,
            "research_to_sale_ratio": 1.53,
            "price_fair": 58.71,
            "eps_avg_yearly": 1.68,
            "eps_latest_yearly": 0.16,
            "eps_growth_yearly": 168.82
        },
        "20122": {
            "year_quarter": 20122,
            "year": 2012,
            "quarter": 2,
            "eps": 0.2,
            "eps_growth_year": -35.66,
            "eps_4q": 0.46,
            "eps_4q_growth_year": -62.84,
            "roe": 0.86,
            "roe_4q": 1.94,
            "gross_profit": 105620,
            "gross_margin": 12.35,
            "gross_margin_4q_avg": 10.05,
            "net_income": 21826,
            "net_income_4q": null,
            "revenue": 855521,
            "revenue_4q": null,
            "common_shares": 1070412,
            "book_valuer_per_share": 23.4,
            "book_valuer_per_share_4q_avg": 23.91,
            "equity": 2513916,
            "current_ratio": 199.2,
            "debt_ratio": 47.5,
            "inventory_turnover_ratio": 1.87,
            "account_receivable_turnover_ratio": 0.8,
            "reinvestment_rate": 301.94,
            "research_to_sale_ratio": 1.78,
            "price_fair": 56,
            "eps_avg_yearly": 1.6,
            "eps_latest_yearly": 0.16,
            "eps_growth_yearly": 178.16
        },
        "20123": {
            "year_quarter": 20123,
            "year": 2012,
            "quarter": 3,
            "eps": 0.08,
            "eps_growth_year": -80.75,
            "eps_4q": 0.13,
            "eps_4q_growth_year": -88.28,
            "roe": 0.33,
            "roe_4q": 0.59,
            "gross_profit": 110537,
            "gross_margin": 12.29,
            "gross_margin_4q_avg": 10.58,
            "net_income": 8298,
            "net_income_4q": null,
            "revenue": 899282,
            "revenue_4q": null,
            "common_shares": 1070412,
            "book_valuer_per_share": 23.31,
            "book_valuer_per_share_4q_avg": 23.7,
            "equity": 2503784,
            "current_ratio": 196.18,
            "debt_ratio": 46.96,
            "inventory_turnover_ratio": 1.91,
            "account_receivable_turnover_ratio": 0.86,
            "reinvestment_rate": 294.47,
            "research_to_sale_ratio": 2.06,
            "price_fair": 47,
            "eps_avg_yearly": 1.34,
            "eps_latest_yearly": 0.32,
            "eps_growth_yearly": 149.01
        },
        "20124": {
            "year_quarter": 20124,
            "year": 2012,
            "quarter": 4,
            "eps": 0.03,
            "eps_growth_year": -31.6,
            "eps_4q": 0.12,
            "eps_4q_growth_year": -88.94,
            "roe": 0.12,
            "roe_4q": 0.54,
            "gross_profit": 87014,
            "gross_margin": 10.25,
            "gross_margin_4q_avg": 10.93,
            "net_income": 2989,
            "net_income_4q": null,
            "revenue": 848570,
            "revenue_4q": null,
            "common_shares": 1070412,
            "book_valuer_per_share": 23.43,
            "book_valuer_per_share_4q_avg": 23.5,
            "equity": 2516344,
            "current_ratio": 197.62,
            "debt_ratio": 45.13,
            "inventory_turnover_ratio": 1.83,
            "account_receivable_turnover_ratio": 0.86,
            "reinvestment_rate": 289.16,
            "research_to_sale_ratio": 1.61,
            "price_fair": 47,
            "eps_avg_yearly": 1.34,
            "eps_latest_yearly": 0.12,
            "eps_growth_yearly": 158.85
        },
        "20131": {
            "year_quarter": 20131,
            "year": 2013,
            "quarter": 1,
            "eps": 0.18,
            "eps_growth_year": null,
            "eps_4q": 0.48,
            "eps_4q_growth_year": -14.67,
            "roe": 0.76,
            "roe_4q": 2.07,
            "gross_profit": 75859,
            "gross_margin": 9.92,
            "gross_margin_4q_avg": 11.2,
            "net_income": 19254,
            "net_income_4q": null,
            "revenue": 764681,
            "revenue_4q": null,
            "common_shares": 1070412,
            "book_valuer_per_share": 23.69,
            "book_valuer_per_share_4q_avg": 23.46,
            "equity": 2545594,
            "current_ratio": 186.51,
            "debt_ratio": 42.86,
            "inventory_turnover_ratio": 1.71,
            "account_receivable_turnover_ratio": 0.81,
            "reinvestment_rate": -30.47,
            "research_to_sale_ratio": 1.86,
            "price_fair": 47.7,
            "eps_avg_yearly": 1.36,
            "eps_latest_yearly": 0.72,
            "eps_growth_yearly": 225.51
        },
        "20132": {
            "year_quarter": 20132,
            "year": 2013,
            "quarter": 2,
            "eps": 0.14,
            "eps_growth_year": -30.68,
            "eps_4q": 0.42,
            "eps_4q_growth_year": -7.53,
            "roe": 0.59,
            "roe_4q": 1.8000000000000003,
            "gross_profit": 106612,
            "gross_margin": 13.1,
            "gross_margin_4q_avg": 11.39,
            "net_income": 14855,
            "net_income_4q": null,
            "revenue": 813855,
            "revenue_4q": null,
            "common_shares": 1070412,
            "book_valuer_per_share": 23.46,
            "book_valuer_per_share_4q_avg": 23.47,
            "equity": 2520134,
            "current_ratio": 179.07,
            "debt_ratio": 42.95,
            "inventory_turnover_ratio": 1.82,
            "account_receivable_turnover_ratio": 0.9,
            "reinvestment_rate": -30.68,
            "research_to_sale_ratio": 1.9,
            "price_fair": 47.2,
            "eps_avg_yearly": 1.35,
            "eps_latest_yearly": 0.56,
            "eps_growth_yearly": 198.38
        },
        "20133": {
            "year_quarter": 20133,
            "year": 2013,
            "quarter": 3,
            "eps": 0.18,
            "eps_growth_year": 134.51,
            "eps_4q": 0.52,
            "eps_4q_growth_year": 290.32,
            "roe": 0.77,
            "roe_4q": 2.24,
            "gross_profit": 117443,
            "gross_margin": 14.52,
            "gross_margin_4q_avg": 11.95,
            "net_income": 19312,
            "net_income_4q": null,
            "revenue": 808595,
            "revenue_4q": null,
            "common_shares": 1070412,
            "book_valuer_per_share": 23.41,
            "book_valuer_per_share_4q_avg": 23.5,
            "equity": 2514637,
            "current_ratio": 184.26,
            "debt_ratio": 40.48,
            "inventory_turnover_ratio": 1.88,
            "account_receivable_turnover_ratio": 0.89,
            "reinvestment_rate": -46.04,
            "research_to_sale_ratio": 1.7,
            "price_fair": 43.3,
            "eps_avg_yearly": 1.24,
            "eps_latest_yearly": 0.72,
            "eps_growth_yearly": 149.4
        },
        "20134": {
            "year_quarter": 20134,
            "year": 2013,
            "quarter": 4,
            "eps": 0.31,
            "eps_growth_year": 977.73,
            "eps_4q": 0.8,
            "eps_4q_growth_year": 563.11,
            "roe": 1.3,
            "roe_4q": 3.42,
            "gross_profit": 107536,
            "gross_margin": 13.89,
            "gross_margin_4q_avg": 12.86,
            "net_income": 33018,
            "net_income_4q": null,
            "revenue": 774001,
            "revenue_4q": null,
            "common_shares": 1070412,
            "book_valuer_per_share": 23.76,
            "book_valuer_per_share_4q_avg": 23.58,
            "equity": 2551820,
            "current_ratio": 208.35,
            "debt_ratio": 37.59,
            "inventory_turnover_ratio": 2.02,
            "account_receivable_turnover_ratio": 0.9,
            "reinvestment_rate": -327.61,
            "research_to_sale_ratio": 1.87,
            "price_fair": 41.5,
            "eps_avg_yearly": 1.19,
            "eps_latest_yearly": 1.24,
            "eps_growth_yearly": 174.05
        },
        "20141": {
            "year_quarter": 20141,
            "year": 2014,
            "quarter": 1,
            "eps": 0.31,
            "eps_growth_year": 72.22,
            "eps_4q": 0.94,
            "eps_4q_growth_year": 93.14,
            "roe": 1.31,
            "roe_4q": 3.97,
            "gross_profit": 113465,
            "gross_margin": 17.68,
            "gross_margin_4q_avg": 14.8,
            "net_income": 33792,
            "net_income_4q": null,
            "revenue": 641838,
            "revenue_4q": null,
            "common_shares": 1070412,
            "book_valuer_per_share": 24.18,
            "book_valuer_per_share_4q_avg": 23.7,
            "equity": 2597246,
            "current_ratio": 231.5,
            "debt_ratio": 34.98,
            "inventory_turnover_ratio": 1.75,
            "account_receivable_turnover_ratio": 0.82,
            "reinvestment_rate": -360.9,
            "research_to_sale_ratio": 2.44,
            "price_fair": 38.1,
            "eps_avg_yearly": 1.09,
            "eps_latest_yearly": 1.24,
            "eps_growth_yearly": 164.72
        },
        "20142": {
            "year_quarter": 20142,
            "year": 2014,
            "quarter": 2,
            "eps": 0.16,
            "eps_growth_year": 14.29,
            "eps_4q": 0.96,
            "eps_4q_growth_year": 128.04,
            "roe": 0.69,
            "roe_4q": 4.07,
            "gross_profit": 115643,
            "gross_margin": 16.2,
            "gross_margin_4q_avg": 15.57,
            "net_income": 17764,
            "net_income_4q": null,
            "revenue": 713957,
            "revenue_4q": null,
            "common_shares": 1070412,
            "book_valuer_per_share": 23.54,
            "book_valuer_per_share_4q_avg": 23.72,
            "equity": 2528685,
            "current_ratio": 214.4,
            "debt_ratio": 35.59,
            "inventory_turnover_ratio": 1.94,
            "account_receivable_turnover_ratio": 0.99,
            "reinvestment_rate": -494.35,
            "research_to_sale_ratio": 2,
            "price_fair": 30.5,
            "eps_avg_yearly": 0.87,
            "eps_latest_yearly": 0.64,
            "eps_growth_yearly": 139.03
        },
        "20143": {
            "year_quarter": 20143,
            "year": 2014,
            "quarter": 3,
            "eps": 0.53,
            "eps_growth_year": 194.44,
            "eps_4q": 1.32,
            "eps_4q_growth_year": 151.66,
            "roe": 2.22,
            "roe_4q": 5.5200000000000005,
            "gross_profit": 128965,
            "gross_margin": 16.54,
            "gross_margin_4q_avg": 16.08,
            "net_income": 57107,
            "net_income_4q": null,
            "revenue": 779886,
            "revenue_4q": null,
            "common_shares": 1070412,
            "book_valuer_per_share": 24.43,
            "book_valuer_per_share_4q_avg": 23.98,
            "equity": 2625185,
            "current_ratio": 215.97,
            "debt_ratio": 37.92,
            "inventory_turnover_ratio": 1.91,
            "account_receivable_turnover_ratio": 1.06,
            "reinvestment_rate": -461.27,
            "research_to_sale_ratio": 2.07,
            "price_fair": 31,
            "eps_avg_yearly": 0.89,
            "eps_latest_yearly": 2.12,
            "eps_growth_yearly": 218.76
        },
        "20144": {
            "year_quarter": 20144,
            "year": 2014,
            "quarter": 4,
            "eps": 0.26,
            "eps_growth_year": -16.5,
            "eps_4q": 1.26,
            "eps_4q_growth_year": 57.93,
            "roe": 1.04,
            "roe_4q": 5.26,
            "gross_profit": 119166,
            "gross_margin": 15.92,
            "gross_margin_4q_avg": 16.59,
            "net_income": 27608,
            "net_income_4q": null,
            "revenue": 748722,
            "revenue_4q": null,
            "common_shares": 1070412,
            "book_valuer_per_share": 25.09,
            "book_valuer_per_share_4q_avg": 24.31,
            "equity": 2695354,
            "current_ratio": 229.29,
            "debt_ratio": 35.54,
            "inventory_turnover_ratio": 1.78,
            "account_receivable_turnover_ratio": 0.98,
            "reinvestment_rate": -445.56,
            "research_to_sale_ratio": 2.07,
            "price_fair": 32.7,
            "eps_avg_yearly": 0.93,
            "eps_latest_yearly": 1.04,
            "eps_growth_yearly": 227.42
        },
        "20151": {
            "year_quarter": 20151,
            "year": 2015,
            "quarter": 1,
            "eps": 0.18,
            "eps_growth_year": -41.94,
            "eps_4q": 1.13,
            "eps_4q_growth_year": 20.65,
            "roe": 0.7,
            "roe_4q": 4.65,
            "gross_profit": 101932,
            "gross_margin": 16.14,
            "gross_margin_4q_avg": 16.2,
            "net_income": 19028,
            "net_income_4q": null,
            "revenue": 631532,
            "revenue_4q": null,
            "common_shares": 1070412,
            "book_valuer_per_share": 25.16,
            "book_valuer_per_share_4q_avg": 24.56,
            "equity": 2703263,
            "current_ratio": 260.28,
            "debt_ratio": 33.72,
            "inventory_turnover_ratio": 1.54,
            "account_receivable_turnover_ratio": 0.89,
            "reinvestment_rate": -502.12,
            "research_to_sale_ratio": 2.28,
            "price_fair": 31.1,
            "eps_avg_yearly": 0.89,
            "eps_latest_yearly": 0.72,
            "eps_growth_yearly": 139.27
        },
        "20152": {
            "year_quarter": 20152,
            "year": 2015,
            "quarter": 2,
            "eps": 0.07,
            "eps_growth_year": -56.25,
            "eps_4q": 1.03,
            "eps_4q_growth_year": 7.5,
            "roe": 0.28,
            "roe_4q": 4.24,
            "gross_profit": 92173,
            "gross_margin": 13.68,
            "gross_margin_4q_avg": 15.57,
            "net_income": 7466,
            "net_income_4q": null,
            "revenue": 673632,
            "revenue_4q": null,
            "common_shares": 1070412,
            "book_valuer_per_share": 24.03,
            "book_valuer_per_share_4q_avg": 24.68,
            "equity": 2582511,
            "current_ratio": 245.6,
            "debt_ratio": 35.83,
            "inventory_turnover_ratio": 1.71,
            "account_receivable_turnover_ratio": 1,
            "reinvestment_rate": -549.42,
            "research_to_sale_ratio": 2.28,
            "price_fair": 28.7,
            "eps_avg_yearly": 0.82,
            "eps_latest_yearly": 0.28,
            "eps_growth_yearly": 124.33
        },
        "20153": {
            "year_quarter": 20153,
            "year": 2015,
            "quarter": 3,
            "eps": 0.44,
            "eps_growth_year": -16.98,
            "eps_4q": 0.94,
            "eps_4q_growth_year": -28.55,
            "roe": 1.8,
            "roe_4q": 3.8200000000000003,
            "gross_profit": 127570,
            "gross_margin": 17.72,
            "gross_margin_4q_avg": 15.87,
            "net_income": 47155,
            "net_income_4q": null,
            "revenue": 720036,
            "revenue_4q": null,
            "common_shares": 1070412,
            "book_valuer_per_share": 24.79,
            "book_valuer_per_share_4q_avg": 24.77,
            "equity": 2663582,
            "current_ratio": 262.86,
            "debt_ratio": 35.77,
            "inventory_turnover_ratio": 1.8,
            "account_receivable_turnover_ratio": 1,
            "reinvestment_rate": -574.85,
            "research_to_sale_ratio": 2.57,
            "price_fair": 29.1,
            "eps_avg_yearly": 0.83,
            "eps_latest_yearly": 1.76,
            "eps_growth_yearly": 267.05
        },
        "20154": {
            "year_quarter": 20154,
            "year": 2015,
            "quarter": 4,
            "eps": 0.28,
            "eps_growth_year": 9.17,
            "eps_4q": 0.96,
            "eps_4q_growth_year": -23.83,
            "roe": 1.13,
            "roe_4q": 3.91,
            "gross_profit": 128692,
            "gross_margin": 16.24,
            "gross_margin_4q_avg": 15.95,
            "net_income": 30167,
            "net_income_4q": null,
            "revenue": 792232,
            "revenue_4q": null,
            "common_shares": 1070412,
            "book_valuer_per_share": 24.82,
            "book_valuer_per_share_4q_avg": 24.7,
            "equity": 2666652,
            "current_ratio": 267.22,
            "debt_ratio": 36.62,
            "inventory_turnover_ratio": 2.12,
            "account_receivable_turnover_ratio": 1.02,
            "reinvestment_rate": -552.37,
            "research_to_sale_ratio": 2.28,
            "price_fair": 31.5,
            "eps_avg_yearly": 0.9,
            "eps_latest_yearly": 1.12,
            "eps_growth_yearly": 282.38
        },
        "20161": {
            "year_quarter": 20161,
            "year": 2016,
            "quarter": 1,
            "eps": 0.18,
            "eps_growth_year": 0,
            "eps_4q": 0.97,
            "eps_4q_growth_year": -14.49,
            "roe": 0.72,
            "roe_4q": 3.9299999999999997,
            "gross_profit": 120169,
            "gross_margin": 18.34,
            "gross_margin_4q_avg": 16.5,
            "net_income": 19268,
            "net_income_4q": null,
            "revenue": 655209,
            "revenue_4q": null,
            "common_shares": 1070412,
            "book_valuer_per_share": 24.86,
            "book_valuer_per_share_4q_avg": 24.63,
            "equity": 2671849,
            "current_ratio": 282.17,
            "debt_ratio": 33.75,
            "inventory_turnover_ratio": 1.81,
            "account_receivable_turnover_ratio": 0.92,
            "reinvestment_rate": -480.74,
            "research_to_sale_ratio": 2.15,
            "price_fair": 31.08,
            "eps_avg_yearly": 0.89,
            "eps_latest_yearly": 0.72,
            "eps_growth_yearly": 254.03
        },
        "20162": {
            "year_quarter": 20162,
            "year": 2016,
            "quarter": 2,
            "eps": 0.02,
            "eps_growth_year": -71.43,
            "eps_4q": 0.92,
            "eps_4q_growth_year": -11.3,
            "roe": 0.08,
            "roe_4q": 3.7299999999999995,
            "gross_profit": 115763,
            "gross_margin": 17.34,
            "gross_margin_4q_avg": 17.41,
            "net_income": 2229,
            "net_income_4q": null,
            "revenue": 667592,
            "revenue_4q": null,
            "common_shares": 1070412,
            "book_valuer_per_share": 23.98,
            "book_valuer_per_share_4q_avg": 24.61,
            "equity": 2577379,
            "current_ratio": 265.82,
            "debt_ratio": 37.05,
            "inventory_turnover_ratio": 1.78,
            "account_receivable_turnover_ratio": 1.04,
            "reinvestment_rate": -579.02,
            "research_to_sale_ratio": 2.5,
            "price_fair": 29.31,
            "eps_avg_yearly": 0.84,
            "eps_latest_yearly": 0.08,
            "eps_growth_yearly": 215.93
        },
        "20163": {
            "year_quarter": 20163,
            "year": 2016,
            "quarter": 3,
            "eps": 0.22,
            "eps_growth_year": -50,
            "eps_4q": 0.7,
            "eps_4q_growth_year": -25.22,
            "roe": 0.93,
            "roe_4q": 2.86,
            "gross_profit": 135896,
            "gross_margin": 17.35,
            "gross_margin_4q_avg": 17.32,
            "net_income": 24071,
            "net_income_4q": null,
            "revenue": 783377,
            "revenue_4q": null,
            "common_shares": 1070412,
            "book_valuer_per_share": 24.01,
            "book_valuer_per_share_4q_avg": 24.42,
            "equity": 2580322,
            "current_ratio": 262.74,
            "debt_ratio": 39.34,
            "inventory_turnover_ratio": 1.81,
            "account_receivable_turnover_ratio": 1.13,
            "reinvestment_rate": -546.86,
            "research_to_sale_ratio": 1.99,
            "price_fair": 30.54,
            "eps_avg_yearly": 0.87,
            "eps_latest_yearly": 0.88,
            "eps_growth_yearly": 480.93
        },
        "20164": {
            "year_quarter": 20164,
            "year": 2016,
            "quarter": 4,
            "eps": 0.48,
            "eps_growth_year": 71.37,
            "eps_4q": 0.9,
            "eps_4q_growth_year": -6.34,
            "roe": 1.98,
            "roe_4q": 3.71,
            "gross_profit": 128584,
            "gross_margin": 14.9,
            "gross_margin_4q_avg": 16.98,
            "net_income": 51574,
            "net_income_4q": null,
            "revenue": 862984,
            "revenue_4q": null,
            "common_shares": 1070412,
            "book_valuer_per_share": 24.41,
            "book_valuer_per_share_4q_avg": 24.32,
            "equity": 2623192,
            "current_ratio": 239.8,
            "debt_ratio": 40.43,
            "inventory_turnover_ratio": 1.74,
            "account_receivable_turnover_ratio": 1.04,
            "reinvestment_rate": -472.3,
            "research_to_sale_ratio": 2.11,
            "price_fair": 34.48,
            "eps_avg_yearly": 0.99,
            "eps_latest_yearly": 1.92,
            "eps_growth_yearly": 526.1
        },
        "20171": {
            "year_quarter": 20171,
            "year": 2017,
            "quarter": 1,
            "eps": 0.21,
            "eps_growth_year": 16.67,
            "eps_4q": 0.93,
            "eps_4q_growth_year": -3.78,
            "roe": 0.86,
            "roe_4q": 3.85,
            "gross_profit": 124881,
            "gross_margin": 18.31,
            "gross_margin_4q_avg": 16.98,
            "net_income": 22267,
            "net_income_4q": null,
            "revenue": 681993,
            "revenue_4q": null,
            "common_shares": 1070412,
            "book_valuer_per_share": 23.99,
            "book_valuer_per_share_4q_avg": 24.1,
            "equity": 2578979,
            "current_ratio": 263.53,
            "debt_ratio": 36.71,
            "inventory_turnover_ratio": 1.24,
            "account_receivable_turnover_ratio": 0.83,
            "reinvestment_rate": -135.74,
            "research_to_sale_ratio": 2.24,
            "price_fair": 34.74,
            "eps_avg_yearly": 0.99,
            "eps_latest_yearly": 0.84,
            "eps_growth_yearly": 387.04
        },
        "20172": {
            "year_quarter": 20172,
            "year": 2017,
            "quarter": 2,
            "eps": 0.49,
            "eps_growth_year": 2350,
            "eps_4q": 1.4,
            "eps_4q_growth_year": 52.77,
            "roe": 2.05,
            "roe_4q": 5.819999999999999,
            "gross_profit": 139087,
            "gross_margin": 19.4,
            "gross_margin_4q_avg": 17.49,
            "net_income": 52879,
            "net_income_4q": null,
            "revenue": 716935,
            "revenue_4q": null,
            "common_shares": 1070412,
            "book_valuer_per_share": 24.06,
            "book_valuer_per_share_4q_avg": 24.12,
            "equity": 2586324,
            "current_ratio": 256.94,
            "debt_ratio": 35.39,
            "inventory_turnover_ratio": 1.28,
            "account_receivable_turnover_ratio": 1.01,
            "reinvestment_rate": -107.51,
            "research_to_sale_ratio": 2.3,
            "price_fair": 37.8,
            "eps_avg_yearly": 1.08,
            "eps_latest_yearly": 1.96,
            "eps_growth_yearly": 425.93
        },
        "20173": {
            "year_quarter": 20173,
            "year": 2017,
            "quarter": 3,
            "eps": 0.42,
            "eps_growth_year": 90.91,
            "eps_4q": 1.6,
            "eps_4q_growth_year": 127.75,
            "roe": 1.74,
            "roe_4q": 6.630000000000001,
            "gross_profit": 149318,
            "gross_margin": 19.5,
            "gross_margin_4q_avg": 18.03,
            "net_income": 45488,
            "net_income_4q": null,
            "revenue": 765631,
            "revenue_4q": null,
            "common_shares": 1070412,
            "book_valuer_per_share": 24.64,
            "book_valuer_per_share_4q_avg": 24.28,
            "equity": 2648889,
            "current_ratio": 288.96,
            "debt_ratio": 35.26,
            "inventory_turnover_ratio": 1.38,
            "account_receivable_turnover_ratio": 1.09,
            "reinvestment_rate": -75.83,
            "research_to_sale_ratio": 2.34,
            "price_fair": 39.9,
            "eps_avg_yearly": 1.14,
            "eps_latest_yearly": 1.68,
            "eps_growth_yearly": 415.21
        },
        "20174": {
            "year_quarter": 20174,
            "year": 2017,
            "quarter": 4,
            "eps": 0.18,
            "eps_growth_year": -62.46,
            "eps_4q": 1.3,
            "eps_4q_growth_year": 44.24,
            "roe": 0.72,
            "roe_4q": 5.37,
            "gross_profit": 106106,
            "gross_margin": 15.39,
            "gross_margin_4q_avg": 18.15,
            "net_income": 19206,
            "net_income_4q": null,
            "revenue": 689601,
            "revenue_4q": null,
            "common_shares": 1070412,
            "book_valuer_per_share": 24.85,
            "book_valuer_per_share_4q_avg": 24.39,
            "equity": 2671092,
            "current_ratio": 279.63,
            "debt_ratio": 35.35,
            "inventory_turnover_ratio": 1.26,
            "account_receivable_turnover_ratio": 0.95,
            "reinvestment_rate": -60.13,
            "research_to_sale_ratio": 2.33,
            "price_fair": 38.76,
            "eps_avg_yearly": 1.11,
            "eps_latest_yearly": 0.72,
            "eps_growth_yearly": 382.87
        },
        "20181": {
            "year_quarter": 20181,
            "year": 2018,
            "quarter": 1,
            "eps": 0.04,
            "eps_growth_year": -80.95,
            "eps_4q": 1.14,
            "eps_4q_growth_year": 22.74,
            "roe": 0.18,
            "roe_4q": 4.6899999999999995,
            "gross_profit": 98984,
            "gross_margin": 15.16,
            "gross_margin_4q_avg": 17.36,
            "net_income": 4822,
            "net_income_4q": null,
            "revenue": 652917,
            "revenue_4q": null,
            "common_shares": 1070412,
            "book_valuer_per_share": 25.23,
            "book_valuer_per_share_4q_avg": 24.7,
            "equity": 2712780,
            "current_ratio": 286.77,
            "debt_ratio": 32.84,
            "inventory_turnover_ratio": 1.18,
            "account_receivable_turnover_ratio": 0.96,
            "reinvestment_rate": -62.9,
            "research_to_sale_ratio": 2.46,
            "price_fair": 36.4,
            "eps_avg_yearly": 1.04,
            "eps_latest_yearly": 0.16,
            "eps_growth_yearly": 363.43
        },
        "20182": {
            "year_quarter": 20182,
            "year": 2018,
            "quarter": 2,
            "eps": 0.51,
            "eps_growth_year": 4.08,
            "eps_4q": 1.15,
            "eps_4q_growth_year": -17.62,
            "roe": 2.02,
            "roe_4q": 4.66,
            "gross_profit": 124579,
            "gross_margin": 18.18,
            "gross_margin_4q_avg": 17.06,
            "net_income": 54273,
            "net_income_4q": null,
            "revenue": 685157,
            "revenue_4q": null,
            "common_shares": 1070412,
            "book_valuer_per_share": 24.8,
            "book_valuer_per_share_4q_avg": 24.88,
            "equity": 2665848,
            "current_ratio": 242.61,
            "debt_ratio": 34.51,
            "inventory_turnover_ratio": 1.31,
            "account_receivable_turnover_ratio": 1.04,
            "reinvestment_rate": -44.57,
            "research_to_sale_ratio": 2.5,
            "price_fair": 39.46,
            "eps_avg_yearly": 1.13,
            "eps_latest_yearly": 2.04,
            "eps_growth_yearly": 669.27
        },
        "20183": {
            "year_quarter": 20183,
            "year": 2018,
            "quarter": 3,
            "eps": 0.61,
            "eps_growth_year": 45.24,
            "eps_4q": 1.34,
            "eps_4q_growth_year": -16.13,
            "roe": 2.45,
            "roe_4q": 5.37,
            "gross_profit": 168207,
            "gross_margin": 22.67,
            "gross_margin_4q_avg": 17.85,
            "net_income": 65928,
            "net_income_4q": null,
            "revenue": 741983,
            "revenue_4q": null,
            "common_shares": 1070412,
            "book_valuer_per_share": 25.35,
            "book_valuer_per_share_4q_avg": 25.06,
            "equity": 2726284,
            "current_ratio": 235.65,
            "debt_ratio": 33.47,
            "inventory_turnover_ratio": 1.4,
            "account_receivable_turnover_ratio": 1.07,
            "reinvestment_rate": -48.72,
            "research_to_sale_ratio": 2.31,
            "price_fair": 40.16,
            "eps_avg_yearly": 1.15,
            "eps_latest_yearly": 2.44,
            "eps_growth_yearly": 616.36
        },
        "20184": {
            "year_quarter": 20184,
            "year": 2018,
            "quarter": 4,
            "eps": 0.33,
            "eps_growth_year": 84.69,
            "eps_4q": 1.49,
            "eps_4q_growth_year": 14.84,
            "roe": 1.3,
            "roe_4q": 5.949999999999999,
            "gross_profit": 151973,
            "gross_margin": 22.42,
            "gross_margin_4q_avg": 19.61,
            "net_income": 35875,
            "net_income_4q": null,
            "revenue": 677855,
            "revenue_4q": null,
            "common_shares": 1070412,
            "book_valuer_per_share": 25.86,
            "book_valuer_per_share_4q_avg": 25.31,
            "equity": 2781031,
            "current_ratio": 229.01,
            "debt_ratio": 32.26,
            "inventory_turnover_ratio": 1.22,
            "account_receivable_turnover_ratio": 1,
            "reinvestment_rate": -54.93,
            "research_to_sale_ratio": 2.79,
            "price_fair": 40.78,
            "eps_avg_yearly": 1.17,
            "eps_latest_yearly": 1.32,
            "eps_growth_yearly": 617.62
        },
        "20191": {
            "year_quarter": 20191,
            "year": 2019,
            "quarter": 1,
            "eps": 0.29,
            "eps_growth_year": 625,
            "eps_4q": 1.74,
            "eps_4q_growth_year": 52.82,
            "roe": 1.12,
            "roe_4q": 6.890000000000001,
            "gross_profit": 110942,
            "gross_margin": 19.24,
            "gross_margin_4q_avg": 20.63,
            "net_income": 31526,
            "net_income_4q": null,
            "revenue": 576584,
            "revenue_4q": null,
            "common_shares": 1070412,
            "book_valuer_per_share": 26.55,
            "book_valuer_per_share_4q_avg": 25.64,
            "equity": 2855241,
            "current_ratio": 228.31,
            "debt_ratio": 31.55,
            "inventory_turnover_ratio": 1.06,
            "account_receivable_turnover_ratio": 0.96,
            "reinvestment_rate": -29.74,
            "research_to_sale_ratio": 2.53,
            "price_fair": 41.74,
            "eps_avg_yearly": 1.19,
            "eps_latest_yearly": 1.16,
            "eps_growth_yearly": 622.28
        },
        "20192": {
            "year_quarter": 20192,
            "year": 2019,
            "quarter": 2,
            "eps": 0.3,
            "eps_growth_year": -41.18,
            "eps_4q": 1.54,
            "eps_4q_growth_year": 33.14,
            "roe": 1.13,
            "roe_4q": 6,
            "gross_profit": 115383,
            "gross_margin": 18.93,
            "gross_margin_4q_avg": 20.82,
            "net_income": 32280,
            "net_income_4q": null,
            "revenue": 609410,
            "revenue_4q": null,
            "common_shares": 1070412,
            "book_valuer_per_share": 26.41,
            "book_valuer_per_share_4q_avg": 26.04,
            "equity": 2841218,
            "current_ratio": 231.06,
            "debt_ratio": 32.68,
            "inventory_turnover_ratio": 1.14,
            "account_receivable_turnover_ratio": 1.06,
            "reinvestment_rate": -14.65,
            "research_to_sale_ratio": 2.68,
            "price_fair": 43.75,
            "eps_avg_yearly": 1.25,
            "eps_latest_yearly": 1.2,
            "eps_growth_yearly": 638.42
        },
        "20193": {
            "year_quarter": 20193,
            "year": 2019,
            "quarter": 3,
            "eps": 0.4,
            "eps_growth_year": -34.43,
            "eps_4q": 1.32,
            "eps_4q_growth_year": -1.36,
            "roe": 1.5,
            "roe_4q": 5.05,
            "gross_profit": 133826,
            "gross_margin": 18.84,
            "gross_margin_4q_avg": 19.86,
            "net_income": 43106,
            "net_income_4q": null,
            "revenue": 710512,
            "revenue_4q": null,
            "common_shares": 1070412,
            "book_valuer_per_share": 26.85,
            "book_valuer_per_share_4q_avg": 26.42,
            "equity": 2888398,
            "current_ratio": 254.99,
            "debt_ratio": 34,
            "inventory_turnover_ratio": 1.35,
            "account_receivable_turnover_ratio": 1.12,
            "reinvestment_rate": -6.49,
            "research_to_sale_ratio": 2.53,
            "price_fair": 43.4,
            "eps_avg_yearly": 1.24,
            "eps_latest_yearly": 1.6,
            "eps_growth_yearly": 514.61
        },
        "20194": {
            "year_quarter": 20194,
            "year": 2019,
            "quarter": 4,
            "eps": 0.31,
            "eps_growth_year": -7.15,
            "eps_4q": 1.3,
            "eps_4q_growth_year": -12.99,
            "roe": 1.14,
            "roe_4q": 4.89,
            "gross_profit": 141530,
            "gross_margin": 19.31,
            "gross_margin_4q_avg": 19.08,
            "net_income": 33365,
            "net_income_4q": null,
            "revenue": 732873,
            "revenue_4q": null,
            "common_shares": 1070412,
            "book_valuer_per_share": 27.43,
            "book_valuer_per_share_4q_avg": 26.81,
            "equity": 2949262,
            "current_ratio": 257.15,
            "debt_ratio": 34.05,
            "inventory_turnover_ratio": 1.39,
            "account_receivable_turnover_ratio": 1.04,
            "reinvestment_rate": 0.02,
            "research_to_sale_ratio": 3.14,
            "price_fair": 43.66,
            "eps_avg_yearly": 1.25,
            "eps_latest_yearly": 1.24,
            "eps_growth_yearly": 518.08
        },
        "20201": {
            "year_quarter": 20201,
            "year": 2020,
            "quarter": 1,
            "eps": 0.4,
            "eps_growth_year": 37.93,
            "eps_4q": 1.41,
            "eps_4q_growth_year": -18.95,
            "roe": 1.51,
            "roe_4q": 5.28,
            "gross_profit": 128620,
            "gross_margin": 20.65,
            "gross_margin_4q_avg": 19.43,
            "net_income": 43957,
            "net_income_4q": null,
            "revenue": 622904,
            "revenue_4q": null,
            "common_shares": 1070412,
            "book_valuer_per_share": 26.68,
            "book_valuer_per_share_4q_avg": 26.84,
            "equity": 2868366,
            "current_ratio": 276.29,
            "debt_ratio": 33.71,
            "inventory_turnover_ratio": 1.07,
            "account_receivable_turnover_ratio": 0.9,
            "reinvestment_rate": -0.39,
            "research_to_sale_ratio": 2.2,
            "price_fair": 45.59,
            "eps_avg_yearly": 1.3,
            "eps_latest_yearly": 1.6,
            "eps_growth_yearly": 534.27
        },
        "20202": {
            "year_quarter": 20202,
            "year": 2020,
            "quarter": 2,
            "eps": 0.52,
            "eps_growth_year": 73.33,
            "eps_4q": 1.63,
            "eps_4q_growth_year": 6.13,
            "roe": 1.94,
            "roe_4q": 6.09,
            "gross_profit": 168552,
            "gross_margin": 23.33,
            "gross_margin_4q_avg": 20.53,
            "net_income": 55677,
            "net_income_4q": null,
            "revenue": 722465,
            "revenue_4q": null,
            "common_shares": 1070412,
            "book_valuer_per_share": 26.72,
            "book_valuer_per_share_4q_avg": 26.92,
            "equity": 2873152,
            "current_ratio": 228.35,
            "debt_ratio": 36.52,
            "inventory_turnover_ratio": 1.05,
            "account_receivable_turnover_ratio": 1.07,
            "reinvestment_rate": 49.55,
            "research_to_sale_ratio": 2.2,
            "price_fair": 49.96,
            "eps_avg_yearly": 1.43,
            "eps_latest_yearly": 2.08,
            "eps_growth_yearly": 563.99
        },
        "20203": {
            "year_quarter": 20203,
            "year": 2020,
            "quarter": 3,
            "eps": 0.61,
            "eps_growth_year": 52.5,
            "eps_4q": 1.84,
            "eps_4q_growth_year": 38.87,
            "roe": 2.23,
            "roe_4q": 6.819999999999999,
            "gross_profit": 174778,
            "gross_margin": 21.09,
            "gross_margin_4q_avg": 21.1,
            "net_income": 65388,
            "net_income_4q": null,
            "revenue": 828536,
            "revenue_4q": null,
            "common_shares": 1070412,
            "book_valuer_per_share": 27.78,
            "book_valuer_per_share_4q_avg": 27.15,
            "equity": 2986087,
            "current_ratio": 223.67,
            "debt_ratio": 37.38,
            "inventory_turnover_ratio": 1.14,
            "account_receivable_turnover_ratio": 1.12,
            "reinvestment_rate": 68.4,
            "research_to_sale_ratio": 2.73,
            "price_fair": 53.38,
            "eps_avg_yearly": 1.53,
            "eps_latest_yearly": 2.44,
            "eps_growth_yearly": 318.32
        },
        "20204": {
            "year_quarter": 20204,
            "year": 2020,
            "quarter": 4,
            "eps": 0.55,
            "eps_growth_year": 77.41,
            "eps_4q": 2.08,
            "eps_4q_growth_year": 59.76,
            "roe": 1.94,
            "roe_4q": 7.619999999999999,
            "gross_profit": 187375,
            "gross_margin": 22.15,
            "gross_margin_4q_avg": 21.81,
            "net_income": 58611,
            "net_income_4q": null,
            "revenue": 846097,
            "revenue_4q": null,
            "common_shares": 1070412,
            "book_valuer_per_share": 28.52,
            "book_valuer_per_share_4q_avg": 27.43,
            "equity": 3066471,
            "current_ratio": 206.02,
            "debt_ratio": 37.35,
            "inventory_turnover_ratio": 1.09,
            "account_receivable_turnover_ratio": 1.09,
            "reinvestment_rate": 78.6,
            "research_to_sale_ratio": 2.6,
            "price_fair": 53.99,
            "eps_avg_yearly": 1.54,
            "eps_latest_yearly": 2.2,
            "eps_growth_yearly": 286.31
        },
        "20211": {
            "year_quarter": 20211,
            "year": 2021,
            "quarter": 1,
            "eps": 0.76,
            "eps_growth_year": 90,
            "eps_4q": 2.43,
            "eps_4q_growth_year": 72.19,
            "roe": 2.66,
            "roe_4q": 8.77,
            "gross_profit": 194064,
            "gross_margin": 23.94,
            "gross_margin_4q_avg": 22.63,
            "net_income": 81512,
            "net_income_4q": null,
            "revenue": 810599,
            "revenue_4q": null,
            "common_shares": 1070412,
            "book_valuer_per_share": 28.47,
            "book_valuer_per_share_4q_avg": 27.87,
            "equity": 3060323,
            "current_ratio": 181.3,
            "debt_ratio": 40,
            "inventory_turnover_ratio": 0.98,
            "account_receivable_turnover_ratio": 1.03,
            "reinvestment_rate": 77.52,
            "research_to_sale_ratio": 2.14,
            "price_fair": 58.8,
            "eps_avg_yearly": 1.68,
            "eps_latest_yearly": 3.04,
            "eps_growth_yearly": 309.92
        },
        "20212": {
            "year_quarter": 20212,
            "year": 2021,
            "quarter": 2,
            "eps": 1.23,
            "eps_growth_year": 136.54,
            "eps_4q": 3.15,
            "eps_4q_growth_year": 93.13,
            "roe": 4.21,
            "roe_4q": 11.040000000000001,
            "gross_profit": 259808,
            "gross_margin": 28.13,
            "gross_margin_4q_avg": 23.83,
            "net_income": 132567,
            "net_income_4q": null,
            "revenue": 923504,
            "revenue_4q": null,
            "common_shares": 1070412,
            "book_valuer_per_share": 30.08,
            "book_valuer_per_share_4q_avg": 28.71,
            "equity": 3232572,
            "current_ratio": 181,
            "debt_ratio": 39.41,
            "inventory_turnover_ratio": 1.06,
            "account_receivable_turnover_ratio": 1.11,
            "reinvestment_rate": 77.95,
            "research_to_sale_ratio": 2.03,
            "price_fair": 65.28,
            "eps_avg_yearly": 1.87,
            "eps_latest_yearly": 4.92,
            "eps_growth_yearly": 292.05
        },
        "20213": {
            "year_quarter": 20213,
            "year": 2021,
            "quarter": 3,
            "eps": 1.43,
            "eps_growth_year": 134.43,
            "eps_4q": 3.97,
            "eps_4q_growth_year": 116.06,
            "roe": 4.73,
            "roe_4q": 13.540000000000001,
            "gross_profit": 279488,
            "gross_margin": 30.04,
            "gross_margin_4q_avg": 26.07,
            "net_income": 153947,
            "net_income_4q": null,
            "revenue": 930424,
            "revenue_4q": null,
            "common_shares": 1070412,
            "book_valuer_per_share": 30.52,
            "book_valuer_per_share_4q_avg": 29.4,
            "equity": 3279484,
            "current_ratio": 188.42,
            "debt_ratio": 41.08,
            "inventory_turnover_ratio": 0.99,
            "account_receivable_turnover_ratio": 1.07,
            "reinvestment_rate": 79.39,
            "research_to_sale_ratio": 2.18,
            "price_fair": 74.11,
            "eps_avg_yearly": 2.12,
            "eps_latest_yearly": 5.72,
            "eps_growth_yearly": 299.68
        },
        "20214": {
            "year_quarter": 20214,
            "year": 2021,
            "quarter": 4,
            "eps": 1.34,
            "eps_growth_year": 144.13,
            "eps_4q": 4.76,
            "eps_4q_growth_year": 129.18,
            "roe": 4.2,
            "roe_4q": 15.8,
            "gross_profit": 292817,
            "gross_margin": 31.35,
            "gross_margin_4q_avg": 28.37,
            "net_income": 143170,
            "net_income_4q": null,
            "revenue": 934136,
            "revenue_4q": null,
            "common_shares": 1070412,
            "book_valuer_per_share": 32.94,
            "book_valuer_per_share_4q_avg": 30.5,
            "equity": 3534123,
            "current_ratio": 197.4,
            "debt_ratio": 39.98,
            "inventory_turnover_ratio": 0.89,
            "account_receivable_turnover_ratio": 1.07,
            "reinvestment_rate": 81.51,
            "research_to_sale_ratio": 2.04,
            "price_fair": 84.26,
            "eps_avg_yearly": 2.41,
            "eps_latest_yearly": 5.36,
            "eps_growth_yearly": 312.4
        },
        "20221": {
            "year_quarter": 20221,
            "year": 2022,
            "quarter": 1,
            "eps": 1.07,
            "eps_growth_year": 40.79,
            "eps_4q": 5.07,
            "eps_4q_growth_year": 108.48,
            "roe": 3.3,
            "roe_4q": 16.44,
            "gross_profit": 204056,
            "gross_margin": 26.24,
            "gross_margin_4q_avg": 28.94,
            "net_income": 114536,
            "net_income_4q": null,
            "revenue": 777648,
            "revenue_4q": null,
            "common_shares": 1070412,
            "book_valuer_per_share": 31.72,
            "book_valuer_per_share_4q_avg": 31.32,
            "equity": 3404470,
            "current_ratio": 162.4,
            "debt_ratio": 43.59,
            "inventory_turnover_ratio": 0.73,
            "account_receivable_turnover_ratio": 0.92,
            "reinvestment_rate": 82.26,
            "research_to_sale_ratio": 2.64,
            "price_fair": 93.28,
            "eps_avg_yearly": 2.67,
            "eps_latest_yearly": 4.28,
            "eps_growth_yearly": 326.8
        },
        "20222": {
            "year_quarter": 20222,
            "year": 2022,
            "quarter": 2,
            "eps": 0.99,
            "eps_growth_year": -19.51,
            "eps_4q": 4.82,
            "eps_4q_growth_year": 53.19,
            "roe": 3.17,
            "roe_4q": 15.4,
            "gross_profit": 191381,
            "gross_margin": 25.92,
            "gross_margin_4q_avg": 28.39,
            "net_income": 105821,
            "net_income_4q": null,
            "revenue": 738245,
            "revenue_4q": null,
            "common_shares": 1070412,
            "book_valuer_per_share": 30.46,
            "book_valuer_per_share_4q_avg": 31.41,
            "equity": 3267846,
            "current_ratio": 169.12,
            "debt_ratio": 44.73,
            "inventory_turnover_ratio": 0.63,
            "account_receivable_turnover_ratio": 0.93,
            "reinvestment_rate": 81.3,
            "research_to_sale_ratio": 2.72,
            "price_fair": 97.48,
            "eps_avg_yearly": 2.79,
            "eps_latest_yearly": 3.96,
            "eps_growth_yearly": 31.18
        },
        "20223": {
            "year_quarter": 20223,
            "year": 2022,
            "quarter": 3,
            "eps": 0.9,
            "eps_growth_year": -37.06,
            "eps_4q": 4.29,
            "eps_4q_growth_year": 8.07,
            "roe": 2.94,
            "roe_4q": 13.61,
            "gross_profit": 166434,
            "gross_margin": 22.19,
            "gross_margin_4q_avg": 26.43,
            "net_income": 96730,
            "net_income_4q": null,
            "revenue": 749979,
            "revenue_4q": null,
            "common_shares": 1070412,
            "book_valuer_per_share": 30.97,
            "book_valuer_per_share_4q_avg": 31.52,
            "equity": 3322337,
            "current_ratio": 199.9,
            "debt_ratio": 42.63,
            "inventory_turnover_ratio": 0.66,
            "account_receivable_turnover_ratio": 0.97,
            "reinvestment_rate": 81.26,
            "research_to_sale_ratio": 2.82,
            "price_fair": 97.18,
            "eps_avg_yearly": 2.86,
            "eps_latest_yearly": 3.6,
            "eps_growth_yearly": 24.01
        },
        "20224": {
            "year_quarter": 20224,
            "year": 2022,
            "quarter": 4,
            "eps": -0.46,
            "eps_growth_year": -134.47,
            "eps_4q": 2.5,
            "eps_4q_growth_year": -47.54,
            "roe": -1.47,
            "roe_4q": 7.9399999999999995,
            "gross_profit": 70677,
            "gross_margin": 11.48,
            "gross_margin_4q_avg": 21.46,
            "net_income": -49381,
            "net_income_4q": null,
            "revenue": 615722,
            "revenue_4q": null,
            "common_shares": 1070412,
            "book_valuer_per_share": 31.66,
            "book_valuer_per_share_4q_avg": 31.2,
            "equity": 3397029,
            "current_ratio": 227.1,
            "debt_ratio": 42.32,
            "inventory_turnover_ratio": 0.71,
            "account_receivable_turnover_ratio": 0.83,
            "reinvestment_rate": 90.87,
            "research_to_sale_ratio": 2.48,
            "price_fair": 103.6,
            "eps_avg_yearly": 2.96,
            "eps_latest_yearly": 3.6,
            "eps_growth_yearly": 37.85
        },
        "20231": {
            "year_quarter": 20231,
            "year": 2023,
            "quarter": 1,
            "eps": -0.09,
            "eps_growth_year": -108.41,
            "eps_4q": 1.34,
            "eps_4q_growth_year": -73.58,
            "roe": -0.28,
            "roe_4q": 4.359999999999999,
            "gross_profit": 67750,
            "gross_margin": 12.34,
            "gross_margin_4q_avg": 17.98,
            "net_income": -9570,
            "net_income_4q": null,
            "revenue": 548968,
            "revenue_4q": null,
            "common_shares": 1070412,
            "book_valuer_per_share": 31.43,
            "book_valuer_per_share_4q_avg": 31.13,
            "equity": 3372499,
            "current_ratio": 221.91,
            "debt_ratio": 43.01,
            "inventory_turnover_ratio": 0.73,
            "account_receivable_turnover_ratio": 0.85,
            "reinvestment_rate": 93.05,
            "research_to_sale_ratio": 2.84,
            "price_fair": 108.1,
            "eps_avg_yearly": 3.09,
            "eps_latest_yearly": 3.6,
            "eps_growth_yearly": 44.02
        },
        "20232": {
            "year_quarter": 20232,
            "year": 2023,
            "quarter": 2,
            "eps": 0.43,
            "eps_growth_year": -56.57,
            "eps_4q": 0.78,
            "eps_4q_growth_year": -83.75,
            "roe": 1.37,
            "roe_4q": 2.56,
            "gross_profit": 94447,
            "gross_margin": 14.1,
            "gross_margin_4q_avg": 15.03,
            "net_income": 46246,
            "net_income_4q": null,
            "revenue": 669975,
            "revenue_4q": null,
            "common_shares": 1070412,
            "book_valuer_per_share": 31.47,
            "book_valuer_per_share_4q_avg": 31.38,
            "equity": 3375801,
            "current_ratio": 220.58,
            "debt_ratio": 44.21,
            "inventory_turnover_ratio": 0.98,
            "account_receivable_turnover_ratio": 1.04,
            "reinvestment_rate": 80.64,
            "research_to_sale_ratio": 2.35,
            "price_fair": 113.18,
            "eps_avg_yearly": 3.23,
            "eps_latest_yearly": 3.6,
            "eps_growth_yearly": 46.34
        },
        "20233": {
            "year_quarter": 20233,
            "year": 2023,
            "quarter": 3,
            "eps": 0.41,
            "eps_growth_year": -54.44,
            "eps_4q": 0.29,
            "eps_4q_growth_year": -93.26,
            "roe": 1.27,
            "roe_4q": 0.8900000000000003,
            "gross_profit": 145173,
            "gross_margin": 19.71,
            "gross_margin_4q_avg": 14.41,
            "net_income": 43728,
            "net_income_4q": null,
            "revenue": 736549,
            "revenue_4q": null,
            "common_shares": 1070412,
            "book_valuer_per_share": 32.53,
            "book_valuer_per_share_4q_avg": 31.77,
            "equity": 3489497,
            "current_ratio": 219.98,
            "debt_ratio": 43.6,
            "inventory_turnover_ratio": 1.18,
            "account_receivable_turnover_ratio": 1.02,
            "reinvestment_rate": 77.45,
            "research_to_sale_ratio": 3.11,
            "price_fair": 113.29,
            "eps_avg_yearly": 3.24,
            "eps_latest_yearly": 1.64,
            "eps_growth_yearly": 34.65
        }
    },
    "months": {
        "2004-08": {
            "month": "2004-08",
            "price": "15.38",
            "revenue": 137829
        },
        "2004-11": {
            "month": "2004-11",
            "price": "15.55",
            "revenue": 206696
        },
        "2004-12": {
            "month": "2004-12",
            "price": "12.22",
            "revenue": 174460
        },
        "2005-01": {
            "month": "2005-01",
            "price": "10.58",
            "revenue": 185464
        },
        "2005-02": {
            "month": "2005-02",
            "price": "11.13",
            "revenue": 149463
        },
        "2005-03": {
            "month": "2005-03",
            "price": "13.74",
            "revenue": 178443
        },
        "2005-04": {
            "month": "2005-04",
            "price": "16.29",
            "revenue": 184370
        },
        "2005-05": {
            "month": "2005-05",
            "price": "15.09",
            "revenue": 191200
        },
        "2005-06": {
            "month": "2005-06",
            "price": "17.76",
            "revenue": 208134
        },
        "2005-07": {
            "month": "2005-07",
            "price": "19.30",
            "revenue": 223980
        },
        "2005-08": {
            "month": "2005-08",
            "price": "20.51",
            "revenue": 244902
        },
        "2005-09": {
            "month": "2005-09",
            "price": "21.02",
            "revenue": 293007
        },
        "2005-10": {
            "month": "2005-10",
            "price": "21.44",
            "revenue": 290189
        },
        "2005-11": {
            "month": "2005-11",
            "price": "22.35",
            "revenue": 258882
        },
        "2005-12": {
            "month": "2005-12",
            "price": "25.58",
            "revenue": 243841
        },
        "2006-01": {
            "month": "2006-01",
            "price": "30.33",
            "revenue": 247743
        },
        "2006-02": {
            "month": "2006-02",
            "price": "29.77",
            "revenue": 208226
        },
        "2006-03": {
            "month": "2006-03",
            "price": "28.35",
            "revenue": 241301
        },
        "2006-04": {
            "month": "2006-04",
            "price": "30.36",
            "revenue": 249356
        },
        "2006-05": {
            "month": "2006-05",
            "price": "32.94",
            "revenue": 250893
        },
        "2006-06": {
            "month": "2006-06",
            "price": "27.01",
            "revenue": 245538
        },
        "2006-07": {
            "month": "2006-07",
            "price": "27.53",
            "revenue": 274534
        },
        "2006-08": {
            "month": "2006-08",
            "price": "31.60",
            "revenue": 304421
        },
        "2006-09": {
            "month": "2006-09",
            "price": "31.93",
            "revenue": 302192
        },
        "2006-10": {
            "month": "2006-10",
            "price": "31.71",
            "revenue": 332902
        },
        "2006-11": {
            "month": "2006-11",
            "price": "33.52",
            "revenue": 308918
        },
        "2006-12": {
            "month": "2006-12",
            "price": "33.15",
            "revenue": 273858
        },
        "2007-01": {
            "month": "2007-01",
            "price": "34.92",
            "revenue": 305461
        },
        "2007-02": {
            "month": "2007-02",
            "price": "33.30",
            "revenue": 260005
        },
        "2007-03": {
            "month": "2007-03",
            "price": "32.69",
            "revenue": 328494
        },
        "2007-04": {
            "month": "2007-04",
            "price": "35.34",
            "revenue": 320019
        },
        "2007-05": {
            "month": "2007-05",
            "price": "34.46",
            "revenue": 328338
        },
        "2007-06": {
            "month": "2007-06",
            "price": "41.97",
            "revenue": 305130
        },
        "2007-07": {
            "month": "2007-07",
            "price": "45.50",
            "revenue": 333975
        },
        "2007-08": {
            "month": "2007-08",
            "price": "36.98",
            "revenue": 361472
        },
        "2007-09": {
            "month": "2007-09",
            "price": "38.68",
            "revenue": 382831
        },
        "2007-10": {
            "month": "2007-10",
            "price": "38.00",
            "revenue": 400684
        },
        "2007-11": {
            "month": "2007-11",
            "price": "33.25",
            "revenue": 366613
        },
        "2007-12": {
            "month": "2007-12",
            "price": "29.01",
            "revenue": 321394
        },
        "2008-01": {
            "month": "2008-01",
            "price": "26.12",
            "revenue": 351870
        },
        "2008-02": {
            "month": "2008-02",
            "price": "26.42",
            "revenue": 264200
        },
        "2008-03": {
            "month": "2008-03",
            "price": "29.10",
            "revenue": 286694
        },
        "2008-04": {
            "month": "2008-04",
            "price": "31.11",
            "revenue": 297748
        },
        "2008-05": {
            "month": "2008-05",
            "price": "32.03",
            "revenue": 287404
        },
        "2008-06": {
            "month": "2008-06",
            "price": "28.90",
            "revenue": 302990
        },
        "2008-07": {
            "month": "2008-07",
            "price": "25.68",
            "revenue": 389495
        },
        "2008-08": {
            "month": "2008-08",
            "price": "27.64",
            "revenue": 429419
        },
        "2008-09": {
            "month": "2008-09",
            "price": "24.53",
            "revenue": 438276
        },
        "2008-10": {
            "month": "2008-10",
            "price": "20.38",
            "revenue": 390572
        },
        "2008-11": {
            "month": "2008-11",
            "price": "15.84",
            "revenue": 252283
        },
        "2008-12": {
            "month": "2008-12",
            "price": "13.94",
            "revenue": 201517
        },
        "2009-01": {
            "month": "2009-01",
            "price": "14.47",
            "revenue": 162981
        },
        "2009-02": {
            "month": "2009-02",
            "price": "14.37",
            "revenue": 205156
        },
        "2009-03": {
            "month": "2009-03",
            "price": "16.94",
            "revenue": 288513
        },
        "2009-04": {
            "month": "2009-04",
            "price": "19.05",
            "revenue": 317247
        },
        "2009-05": {
            "month": "2009-05",
            "price": "19.08",
            "revenue": 319062
        },
        "2009-06": {
            "month": "2009-06",
            "price": "17.99",
            "revenue": 358416
        },
        "2009-07": {
            "month": "2009-07",
            "price": "19.03",
            "revenue": 374115
        },
        "2009-08": {
            "month": "2009-08",
            "price": "19.20",
            "revenue": 372144
        },
        "2009-09": {
            "month": "2009-09",
            "price": "20.55",
            "revenue": 413234
        },
        "2009-10": {
            "month": "2009-10",
            "price": "22.86",
            "revenue": 419736
        },
        "2009-11": {
            "month": "2009-11",
            "price": "21.87",
            "revenue": 417453
        },
        "2009-12": {
            "month": "2009-12",
            "price": "24.56",
            "revenue": 388516
        },
        "2010-01": {
            "month": "2010-01",
            "price": "25.15",
            "revenue": 390810
        },
        "2010-02": {
            "month": "2010-02",
            "price": "23.57",
            "revenue": 326196
        },
        "2010-03": {
            "month": "2010-03",
            "price": "26.11",
            "revenue": 417191
        },
        "2010-04": {
            "month": "2010-04",
            "price": "27.68",
            "revenue": 409767
        },
        "2010-05": {
            "month": "2010-05",
            "price": "24.91",
            "revenue": 423915
        },
        "2010-06": {
            "month": "2010-06",
            "price": "25.31",
            "revenue": 458077
        },
        "2010-07": {
            "month": "2010-07",
            "price": "27.29",
            "revenue": 480599
        },
        "2010-08": {
            "month": "2010-08",
            "price": "27.04",
            "revenue": 476168
        },
        "2010-09": {
            "month": "2010-09",
            "price": "30.68",
            "revenue": 518136
        },
        "2010-10": {
            "month": "2010-10",
            "price": "29.39",
            "revenue": 495078
        },
        "2010-11": {
            "month": "2010-11",
            "price": "25.07",
            "revenue": 508996
        },
        "2010-12": {
            "month": "2010-12",
            "price": "25.94",
            "revenue": 451487
        },
        "2011-01": {
            "month": "2011-01",
            "price": "26.39",
            "revenue": 475279
        },
        "2011-02": {
            "month": "2011-02",
            "price": "25.30",
            "revenue": 362325
        },
        "2011-03": {
            "month": "2011-03",
            "price": "25.63",
            "revenue": 575508
        },
        "2011-04": {
            "month": "2011-04",
            "price": "25.26",
            "revenue": 503696
        },
        "2011-05": {
            "month": "2011-05",
            "price": "22.81",
            "revenue": 481006
        },
        "2011-06": {
            "month": "2011-06",
            "price": "22.04",
            "revenue": 471785
        },
        "2011-07": {
            "month": "2011-07",
            "price": "20.19",
            "revenue": 433620
        },
        "2011-08": {
            "month": "2011-08",
            "price": "15.93",
            "revenue": 389035
        },
        "2011-09": {
            "month": "2011-09",
            "price": "14.88",
            "revenue": 398055
        },
        "2011-10": {
            "month": "2011-10",
            "price": "14.99",
            "revenue": 306970
        },
        "2011-11": {
            "month": "2011-11",
            "price": "14.30",
            "revenue": 303966
        },
        "2011-12": {
            "month": "2011-12",
            "price": "13.00",
            "revenue": 305961
        },
        "2012-01": {
            "month": "2012-01",
            "price": "13.24",
            "revenue": 225528
        },
        "2012-02": {
            "month": "2012-02",
            "price": "15.50",
            "revenue": 288058
        },
        "2012-03": {
            "month": "2012-03",
            "price": "15.73",
            "revenue": 296188
        },
        "2012-04": {
            "month": "2012-04",
            "price": "13.87",
            "revenue": 268675
        },
        "2012-05": {
            "month": "2012-05",
            "price": "12.75",
            "revenue": 300291
        },
        "2012-06": {
            "month": "2012-06",
            "price": "12.01",
            "revenue": 268543
        },
        "2012-07": {
            "month": "2012-07",
            "price": "12.16",
            "revenue": 276793
        },
        "2012-08": {
            "month": "2012-08",
            "price": "11.55",
            "revenue": 277598
        },
        "2012-09": {
            "month": "2012-09",
            "price": "12.34",
            "revenue": 325417
        },
        "2012-10": {
            "month": "2012-10",
            "price": "12.17",
            "revenue": 267926
        },
        "2012-11": {
            "month": "2012-11",
            "price": "11.19",
            "revenue": 294618
        },
        "2012-12": {
            "month": "2012-12",
            "price": "11.44",
            "revenue": 277739
        },
        "2013-01": {
            "month": "2013-01",
            "price": "11.65",
            "revenue": 277343
        },
        "2013-02": {
            "month": "2013-02",
            "price": "11.86",
            "revenue": 208754
        },
        "2013-03": {
            "month": "2013-03",
            "price": "12.52",
            "revenue": 278583
        },
        "2013-04": {
            "month": "2013-04",
            "price": "12.88",
            "revenue": 281589
        },
        "2013-05": {
            "month": "2013-05",
            "price": "13.85",
            "revenue": 272788
        },
        "2013-06": {
            "month": "2013-06",
            "price": "12.99",
            "revenue": 259478
        },
        "2013-07": {
            "month": "2013-07",
            "price": "12.83",
            "revenue": 257060
        },
        "2013-08": {
            "month": "2013-08",
            "price": "12.80",
            "revenue": 276488
        },
        "2013-09": {
            "month": "2013-09",
            "price": "14.07",
            "revenue": 275048
        },
        "2013-10": {
            "month": "2013-10",
            "price": "13.87",
            "revenue": 268249
        },
        "2013-11": {
            "month": "2013-11",
            "price": "13.00",
            "revenue": 259043
        },
        "2013-12": {
            "month": "2013-12",
            "price": "13.95",
            "revenue": 246708
        },
        "2014-01": {
            "month": "2014-01",
            "price": "15.08",
            "revenue": 214708
        },
        "2014-02": {
            "month": "2014-02",
            "price": "15.09",
            "revenue": 193577
        },
        "2014-03": {
            "month": "2014-03",
            "price": "15.01",
            "revenue": 233552
        },
        "2014-04": {
            "month": "2014-04",
            "price": "14.92",
            "revenue": 240945
        },
        "2014-05": {
            "month": "2014-05",
            "price": "14.80",
            "revenue": 237030
        },
        "2014-06": {
            "month": "2014-06",
            "price": "15.41",
            "revenue": 235983
        },
        "2014-07": {
            "month": "2014-07",
            "price": "15.90",
            "revenue": 249931
        },
        "2014-08": {
            "month": "2014-08",
            "price": "15.78",
            "revenue": 252968
        },
        "2014-09": {
            "month": "2014-09",
            "price": "14.92",
            "revenue": 276987
        },
        "2014-10": {
            "month": "2014-10",
            "price": "15.02",
            "revenue": 267638
        },
        "2014-11": {
            "month": "2014-11",
            "price": "15.58",
            "revenue": 237855
        },
        "2014-12": {
            "month": "2014-12",
            "price": "16.14",
            "revenue": 243229
        },
        "2015-01": {
            "month": "2015-01",
            "price": "18.20",
            "revenue": 244634
        },
        "2015-02": {
            "month": "2015-02",
            "price": "18.90",
            "revenue": 159331
        },
        "2015-03": {
            "month": "2015-03",
            "price": "17.97",
            "revenue": 227567
        },
        "2015-04": {
            "month": "2015-04",
            "price": "16.82",
            "revenue": 218233
        },
        "2015-05": {
            "month": "2015-05",
            "price": "15.22",
            "revenue": 223924
        },
        "2015-06": {
            "month": "2015-06",
            "price": "13.99",
            "revenue": 231475
        },
        "2015-07": {
            "month": "2015-07",
            "price": "13.10",
            "revenue": 235340
        },
        "2015-08": {
            "month": "2015-08",
            "price": "11.31",
            "revenue": 229798
        },
        "2015-09": {
            "month": "2015-09",
            "price": "11.34",
            "revenue": 254898
        },
        "2015-10": {
            "month": "2015-10",
            "price": "12.10",
            "revenue": 278210
        },
        "2015-11": {
            "month": "2015-11",
            "price": "12.49",
            "revenue": 268592
        },
        "2015-12": {
            "month": "2015-12",
            "price": "12.52",
            "revenue": 245430
        },
        "2016-01": {
            "month": "2016-01",
            "price": "12.33",
            "revenue": 241134
        },
        "2016-02": {
            "month": "2016-02",
            "price": "13.07",
            "revenue": 177371
        },
        "2016-03": {
            "month": "2016-03",
            "price": "13.68",
            "revenue": 236704
        },
        "2016-04": {
            "month": "2016-04",
            "price": "13.42",
            "revenue": 211616
        },
        "2016-05": {
            "month": "2016-05",
            "price": "12.97",
            "revenue": 223303
        },
        "2016-06": {
            "month": "2016-06",
            "price": "13.26",
            "revenue": 232673
        },
        "2016-07": {
            "month": "2016-07",
            "price": "13.59",
            "revenue": 240620
        },
        "2016-08": {
            "month": "2016-08",
            "price": "13.09",
            "revenue": 254141
        },
        "2016-09": {
            "month": "2016-09",
            "price": "13.92",
            "revenue": 288617
        },
        "2016-10": {
            "month": "2016-10",
            "price": "14.29",
            "revenue": 290764
        },
        "2016-11": {
            "month": "2016-11",
            "price": "13.90",
            "revenue": 287904
        },
        "2016-12": {
            "month": "2016-12",
            "price": "13.90",
            "revenue": 284315
        },
        "2017-01": {
            "month": "2017-01",
            "price": "14.04",
            "revenue": 227410
        },
        "2017-02": {
            "month": "2017-02",
            "price": "14.70",
            "revenue": 212889
        },
        "2017-03": {
            "month": "2017-03",
            "price": "14.87",
            "revenue": 241694
        },
        "2017-04": {
            "month": "2017-04",
            "price": "15.20",
            "revenue": 223903
        },
        "2017-05": {
            "month": "2017-05",
            "price": "15.38",
            "revenue": 247581
        },
        "2017-06": {
            "month": "2017-06",
            "price": "15.11",
            "revenue": 245456
        },
        "2017-07": {
            "month": "2017-07",
            "price": "15.06",
            "revenue": 238126
        },
        "2017-08": {
            "month": "2017-08",
            "price": "16.50",
            "revenue": 267024
        },
        "2017-09": {
            "month": "2017-09",
            "price": "20.20",
            "revenue": 260477
        },
        "2017-10": {
            "month": "2017-10",
            "price": "19.38",
            "revenue": 248920
        },
        "2017-11": {
            "month": "2017-11",
            "price": "20.05",
            "revenue": 241332
        },
        "2017-12": {
            "month": "2017-12",
            "price": "18.83",
            "revenue": 226480
        },
        "2018-01": {
            "month": "2018-01",
            "price": "19.38",
            "revenue": 239562
        },
        "2018-02": {
            "month": "2018-02",
            "price": "18.51",
            "revenue": 166987
        },
        "2018-03": {
            "month": "2018-03",
            "price": "19.04",
            "revenue": 243402
        },
        "2018-04": {
            "month": "2018-04",
            "price": "18.75",
            "revenue": 229923
        },
        "2018-05": {
            "month": "2018-05",
            "price": "18.35",
            "revenue": 235945
        },
        "2018-06": {
            "month": "2018-06",
            "price": "19.48",
            "revenue": 222256
        },
        "2018-07": {
            "month": "2018-07",
            "price": "18.13",
            "revenue": 241870
        },
        "2018-08": {
            "month": "2018-08",
            "price": "17.40",
            "revenue": 249578
        },
        "2018-09": {
            "month": "2018-09",
            "price": "16.68",
            "revenue": 250534
        },
        "2018-10": {
            "month": "2018-10",
            "price": "14.87",
            "revenue": 245237
        },
        "2018-11": {
            "month": "2018-11",
            "price": "15.66",
            "revenue": 232492
        },
        "2018-12": {
            "month": "2018-12",
            "price": "16.78",
            "revenue": 200126
        },
        "2019-01": {
            "month": "2019-01",
            "price": "16.73",
            "revenue": 210627
        },
        "2019-02": {
            "month": "2019-02",
            "price": "17.29",
            "revenue": 160006
        },
        "2019-03": {
            "month": "2019-03",
            "price": "17.83",
            "revenue": 205952
        },
        "2019-04": {
            "month": "2019-04",
            "price": "19.12",
            "revenue": 190234
        },
        "2019-05": {
            "month": "2019-05",
            "price": "18.46",
            "revenue": 210682
        },
        "2019-06": {
            "month": "2019-06",
            "price": "18.05",
            "revenue": 208492
        },
        "2019-07": {
            "month": "2019-07",
            "price": "19.90",
            "revenue": 230191
        },
        "2019-08": {
            "month": "2019-08",
            "price": "21.04",
            "revenue": 230141
        },
        "2019-09": {
            "month": "2019-09",
            "price": "21.63",
            "revenue": 250180
        },
        "2019-10": {
            "month": "2019-10",
            "price": "21.34",
            "revenue": 248652
        },
        "2019-11": {
            "month": "2019-11",
            "price": "20.95",
            "revenue": 238222
        },
        "2019-12": {
            "month": "2019-12",
            "price": "31.38",
            "revenue": 246746
        },
        "2020-01": {
            "month": "2020-01",
            "price": "28.33",
            "revenue": 193235
        },
        "2020-02": {
            "month": "2020-02",
            "price": "27.70",
            "revenue": 180892
        },
        "2020-03": {
            "month": "2020-03",
            "price": "22.97",
            "revenue": 248777
        },
        "2020-04": {
            "month": "2020-04",
            "price": "26.04",
            "revenue": 240359
        },
        "2020-05": {
            "month": "2020-05",
            "price": "29.21",
            "revenue": 238386
        },
        "2020-06": {
            "month": "2020-06",
            "price": "29.00",
            "revenue": 243720
        },
        "2020-07": {
            "month": "2020-07",
            "price": "29.00",
            "revenue": 278473
        },
        "2020-08": {
            "month": "2020-08",
            "price": "28.89",
            "revenue": 270522
        },
        "2020-09": {
            "month": "2020-09",
            "price": "27.83",
            "revenue": 279541
        },
        "2020-10": {
            "month": "2020-10",
            "price": "26.72",
            "revenue": 267741
        },
        "2020-11": {
            "month": "2020-11",
            "price": "27.17",
            "revenue": 295301
        },
        "2020-12": {
            "month": "2020-12",
            "price": "29.45",
            "revenue": 283055
        },
        "2021-01": {
            "month": "2021-01",
            "price": "28.48",
            "revenue": 300336
        },
        "2021-02": {
            "month": "2021-02",
            "price": "28.72",
            "revenue": 220408
        },
        "2021-03": {
            "month": "2021-03",
            "price": "31.57",
            "revenue": 289855
        },
        "2021-04": {
            "month": "2021-04",
            "price": "36.28",
            "revenue": 297239
        },
        "2021-05": {
            "month": "2021-05",
            "price": "33.16",
            "revenue": 325202
        },
        "2021-06": {
            "month": "2021-06",
            "price": "43.73",
            "revenue": 301063
        },
        "2021-07": {
            "month": "2021-07",
            "price": "50.48",
            "revenue": 294390
        },
        "2021-08": {
            "month": "2021-08",
            "price": "47.81",
            "revenue": 333978
        },
        "2021-09": {
            "month": "2021-09",
            "price": "48.62",
            "revenue": 302056
        },
        "2021-10": {
            "month": "2021-10",
            "price": "42.71",
            "revenue": 318747
        },
        "2021-11": {
            "month": "2021-11",
            "price": "52.49",
            "revenue": 291834
        },
        "2021-12": {
            "month": "2021-12",
            "price": "56.17",
            "revenue": 323555
        },
        "2022-01": {
            "month": "2022-01",
            "price": "52.08",
            "revenue": 298889
        },
        "2022-02": {
            "month": "2022-02",
            "price": "49.63",
            "revenue": 223759
        },
        "2022-03": {
            "month": "2022-03",
            "price": "49.32",
            "revenue": 255000
        },
        "2022-04": {
            "month": "2022-04",
            "price": "45.56",
            "revenue": 248616
        },
        "2022-05": {
            "month": "2022-05",
            "price": "43.03",
            "revenue": 261906
        },
        "2022-06": {
            "month": "2022-06",
            "price": "42.45",
            "revenue": 227724
        },
        "2022-07": {
            "month": "2022-07",
            "price": "37.85",
            "revenue": 251344
        },
        "2022-08": {
            "month": "2022-08",
            "price": "36.81",
            "revenue": 247246
        },
        "2022-09": {
            "month": "2022-09",
            "price": "34.65",
            "revenue": 251388
        },
        "2022-10": {
            "month": "2022-10",
            "price": "29.62",
            "revenue": 213911
        },
        "2022-11": {
            "month": "2022-11",
            "price": "31.39",
            "revenue": 200456
        },
        "2022-12": {
            "month": "2022-12",
            "price": "31.32",
            "revenue": 201355
        },
        "2023-01": {
            "month": "2023-01",
            "price": "31.27",
            "revenue": 177670
        },
        "2023-02": {
            "month": "2023-02",
            "price": "33.59",
            "revenue": 159959
        },
        "2023-03": {
            "month": "2023-03",
            "price": "33.50",
            "revenue": 211339
        },
        "2023-04": {
            "month": "2023-04",
            "price": "31.60",
            "revenue": 214106
        },
        "2023-05": {
            "month": "2023-05",
            "price": "30.25",
            "revenue": 229714
        },
        "2023-06": {
            "month": "2023-06",
            "price": "30.65",
            "revenue": 226156
        },
        "2023-07": {
            "month": "2023-07",
            "price": "30.48",
            "revenue": 207919
        },
        "2023-08": {
            "month": "2023-08",
            "price": "29.79",
            "revenue": 248526
        },
        "2023-09": {
            "month": "2023-09",
            "price": "30.88",
            "revenue": 280103
        },
        "2023-10": {
            "month": "2023-10",
            "price": "31.13",
            "revenue": 241915
        },
        "2023-11": {
            "month": "2023-11",
            "price": "31.36",
            "revenue": 287143
        }
    }
}
