{
    "summary": {
        "stock_name": "精星",
        "stock_id": "8183",
        "category": "其他電子",
        "main_business": "CC01080電子零組件製造業。<br>CC01050資料儲存及處理設備製造業。<br>一般進出口貿易 (許可業務除外)。",
        "website_url": "http://www.psaitc.com",
        "ceo": "劉貞佑",
        "pe_ratio": 12,
        "report_year_from": 2001,
        "report_year_to": 2023,
        "age": 23,
        "eps_negative_percentage": 30,
        "eps_growth_avg": {
            "last_all": -11.64,
            "last_2y": 29.95,
            "last_4y": 26.31,
            "last_8y": 7.18,
            "last_12y": -4.73,
            "last_16y": -9.07,
            "last_20y": null,
            "at_2006_last_3y": null,
            "at_2007_last_3y": null,
            "at_2008_last_3y": -27.19,
            "at_2009_last_3y": -46.78,
            "at_2010_last_3y": -28.57,
            "at_2011_last_3y": -100,
            "at_2012_last_3y": -100,
            "at_2013_last_3y": -100,
            "at_2014_last_3y": -100,
            "at_2015_last_3y": -100,
            "at_2016_last_3y": -100,
            "at_2017_last_3y": -26.21,
            "at_2018_last_3y": -24.71,
            "at_2019_last_3y": 12.82,
            "at_2020_last_3y": 16.89,
            "at_2021_last_3y": 30,
            "at_2022_last_3y": 44.34,
            "at_2023_last_3y": 29.74,
            "at_2024_last_3y": 29.74,
            "at_2006_last_all": -25.81,
            "at_2007_last_all": -2.92,
            "at_2008_last_all": -27.19,
            "at_2009_last_all": -27.19,
            "at_2010_last_all": -27.19,
            "at_2011_last_all": -41.75,
            "at_2012_last_all": -41.75,
            "at_2013_last_all": -41.75,
            "at_2014_last_all": -41.75,
            "at_2015_last_all": -51.46,
            "at_2016_last_all": -51.46,
            "at_2017_last_all": -37.31,
            "at_2018_last_all": -35.36,
            "at_2019_last_all": -30.03,
            "at_2020_last_all": -24.12,
            "at_2021_last_all": -12.84,
            "at_2022_last_all": -8.79,
            "at_2023_last_all": -11.64,
            "at_2024_last_all": -11.64
        },
        "latest_eps": 4.52,
        "latest_price": 52.7,
        "latest_roe": 18.19,
        "latest_gross_margin": 17.62,
        "latest_equity": 3177833,
        "latest_revenue": 1802224,
        "latest_gross_profit": 317488,
        "latest_net_income": 145150,
        "latest_debt_ratio": 51.35,
        "latest_current_ratio": 161.29,
        "latest_account_receivable_turnover_ratio": 0.54,
        "latest_inventory_turnover_ratio": 1.68,
        "latest_reinvestment_rate": 11.21,
        "latest_research_to_sale_ratio": 3.72
    },
    "eps_dividends": {
        "2001": {
            "cash": 0,
            "stock": 0,
            "eps": 0
        },
        "2002": {
            "cash": 0,
            "stock": 0,
            "eps": 0
        },
        "2003": {
            "cash": 0,
            "stock": 0,
            "eps": 0
        },
        "2004": {
            "cash": 0.6,
            "stock": 0.6,
            "eps": 0.95
        },
        "2005": {
            "cash": 0.33,
            "stock": 0,
            "eps": 1.25
        },
        "2006": {
            "cash": 0.8,
            "stock": 0,
            "eps": 0.21
        },
        "2007": {
            "cash": 0.33,
            "stock": 0,
            "eps": 0.3
        },
        "2008": {
            "cash": 0.28,
            "stock": 0,
            "eps": -2.65
        },
        "2009": {
            "cash": 0,
            "stock": 0,
            "eps": -2.18
        },
        "2010": {
            "cash": 0,
            "stock": 0,
            "eps": 0.25
        },
        "2011": {
            "cash": 0,
            "stock": 0,
            "eps": -0.21
        },
        "2012": {
            "cash": 0,
            "stock": 0,
            "eps": -0.34
        },
        "2013": {
            "cash": 0,
            "stock": 0,
            "eps": -0.28
        },
        "2014": {
            "cash": 0,
            "stock": 0,
            "eps": 0.51
        },
        "2015": {
            "cash": 0.25,
            "stock": 0,
            "eps": -0.68
        },
        "2016": {
            "cash": 0,
            "stock": 0,
            "eps": 1.03
        },
        "2017": {
            "cash": 0.3,
            "stock": 0,
            "eps": 1.52
        },
        "2018": {
            "cash": 0.4,
            "stock": 0,
            "eps": 1.19
        },
        "2019": {
            "cash": 0.4,
            "stock": 0,
            "eps": 1.34
        },
        "2020": {
            "cash": 0.45,
            "stock": 0,
            "eps": 1.73
        },
        "2021": {
            "cash": 0.8,
            "stock": 0,
            "eps": 4.15
        },
        "2022": {
            "cash": 1.25,
            "stock": 0,
            "eps": 5.63
        },
        "2023": {
            "cash": 1.9,
            "stock": 0,
            "eps": 3.05
        }
    },
    "dividends": {
        "2004-02-25": {
            "cash": 0.6,
            "stock": 0.6
        },
        "2005-03-08": {
            "cash": 0.33,
            "stock": 0
        },
        "2006-03-02": {
            "cash": 0.8,
            "stock": 0
        },
        "2007-04-27": {
            "cash": 0.33,
            "stock": 0
        },
        "2008-03-04": {
            "cash": 0.28,
            "stock": 0
        },
        "2015-08-26": {
            "cash": 0.25,
            "stock": 0
        },
        "2017-09-04": {
            "cash": 0.3,
            "stock": 0
        },
        "2018-08-30": {
            "cash": 0.4,
            "stock": 0
        },
        "2019-08-30": {
            "cash": 0.4,
            "stock": 0
        },
        "2020-08-28": {
            "cash": 0.45,
            "stock": 0
        },
        "2021-08-30": {
            "cash": 0.8,
            "stock": 0
        },
        "2022-09-02": {
            "cash": 1.25,
            "stock": 0
        },
        "2023-08-18": {
            "cash": 1.9,
            "stock": 0
        }
    },
    "prices": {
        "200101": "無",
        "200102": "無",
        "200103": "無",
        "200104": "無",
        "200105": "無",
        "200106": "無",
        "200107": "無",
        "200108": "無",
        "200109": "無",
        "200110": "無",
        "200111": "無",
        "200112": "無",
        "200201": "無",
        "200202": "無",
        "200203": "無",
        "200204": "無",
        "200205": "無",
        "200206": "無",
        "200207": "無",
        "200208": "無",
        "200209": "無",
        "200210": "無",
        "200211": "無",
        "200212": "無",
        "200301": "無",
        "200302": "無",
        "200303": "無",
        "200304": "無",
        "200305": "無",
        "200306": "無",
        "200307": "無",
        "200308": "無",
        "200309": "無",
        "200310": "無",
        "200311": "無",
        "200312": "無",
        "200401": "無",
        "200402": "23.50",
        "200403": "23.91",
        "200404": "23.54",
        "200405": "22.77",
        "200406": "17.14",
        "200407": "14.23",
        "200408": "12.88",
        "200409": "12.44",
        "200410": "11.59",
        "200411": "11.50",
        "200412": "10.10",
        "200501": "10.20",
        "200502": "10.41",
        "200503": "10.60",
        "200504": "10.46",
        "200505": "11.76",
        "200506": "12.20",
        "200507": "14.22",
        "200508": "13.34",
        "200509": "12.37",
        "200510": "11.99",
        "200511": "10.80",
        "200512": "11.69",
        "200601": "14.99",
        "200602": "15.34",
        "200603": "13.77",
        "200604": "14.17",
        "200605": "12.46",
        "200606": "10.55",
        "200607": "9.19",
        "200608": "8.54",
        "200609": "7.59",
        "200610": "8.09",
        "200611": "9.17",
        "200612": "10.89",
        "200701": "10.78",
        "200702": "10.20",
        "200703": "10.19",
        "200704": "12.50",
        "200705": "13.18",
        "200706": "14.45",
        "200707": "16.85",
        "200708": "15.87",
        "200709": "15.03",
        "200710": "13.63",
        "200711": "12.44",
        "200712": "11.60",
        "200801": "10.94",
        "200802": "11.66",
        "200803": "13.97",
        "200804": "14.35",
        "200805": "11.96",
        "200806": "8.82",
        "200807": "6.96",
        "200808": "6.85",
        "200809": "4.90",
        "200810": "4.35",
        "200811": "4.15",
        "200812": "3.80",
        "200901": "3.77",
        "200902": "3.59",
        "200903": "4.35",
        "200904": "5.84",
        "200905": "5.25",
        "200906": "5.90",
        "200907": "7.14",
        "200908": "7.29",
        "200909": "7.88",
        "200910": "8.34",
        "200911": "9.71",
        "200912": "11.23",
        "201001": "13.70",
        "201002": "11.34",
        "201003": "12.98",
        "201004": "13.08",
        "201005": "10.96",
        "201006": "10.36",
        "201007": "10.62",
        "201008": "10.46",
        "201009": "10.12",
        "201010": "9.38",
        "201011": "8.10",
        "201012": "8.92",
        "201101": "8.84",
        "201102": "8.29",
        "201103": "7.92",
        "201104": "7.78",
        "201105": "7.53",
        "201106": "7.87",
        "201107": "7.75",
        "201108": "6.59",
        "201109": "6.17",
        "201110": "5.99",
        "201111": "5.56",
        "201112": "5.58",
        "201201": "5.73",
        "201202": "6.83",
        "201203": "6.95",
        "201204": "6.23",
        "201205": "5.94",
        "201206": "5.09",
        "201207": "5.21",
        "201208": "5.48",
        "201209": "5.35",
        "201210": "5.19",
        "201211": "4.69",
        "201212": "5.08",
        "201301": "5.72",
        "201302": "6.30",
        "201303": "5.86",
        "201304": "6.38",
        "201305": "6.85",
        "201306": "6.59",
        "201307": "6.58",
        "201308": "6.28",
        "201309": "6.23",
        "201310": "6.18",
        "201311": "6.06",
        "201312": "6.28",
        "201401": "7.12",
        "201402": "8.20",
        "201403": "8.00",
        "201404": "8.08",
        "201405": "8.14",
        "201406": "9.70",
        "201407": "10.66",
        "201408": "10.09",
        "201409": "9.38",
        "201410": "8.90",
        "201411": "9.21",
        "201412": "9.20",
        "201501": "9.28",
        "201502": "9.26",
        "201503": "9.12",
        "201504": "8.80",
        "201505": "7.92",
        "201506": "7.23",
        "201507": "6.22",
        "201508": "5.23",
        "201509": "5.50",
        "201510": "5.63",
        "201511": "5.40",
        "201512": "5.22",
        "201601": "5.02",
        "201602": "5.14",
        "201603": "5.82",
        "201604": "6.87",
        "201605": "7.46",
        "201606": "8.82",
        "201607": "9.18",
        "201608": "10.16",
        "201609": "10.47",
        "201610": "10.71",
        "201611": "11.98",
        "201612": "14.00",
        "201701": "17.27",
        "201702": "23.28",
        "201703": "22.88",
        "201704": "19.37",
        "201705": "19.00",
        "201706": "20.27",
        "201707": "21.92",
        "201708": "22.35",
        "201709": "21.71",
        "201710": "25.44",
        "201711": "28.42",
        "201712": "24.68",
        "201801": "22.94",
        "201802": "21.26",
        "201803": "23.65",
        "201804": "22.52",
        "201805": "22.15",
        "201806": "25.28",
        "201807": "23.42",
        "201808": "21.15",
        "201809": "19.37",
        "201810": "15.80",
        "201811": "15.80",
        "201812": "17.94",
        "201901": "17.89",
        "201902": "18.65",
        "201903": "18.40",
        "201904": "17.68",
        "201905": "14.88",
        "201906": "14.24",
        "201907": "15.17",
        "201908": "15.14",
        "201909": "16.05",
        "201910": "15.68",
        "201911": "15.76",
        "201912": "15.84",
        "202001": "17.28",
        "202002": "18.83",
        "202003": "14.03",
        "202004": "14.17",
        "202005": "17.50",
        "202006": "17.34",
        "202007": "17.97",
        "202008": "19.01",
        "202009": "19.29",
        "202010": "18.56",
        "202011": "18.53",
        "202012": "19.15",
        "202101": "22.87",
        "202102": "26.09",
        "202103": "38.52",
        "202104": "51.47",
        "202105": "40.55",
        "202106": "44.15",
        "202107": "52.60",
        "202108": "46.55",
        "202109": "42.17",
        "202110": "40.70",
        "202111": "53.74",
        "202112": "66.15",
        "202201": "58.22",
        "202202": "55.95",
        "202203": "56.52",
        "202204": "67.44",
        "202205": "59.70",
        "202206": "63.82",
        "202207": "61.83",
        "202208": "62.96",
        "202209": "61.42",
        "202210": "55.36",
        "202211": "56.87",
        "202212": "56.00",
        "202301": "53.42",
        "202302": "56.70",
        "202303": "54.82",
        "202304": "56.00",
        "202305": "53.17",
        "202306": "52.84",
        "202307": "52.34",
        "202308": "48.08",
        "202309": "50.69",
        "202310": "51.93",
        "202311": "53.22",
        "202312": "54.26"
    },
    "quarters": {
        "20011": {
            "year_quarter": 20011,
            "year": 2001,
            "quarter": 1,
            "eps": null,
            "eps_growth_year": null,
            "eps_4q": null,
            "eps_4q_growth_year": null,
            "roe": null,
            "roe_4q": 0,
            "gross_profit": null,
            "gross_margin": null,
            "gross_margin_4q_avg": 0,
            "net_income": null,
            "net_income_4q": null,
            "revenue": null,
            "revenue_4q": null,
            "common_shares": null,
            "book_valuer_per_share": null,
            "book_valuer_per_share_4q_avg": 0,
            "equity": null,
            "current_ratio": null,
            "debt_ratio": null,
            "inventory_turnover_ratio": null,
            "account_receivable_turnover_ratio": null,
            "reinvestment_rate": null,
            "research_to_sale_ratio": null,
            "price_fair": 0,
            "eps_avg_yearly": 0,
            "eps_latest_yearly": 0,
            "eps_growth_yearly": 0
        },
        "20012": {
            "year_quarter": 20012,
            "year": 2001,
            "quarter": 2,
            "eps": null,
            "eps_growth_year": null,
            "eps_4q": null,
            "eps_4q_growth_year": null,
            "roe": null,
            "roe_4q": 0,
            "gross_profit": null,
            "gross_margin": null,
            "gross_margin_4q_avg": 0,
            "net_income": null,
            "net_income_4q": null,
            "revenue": null,
            "revenue_4q": null,
            "common_shares": null,
            "book_valuer_per_share": null,
            "book_valuer_per_share_4q_avg": 0,
            "equity": null,
            "current_ratio": null,
            "debt_ratio": null,
            "inventory_turnover_ratio": null,
            "account_receivable_turnover_ratio": null,
            "reinvestment_rate": null,
            "research_to_sale_ratio": null,
            "price_fair": 0,
            "eps_avg_yearly": 0,
            "eps_latest_yearly": 0,
            "eps_growth_yearly": 0
        },
        "20013": {
            "year_quarter": 20013,
            "year": 2001,
            "quarter": 3,
            "eps": null,
            "eps_growth_year": null,
            "eps_4q": null,
            "eps_4q_growth_year": null,
            "roe": null,
            "roe_4q": 0,
            "gross_profit": null,
            "gross_margin": null,
            "gross_margin_4q_avg": 0,
            "net_income": null,
            "net_income_4q": null,
            "revenue": null,
            "revenue_4q": null,
            "common_shares": null,
            "book_valuer_per_share": null,
            "book_valuer_per_share_4q_avg": 0,
            "equity": null,
            "current_ratio": null,
            "debt_ratio": null,
            "inventory_turnover_ratio": null,
            "account_receivable_turnover_ratio": null,
            "reinvestment_rate": null,
            "research_to_sale_ratio": null,
            "price_fair": 0,
            "eps_avg_yearly": 0,
            "eps_latest_yearly": 0,
            "eps_growth_yearly": 0
        },
        "20014": {
            "year_quarter": 20014,
            "year": 2001,
            "quarter": 4,
            "eps": null,
            "eps_growth_year": null,
            "eps_4q": null,
            "eps_4q_growth_year": null,
            "roe": null,
            "roe_4q": 0,
            "gross_profit": null,
            "gross_margin": null,
            "gross_margin_4q_avg": 0,
            "net_income": null,
            "net_income_4q": null,
            "revenue": null,
            "revenue_4q": null,
            "common_shares": 936330,
            "book_valuer_per_share": 18.14,
            "book_valuer_per_share_4q_avg": 4.54,
            "equity": 1698333,
            "current_ratio": 175.78,
            "debt_ratio": 35.89,
            "inventory_turnover_ratio": null,
            "account_receivable_turnover_ratio": null,
            "reinvestment_rate": null,
            "research_to_sale_ratio": null,
            "price_fair": 0,
            "eps_avg_yearly": 0,
            "eps_latest_yearly": 0,
            "eps_growth_yearly": 0
        },
        "20021": {
            "year_quarter": 20021,
            "year": 2002,
            "quarter": 1,
            "eps": null,
            "eps_growth_year": null,
            "eps_4q": null,
            "eps_4q_growth_year": null,
            "roe": null,
            "roe_4q": 0,
            "gross_profit": null,
            "gross_margin": null,
            "gross_margin_4q_avg": 0,
            "net_income": null,
            "net_income_4q": null,
            "revenue": null,
            "revenue_4q": null,
            "common_shares": null,
            "book_valuer_per_share": null,
            "book_valuer_per_share_4q_avg": 4.54,
            "equity": null,
            "current_ratio": null,
            "debt_ratio": null,
            "inventory_turnover_ratio": null,
            "account_receivable_turnover_ratio": null,
            "reinvestment_rate": null,
            "research_to_sale_ratio": null,
            "price_fair": 0,
            "eps_avg_yearly": 0,
            "eps_latest_yearly": 0,
            "eps_growth_yearly": 0
        },
        "20022": {
            "year_quarter": 20022,
            "year": 2002,
            "quarter": 2,
            "eps": null,
            "eps_growth_year": null,
            "eps_4q": null,
            "eps_4q_growth_year": null,
            "roe": null,
            "roe_4q": 0,
            "gross_profit": null,
            "gross_margin": null,
            "gross_margin_4q_avg": 0,
            "net_income": null,
            "net_income_4q": null,
            "revenue": null,
            "revenue_4q": null,
            "common_shares": null,
            "book_valuer_per_share": null,
            "book_valuer_per_share_4q_avg": 4.54,
            "equity": null,
            "current_ratio": null,
            "debt_ratio": null,
            "inventory_turnover_ratio": null,
            "account_receivable_turnover_ratio": null,
            "reinvestment_rate": null,
            "research_to_sale_ratio": null,
            "price_fair": 0,
            "eps_avg_yearly": 0,
            "eps_latest_yearly": 0,
            "eps_growth_yearly": 0
        },
        "20023": {
            "year_quarter": 20023,
            "year": 2002,
            "quarter": 3,
            "eps": null,
            "eps_growth_year": null,
            "eps_4q": null,
            "eps_4q_growth_year": null,
            "roe": null,
            "roe_4q": 0,
            "gross_profit": null,
            "gross_margin": null,
            "gross_margin_4q_avg": 0,
            "net_income": null,
            "net_income_4q": null,
            "revenue": null,
            "revenue_4q": null,
            "common_shares": null,
            "book_valuer_per_share": null,
            "book_valuer_per_share_4q_avg": 4.54,
            "equity": null,
            "current_ratio": null,
            "debt_ratio": null,
            "inventory_turnover_ratio": null,
            "account_receivable_turnover_ratio": null,
            "reinvestment_rate": null,
            "research_to_sale_ratio": null,
            "price_fair": 0,
            "eps_avg_yearly": 0,
            "eps_latest_yearly": 0,
            "eps_growth_yearly": 0
        },
        "20024": {
            "year_quarter": 20024,
            "year": 2002,
            "quarter": 4,
            "eps": null,
            "eps_growth_year": null,
            "eps_4q": null,
            "eps_4q_growth_year": null,
            "roe": null,
            "roe_4q": 0,
            "gross_profit": null,
            "gross_margin": null,
            "gross_margin_4q_avg": 0,
            "net_income": null,
            "net_income_4q": null,
            "revenue": null,
            "revenue_4q": null,
            "common_shares": 983259,
            "book_valuer_per_share": 16.87,
            "book_valuer_per_share_4q_avg": 4.22,
            "equity": 1658896,
            "current_ratio": 121.64,
            "debt_ratio": 44.81,
            "inventory_turnover_ratio": null,
            "account_receivable_turnover_ratio": null,
            "reinvestment_rate": null,
            "research_to_sale_ratio": null,
            "price_fair": 0,
            "eps_avg_yearly": 0,
            "eps_latest_yearly": 0,
            "eps_growth_yearly": 0
        },
        "20031": {
            "year_quarter": 20031,
            "year": 2003,
            "quarter": 1,
            "eps": null,
            "eps_growth_year": null,
            "eps_4q": null,
            "eps_4q_growth_year": null,
            "roe": null,
            "roe_4q": 0,
            "gross_profit": null,
            "gross_margin": null,
            "gross_margin_4q_avg": 0,
            "net_income": null,
            "net_income_4q": null,
            "revenue": null,
            "revenue_4q": null,
            "common_shares": null,
            "book_valuer_per_share": null,
            "book_valuer_per_share_4q_avg": 4.22,
            "equity": null,
            "current_ratio": null,
            "debt_ratio": null,
            "inventory_turnover_ratio": null,
            "account_receivable_turnover_ratio": null,
            "reinvestment_rate": null,
            "research_to_sale_ratio": null,
            "price_fair": 0,
            "eps_avg_yearly": 0,
            "eps_latest_yearly": 0,
            "eps_growth_yearly": 0
        },
        "20032": {
            "year_quarter": 20032,
            "year": 2003,
            "quarter": 2,
            "eps": null,
            "eps_growth_year": null,
            "eps_4q": null,
            "eps_4q_growth_year": null,
            "roe": null,
            "roe_4q": 0,
            "gross_profit": null,
            "gross_margin": null,
            "gross_margin_4q_avg": 0,
            "net_income": null,
            "net_income_4q": null,
            "revenue": null,
            "revenue_4q": null,
            "common_shares": null,
            "book_valuer_per_share": null,
            "book_valuer_per_share_4q_avg": 4.22,
            "equity": null,
            "current_ratio": null,
            "debt_ratio": null,
            "inventory_turnover_ratio": null,
            "account_receivable_turnover_ratio": null,
            "reinvestment_rate": null,
            "research_to_sale_ratio": null,
            "price_fair": 0,
            "eps_avg_yearly": 0,
            "eps_latest_yearly": 0,
            "eps_growth_yearly": 0
        },
        "20033": {
            "year_quarter": 20033,
            "year": 2003,
            "quarter": 3,
            "eps": null,
            "eps_growth_year": null,
            "eps_4q": null,
            "eps_4q_growth_year": null,
            "roe": null,
            "roe_4q": 0,
            "gross_profit": null,
            "gross_margin": null,
            "gross_margin_4q_avg": 0,
            "net_income": null,
            "net_income_4q": null,
            "revenue": null,
            "revenue_4q": null,
            "common_shares": null,
            "book_valuer_per_share": null,
            "book_valuer_per_share_4q_avg": 4.22,
            "equity": null,
            "current_ratio": null,
            "debt_ratio": null,
            "inventory_turnover_ratio": null,
            "account_receivable_turnover_ratio": null,
            "reinvestment_rate": null,
            "research_to_sale_ratio": null,
            "price_fair": 0,
            "eps_avg_yearly": 0,
            "eps_latest_yearly": 0,
            "eps_growth_yearly": 0
        },
        "20034": {
            "year_quarter": 20034,
            "year": 2003,
            "quarter": 4,
            "eps": null,
            "eps_growth_year": null,
            "eps_4q": null,
            "eps_4q_growth_year": null,
            "roe": null,
            "roe_4q": 0,
            "gross_profit": null,
            "gross_margin": null,
            "gross_margin_4q_avg": 0,
            "net_income": null,
            "net_income_4q": null,
            "revenue": null,
            "revenue_4q": null,
            "common_shares": 983259,
            "book_valuer_per_share": 18.38,
            "book_valuer_per_share_4q_avg": 4.6,
            "equity": 1807083,
            "current_ratio": 119.98,
            "debt_ratio": 55.71,
            "inventory_turnover_ratio": null,
            "account_receivable_turnover_ratio": null,
            "reinvestment_rate": null,
            "research_to_sale_ratio": null,
            "price_fair": 0,
            "eps_avg_yearly": 0,
            "eps_latest_yearly": 0,
            "eps_growth_yearly": 0
        },
        "20041": {
            "year_quarter": 20041,
            "year": 2004,
            "quarter": 1,
            "eps": 0.37,
            "eps_growth_year": null,
            "eps_4q": null,
            "eps_4q_growth_year": null,
            "roe": 2,
            "roe_4q": 2,
            "gross_profit": 105215,
            "gross_margin": 7.3,
            "gross_margin_4q_avg": 1.83,
            "net_income": 36310,
            "net_income_4q": null,
            "revenue": 1442222,
            "revenue_4q": null,
            "common_shares": 983259,
            "book_valuer_per_share": 18.5,
            "book_valuer_per_share_4q_avg": 9.22,
            "equity": 1818853,
            "current_ratio": 125.13,
            "debt_ratio": 48.56,
            "inventory_turnover_ratio": 1.67,
            "account_receivable_turnover_ratio": null,
            "reinvestment_rate": null,
            "research_to_sale_ratio": null,
            "price_fair": 0,
            "eps_avg_yearly": 0,
            "eps_latest_yearly": 0,
            "eps_growth_yearly": 0
        },
        "20042": {
            "year_quarter": 20042,
            "year": 2004,
            "quarter": 2,
            "eps": 0.31,
            "eps_growth_year": null,
            "eps_4q": null,
            "eps_4q_growth_year": null,
            "roe": 1.78,
            "roe_4q": 3.7800000000000002,
            "gross_profit": 97425,
            "gross_margin": 7.11,
            "gross_margin_4q_avg": 3.6,
            "net_income": 32308,
            "net_income_4q": null,
            "revenue": 1371028,
            "revenue_4q": null,
            "common_shares": 983259,
            "book_valuer_per_share": 18.36,
            "book_valuer_per_share_4q_avg": 13.81,
            "equity": 1805127,
            "current_ratio": 129.16,
            "debt_ratio": 52.74,
            "inventory_turnover_ratio": 1.65,
            "account_receivable_turnover_ratio": null,
            "reinvestment_rate": null,
            "research_to_sale_ratio": null,
            "price_fair": 3.72,
            "eps_avg_yearly": 1.24,
            "eps_latest_yearly": 1.24,
            "eps_growth_yearly": -64.86
        },
        "20043": {
            "year_quarter": 20043,
            "year": 2004,
            "quarter": 3,
            "eps": 0.13,
            "eps_growth_year": null,
            "eps_4q": null,
            "eps_4q_growth_year": null,
            "roe": 0.77,
            "roe_4q": 4.55,
            "gross_profit": 75157,
            "gross_margin": 5.27,
            "gross_margin_4q_avg": 4.92,
            "net_income": 13912,
            "net_income_4q": null,
            "revenue": 1425745,
            "revenue_4q": null,
            "common_shares": 1055581,
            "book_valuer_per_share": 17.3,
            "book_valuer_per_share_4q_avg": 18.14,
            "equity": 1825820,
            "current_ratio": 127.4,
            "debt_ratio": 53.53,
            "inventory_turnover_ratio": 1.66,
            "account_receivable_turnover_ratio": null,
            "reinvestment_rate": null,
            "research_to_sale_ratio": null,
            "price_fair": 2.64,
            "eps_avg_yearly": 0.88,
            "eps_latest_yearly": 0.52,
            "eps_growth_yearly": -148.56
        },
        "20044": {
            "year_quarter": 20044,
            "year": 2004,
            "quarter": 4,
            "eps": 0.14,
            "eps_growth_year": null,
            "eps_4q": 0.9,
            "eps_4q_growth_year": null,
            "roe": 0.84,
            "roe_4q": 5.39,
            "gross_profit": 88865,
            "gross_margin": 5.37,
            "gross_margin_4q_avg": 6.26,
            "net_income": 15213,
            "net_income_4q": null,
            "revenue": 1653579,
            "revenue_4q": null,
            "common_shares": 1055581,
            "book_valuer_per_share": 16.89,
            "book_valuer_per_share_4q_avg": 17.76,
            "equity": 1782772,
            "current_ratio": 110.52,
            "debt_ratio": 63.71,
            "inventory_turnover_ratio": 1.67,
            "account_receivable_turnover_ratio": null,
            "reinvestment_rate": null,
            "research_to_sale_ratio": null,
            "price_fair": 2.32,
            "eps_avg_yearly": 0.77,
            "eps_latest_yearly": 0.56,
            "eps_growth_yearly": -88.78
        },
        "20051": {
            "year_quarter": 20051,
            "year": 2005,
            "quarter": 1,
            "eps": 0.43,
            "eps_growth_year": 16.22,
            "eps_4q": 1.01,
            "eps_4q_growth_year": null,
            "roe": 2.44,
            "roe_4q": 5.83,
            "gross_profit": 128742,
            "gross_margin": 8.97,
            "gross_margin_4q_avg": 6.68,
            "net_income": 45866,
            "net_income_4q": null,
            "revenue": 1434783,
            "revenue_4q": null,
            "common_shares": 1205581,
            "book_valuer_per_share": 16.36,
            "book_valuer_per_share_4q_avg": 17.23,
            "equity": 1972009,
            "current_ratio": 142.02,
            "debt_ratio": 47.35,
            "inventory_turnover_ratio": 1.33,
            "account_receivable_turnover_ratio": null,
            "reinvestment_rate": null,
            "research_to_sale_ratio": null,
            "price_fair": 35.35,
            "eps_avg_yearly": 1.01,
            "eps_latest_yearly": 1.72,
            "eps_growth_yearly": 140.55
        },
        "20052": {
            "year_quarter": 20052,
            "year": 2005,
            "quarter": 2,
            "eps": 0.36,
            "eps_growth_year": 16.13,
            "eps_4q": 1.02,
            "eps_4q_growth_year": null,
            "roe": 2.09,
            "roe_4q": 6.139999999999999,
            "gross_profit": 107050,
            "gross_margin": 7.65,
            "gross_margin_4q_avg": 6.82,
            "net_income": 41122,
            "net_income_4q": null,
            "revenue": 1400135,
            "revenue_4q": null,
            "common_shares": 1205581,
            "book_valuer_per_share": 16.34,
            "book_valuer_per_share_4q_avg": 16.72,
            "equity": 1969815,
            "current_ratio": 134.74,
            "debt_ratio": 48.56,
            "inventory_turnover_ratio": 1.38,
            "account_receivable_turnover_ratio": null,
            "reinvestment_rate": null,
            "research_to_sale_ratio": null,
            "price_fair": 38.36,
            "eps_avg_yearly": 1.1,
            "eps_latest_yearly": 1.44,
            "eps_growth_yearly": 99.42
        },
        "20053": {
            "year_quarter": 20053,
            "year": 2005,
            "quarter": 3,
            "eps": 0.2,
            "eps_growth_year": 53.85,
            "eps_4q": 1.1,
            "eps_4q_growth_year": null,
            "roe": 1.13,
            "roe_4q": 6.5,
            "gross_profit": 104564,
            "gross_margin": 7.51,
            "gross_margin_4q_avg": 7.38,
            "net_income": 22782,
            "net_income_4q": null,
            "revenue": 1392254,
            "revenue_4q": null,
            "common_shares": 1205581,
            "book_valuer_per_share": 17.08,
            "book_valuer_per_share_4q_avg": 16.67,
            "equity": 2058714,
            "current_ratio": 132.55,
            "debt_ratio": 49.89,
            "inventory_turnover_ratio": 1.33,
            "account_receivable_turnover_ratio": null,
            "reinvestment_rate": null,
            "research_to_sale_ratio": null,
            "price_fair": 36.63,
            "eps_avg_yearly": 1.05,
            "eps_latest_yearly": 0.8,
            "eps_growth_yearly": 53.22
        },
        "20054": {
            "year_quarter": 20054,
            "year": 2005,
            "quarter": 4,
            "eps": 0.26,
            "eps_growth_year": 85.71,
            "eps_4q": 1.18,
            "eps_4q_growth_year": 31.32,
            "roe": 1.5,
            "roe_4q": 7.16,
            "gross_profit": 104063,
            "gross_margin": 6.88,
            "gross_margin_4q_avg": 7.75,
            "net_income": 30980,
            "net_income_4q": null,
            "revenue": 1511439,
            "revenue_4q": null,
            "common_shares": 1205581,
            "book_valuer_per_share": 17.28,
            "book_valuer_per_share_4q_avg": 16.77,
            "equity": 2083173,
            "current_ratio": 130.24,
            "debt_ratio": 61.03,
            "inventory_turnover_ratio": 1.27,
            "account_receivable_turnover_ratio": null,
            "reinvestment_rate": null,
            "research_to_sale_ratio": null,
            "price_fair": 36.6,
            "eps_avg_yearly": 1.05,
            "eps_latest_yearly": 1.04,
            "eps_growth_yearly": 62.76
        },
        "20061": {
            "year_quarter": 20061,
            "year": 2006,
            "quarter": 1,
            "eps": 0.15,
            "eps_growth_year": -65.12,
            "eps_4q": 0.94,
            "eps_4q_growth_year": -7.01,
            "roe": 0.87,
            "roe_4q": 5.59,
            "gross_profit": 105291,
            "gross_margin": 7.41,
            "gross_margin_4q_avg": 7.36,
            "net_income": 18120,
            "net_income_4q": null,
            "revenue": 1421789,
            "revenue_4q": null,
            "common_shares": 1205581,
            "book_valuer_per_share": 17.39,
            "book_valuer_per_share_4q_avg": 17.02,
            "equity": 2096130,
            "current_ratio": 147.63,
            "debt_ratio": 49.55,
            "inventory_turnover_ratio": 1.18,
            "account_receivable_turnover_ratio": null,
            "reinvestment_rate": null,
            "research_to_sale_ratio": null,
            "price_fair": 34.65,
            "eps_avg_yearly": 0.99,
            "eps_latest_yearly": 0.6,
            "eps_growth_yearly": 33.76
        },
        "20062": {
            "year_quarter": 20062,
            "year": 2006,
            "quarter": 2,
            "eps": -0.21,
            "eps_growth_year": -158.33,
            "eps_4q": 0.39,
            "eps_4q_growth_year": -61.56,
            "roe": -1.22,
            "roe_4q": 2.28,
            "gross_profit": 34615,
            "gross_margin": 3.18,
            "gross_margin_4q_avg": 6.25,
            "net_income": -24775,
            "net_income_4q": null,
            "revenue": 1087480,
            "revenue_4q": null,
            "common_shares": 1205581,
            "book_valuer_per_share": 16.27,
            "book_valuer_per_share_4q_avg": 17.01,
            "equity": 1961749,
            "current_ratio": 138.33,
            "debt_ratio": 47.6,
            "inventory_turnover_ratio": 1.17,
            "account_receivable_turnover_ratio": null,
            "reinvestment_rate": null,
            "research_to_sale_ratio": null,
            "price_fair": 34.65,
            "eps_avg_yearly": 0.99,
            "eps_latest_yearly": 0.6,
            "eps_growth_yearly": 33.76
        },
        "20063": {
            "year_quarter": 20063,
            "year": 2006,
            "quarter": 3,
            "eps": 0.07,
            "eps_growth_year": -65,
            "eps_4q": 0.27,
            "eps_4q_growth_year": -75.77,
            "roe": 0.44,
            "roe_4q": 1.5899999999999999,
            "gross_profit": 72202,
            "gross_margin": 5.59,
            "gross_margin_4q_avg": 5.77,
            "net_income": 8694,
            "net_income_4q": null,
            "revenue": 1292691,
            "revenue_4q": null,
            "common_shares": 1205581,
            "book_valuer_per_share": 16.65,
            "book_valuer_per_share_4q_avg": 16.9,
            "equity": 2006806,
            "current_ratio": 139.47,
            "debt_ratio": 48.67,
            "inventory_turnover_ratio": 1.44,
            "account_receivable_turnover_ratio": null,
            "reinvestment_rate": null,
            "research_to_sale_ratio": null,
            "price_fair": 34.65,
            "eps_avg_yearly": 0.99,
            "eps_latest_yearly": 0.6,
            "eps_growth_yearly": 33.76
        },
        "20064": {
            "year_quarter": 20064,
            "year": 2006,
            "quarter": 4,
            "eps": 0.2,
            "eps_growth_year": -23.08,
            "eps_4q": 0.22,
            "eps_4q_growth_year": -81.64,
            "roe": 1.2,
            "roe_4q": 1.29,
            "gross_profit": 84086,
            "gross_margin": 6.05,
            "gross_margin_4q_avg": 5.56,
            "net_income": 24152,
            "net_income_4q": null,
            "revenue": 1388844,
            "revenue_4q": null,
            "common_shares": 1205581,
            "book_valuer_per_share": 16.82,
            "book_valuer_per_share_4q_avg": 16.78,
            "equity": 2028111,
            "current_ratio": 117.89,
            "debt_ratio": 61.54,
            "inventory_turnover_ratio": 1.35,
            "account_receivable_turnover_ratio": null,
            "reinvestment_rate": null,
            "research_to_sale_ratio": null,
            "price_fair": 33.91,
            "eps_avg_yearly": 0.97,
            "eps_latest_yearly": 0.8,
            "eps_growth_yearly": 112.55
        },
        "20071": {
            "year_quarter": 20071,
            "year": 2007,
            "quarter": 1,
            "eps": 0.23,
            "eps_growth_year": 53.33,
            "eps_4q": 0.3,
            "eps_4q_growth_year": -68.13,
            "roe": 1.33,
            "roe_4q": 1.7500000000000002,
            "gross_profit": 116199,
            "gross_margin": 9.47,
            "gross_margin_4q_avg": 6.07,
            "net_income": 27249,
            "net_income_4q": null,
            "revenue": 1227663,
            "revenue_4q": null,
            "common_shares": 1205581,
            "book_valuer_per_share": 17.28,
            "book_valuer_per_share_4q_avg": 16.76,
            "equity": 2083712,
            "current_ratio": 133.94,
            "debt_ratio": 45.48,
            "inventory_turnover_ratio": 1.26,
            "account_receivable_turnover_ratio": null,
            "reinvestment_rate": null,
            "research_to_sale_ratio": null,
            "price_fair": 33.74,
            "eps_avg_yearly": 0.96,
            "eps_latest_yearly": 0.92,
            "eps_growth_yearly": 107.3
        },
        "20072": {
            "year_quarter": 20072,
            "year": 2007,
            "quarter": 2,
            "eps": 0.12,
            "eps_growth_year": null,
            "eps_4q": 0.63,
            "eps_4q_growth_year": 61.18,
            "roe": 0.67,
            "roe_4q": 3.64,
            "gross_profit": 87067,
            "gross_margin": 8.47,
            "gross_margin_4q_avg": 7.4,
            "net_income": 14146,
            "net_income_4q": null,
            "revenue": 1028489,
            "revenue_4q": null,
            "common_shares": 1205581,
            "book_valuer_per_share": 17.61,
            "book_valuer_per_share_4q_avg": 17.09,
            "equity": 2123049,
            "current_ratio": 134.3,
            "debt_ratio": 41.83,
            "inventory_turnover_ratio": 1.27,
            "account_receivable_turnover_ratio": null,
            "reinvestment_rate": null,
            "research_to_sale_ratio": null,
            "price_fair": 32.2,
            "eps_avg_yearly": 0.92,
            "eps_latest_yearly": 0.48,
            "eps_growth_yearly": 80.15
        },
        "20073": {
            "year_quarter": 20073,
            "year": 2007,
            "quarter": 3,
            "eps": -0.01,
            "eps_growth_year": -114.29,
            "eps_4q": 0.53,
            "eps_4q_growth_year": 98.23,
            "roe": -0.08,
            "roe_4q": 3.12,
            "gross_profit": 85422,
            "gross_margin": 6.36,
            "gross_margin_4q_avg": 7.59,
            "net_income": -1666,
            "net_income_4q": null,
            "revenue": 1342511,
            "revenue_4q": null,
            "common_shares": 1212181,
            "book_valuer_per_share": 17.54,
            "book_valuer_per_share_4q_avg": 17.31,
            "equity": 2126459,
            "current_ratio": 137.75,
            "debt_ratio": 45.28,
            "inventory_turnover_ratio": 1.46,
            "account_receivable_turnover_ratio": null,
            "reinvestment_rate": null,
            "research_to_sale_ratio": null,
            "price_fair": 32.2,
            "eps_avg_yearly": 0.92,
            "eps_latest_yearly": 0.48,
            "eps_growth_yearly": 80.15
        },
        "20074": {
            "year_quarter": 20074,
            "year": 2007,
            "quarter": 4,
            "eps": -0.04,
            "eps_growth_year": -120,
            "eps_4q": 0.29,
            "eps_4q_growth_year": 33.74,
            "roe": -0.23,
            "roe_4q": 1.6900000000000002,
            "gross_profit": 81224,
            "gross_margin": 7.04,
            "gross_margin_4q_avg": 7.84,
            "net_income": -4812,
            "net_income_4q": null,
            "revenue": 1154069,
            "revenue_4q": null,
            "common_shares": 1212181,
            "book_valuer_per_share": 17.73,
            "book_valuer_per_share_4q_avg": 17.54,
            "equity": 2149586,
            "current_ratio": 116.27,
            "debt_ratio": 60.84,
            "inventory_turnover_ratio": 1.01,
            "account_receivable_turnover_ratio": null,
            "reinvestment_rate": 137.06,
            "research_to_sale_ratio": null,
            "price_fair": 32.2,
            "eps_avg_yearly": 0.92,
            "eps_latest_yearly": 0.48,
            "eps_growth_yearly": 80.15
        },
        "20081": {
            "year_quarter": 20081,
            "year": 2008,
            "quarter": 1,
            "eps": -0.27,
            "eps_growth_year": -217.39,
            "eps_4q": -0.2,
            "eps_4q_growth_year": -168.71,
            "roe": -1.5,
            "roe_4q": -1.1400000000000001,
            "gross_profit": 75898,
            "gross_margin": 4.13,
            "gross_margin_4q_avg": 6.5,
            "net_income": -31777,
            "net_income_4q": null,
            "revenue": 1838154,
            "revenue_4q": null,
            "common_shares": 1212431,
            "book_valuer_per_share": 17.1,
            "book_valuer_per_share_4q_avg": 17.5,
            "equity": 2073259,
            "current_ratio": 114.41,
            "debt_ratio": 63.04,
            "inventory_turnover_ratio": 1.52,
            "account_receivable_turnover_ratio": null,
            "reinvestment_rate": 380.64,
            "research_to_sale_ratio": null,
            "price_fair": 32.2,
            "eps_avg_yearly": 0.92,
            "eps_latest_yearly": 0.48,
            "eps_growth_yearly": 80.15
        },
        "20082": {
            "year_quarter": 20082,
            "year": 2008,
            "quarter": 2,
            "eps": -0.77,
            "eps_growth_year": -741.67,
            "eps_4q": -1.07,
            "eps_4q_growth_year": -269.67,
            "roe": -4.52,
            "roe_4q": -6.33,
            "gross_profit": 26132,
            "gross_margin": 1.68,
            "gross_margin_4q_avg": 4.8,
            "net_income": -91304,
            "net_income_4q": null,
            "revenue": 1555078,
            "revenue_4q": null,
            "common_shares": 1212431,
            "book_valuer_per_share": 16.23,
            "book_valuer_per_share_4q_avg": 17.15,
            "equity": 1968087,
            "current_ratio": 115.71,
            "debt_ratio": 59.76,
            "inventory_turnover_ratio": 1.5,
            "account_receivable_turnover_ratio": null,
            "reinvestment_rate": 814.19,
            "research_to_sale_ratio": null,
            "price_fair": 31.08,
            "eps_avg_yearly": 0.89,
            "eps_latest_yearly": 0.48,
            "eps_growth_yearly": 94.65
        },
        "20083": {
            "year_quarter": 20083,
            "year": 2008,
            "quarter": 3,
            "eps": -0.49,
            "eps_growth_year": null,
            "eps_4q": -1.53,
            "eps_4q_growth_year": -390.63,
            "roe": -2.96,
            "roe_4q": -9.21,
            "gross_profit": 13677,
            "gross_margin": 0.88,
            "gross_margin_4q_avg": 3.43,
            "net_income": -57805,
            "net_income_4q": null,
            "revenue": 1553041,
            "revenue_4q": null,
            "common_shares": 1212431,
            "book_valuer_per_share": 16.03,
            "book_valuer_per_share_4q_avg": 16.77,
            "equity": 1943734,
            "current_ratio": 115.71,
            "debt_ratio": 59.85,
            "inventory_turnover_ratio": 1.95,
            "account_receivable_turnover_ratio": null,
            "reinvestment_rate": 2573.96,
            "research_to_sale_ratio": null,
            "price_fair": 32.51,
            "eps_avg_yearly": 0.93,
            "eps_latest_yearly": 0.48,
            "eps_growth_yearly": 130.97
        },
        "20084": {
            "year_quarter": 20084,
            "year": 2008,
            "quarter": 4,
            "eps": -1.12,
            "eps_growth_year": null,
            "eps_4q": -2.67,
            "eps_4q_growth_year": -1020.49,
            "roe": -6.91,
            "roe_4q": -15.89,
            "gross_profit": -36095,
            "gross_margin": -3.09,
            "gross_margin_4q_avg": 0.9,
            "net_income": -130653,
            "net_income_4q": null,
            "revenue": 1168838,
            "revenue_4q": null,
            "common_shares": 1151261,
            "book_valuer_per_share": 15.97,
            "book_valuer_per_share_4q_avg": 16.33,
            "equity": 1838646,
            "current_ratio": 115.14,
            "debt_ratio": 55.21,
            "inventory_turnover_ratio": 2.01,
            "account_receivable_turnover_ratio": 2.15,
            "reinvestment_rate": null,
            "research_to_sale_ratio": null,
            "price_fair": 34.13,
            "eps_avg_yearly": 0.98,
            "eps_latest_yearly": 0.48,
            "eps_growth_yearly": 143.5
        },
        "20091": {
            "year_quarter": 20091,
            "year": 2009,
            "quarter": 1,
            "eps": -0.5,
            "eps_growth_year": null,
            "eps_4q": -2.92,
            "eps_4q_growth_year": null,
            "roe": -3.1,
            "roe_4q": -17.49,
            "gross_profit": 33185,
            "gross_margin": 4.62,
            "gross_margin_4q_avg": 1.02,
            "net_income": -56738,
            "net_income_4q": null,
            "revenue": 717977,
            "revenue_4q": null,
            "common_shares": 1151261,
            "book_valuer_per_share": 15.78,
            "book_valuer_per_share_4q_avg": 16,
            "equity": 1817099,
            "current_ratio": 114.01,
            "debt_ratio": 51.56,
            "inventory_turnover_ratio": 1.25,
            "account_receivable_turnover_ratio": 0.77,
            "reinvestment_rate": null,
            "research_to_sale_ratio": null,
            "price_fair": 30.4,
            "eps_avg_yearly": 0.87,
            "eps_latest_yearly": 0.48,
            "eps_growth_yearly": 45.63
        },
        "20092": {
            "year_quarter": 20092,
            "year": 2009,
            "quarter": 2,
            "eps": -2.03,
            "eps_growth_year": null,
            "eps_4q": -4.12,
            "eps_4q_growth_year": null,
            "roe": -13.57,
            "roe_4q": -26.540000000000003,
            "gross_profit": -7411,
            "gross_margin": -0.77,
            "gross_margin_4q_avg": 0.41,
            "net_income": -228709,
            "net_income_4q": null,
            "revenue": 963769,
            "revenue_4q": null,
            "common_shares": 1151261,
            "book_valuer_per_share": 13.5,
            "book_valuer_per_share_4q_avg": 15.32,
            "equity": 1554743,
            "current_ratio": 104.92,
            "debt_ratio": 57.53,
            "inventory_turnover_ratio": 1.89,
            "account_receivable_turnover_ratio": 1.13,
            "reinvestment_rate": null,
            "research_to_sale_ratio": null,
            "price_fair": 27.07,
            "eps_avg_yearly": 0.77,
            "eps_latest_yearly": 0.48,
            "eps_growth_yearly": 64.09
        },
        "20093": {
            "year_quarter": 20093,
            "year": 2009,
            "quarter": 3,
            "eps": 0.26,
            "eps_growth_year": null,
            "eps_4q": -3.5,
            "eps_4q_growth_year": null,
            "roe": 1.86,
            "roe_4q": -21.72,
            "gross_profit": 68815,
            "gross_margin": 6.67,
            "gross_margin_4q_avg": 1.86,
            "net_income": 28780,
            "net_income_4q": null,
            "revenue": 1031969,
            "revenue_4q": null,
            "common_shares": 1151261,
            "book_valuer_per_share": 13.36,
            "book_valuer_per_share_4q_avg": 14.65,
            "equity": 1538265,
            "current_ratio": 113.88,
            "debt_ratio": 58.13,
            "inventory_turnover_ratio": 2.02,
            "account_receivable_turnover_ratio": 1.05,
            "reinvestment_rate": null,
            "research_to_sale_ratio": null,
            "price_fair": 26.88,
            "eps_avg_yearly": 0.77,
            "eps_latest_yearly": 0.48,
            "eps_growth_yearly": 112.46
        },
        "20094": {
            "year_quarter": 20094,
            "year": 2009,
            "quarter": 4,
            "eps": 0.09,
            "eps_growth_year": null,
            "eps_4q": -2.19,
            "eps_4q_growth_year": null,
            "roe": 0.64,
            "roe_4q": -14.17,
            "gross_profit": 83808,
            "gross_margin": 7.69,
            "gross_margin_4q_avg": 4.55,
            "net_income": 9814,
            "net_income_4q": null,
            "revenue": 1090492,
            "revenue_4q": null,
            "common_shares": 1151261,
            "book_valuer_per_share": 13.67,
            "book_valuer_per_share_4q_avg": 14.08,
            "equity": 1539915,
            "current_ratio": 116.54,
            "debt_ratio": 57.51,
            "inventory_turnover_ratio": 2.05,
            "account_receivable_turnover_ratio": 1.76,
            "reinvestment_rate": null,
            "research_to_sale_ratio": null,
            "price_fair": 22.12,
            "eps_avg_yearly": 0.63,
            "eps_latest_yearly": 0.36,
            "eps_growth_yearly": 36.16
        },
        "20101": {
            "year_quarter": 20101,
            "year": 2010,
            "quarter": 1,
            "eps": 0.08,
            "eps_growth_year": null,
            "eps_4q": -1.59,
            "eps_4q_growth_year": null,
            "roe": 0.59,
            "roe_4q": -10.48,
            "gross_profit": 71344,
            "gross_margin": 7.6,
            "gross_margin_4q_avg": 5.3,
            "net_income": 9059,
            "net_income_4q": null,
            "revenue": 939328,
            "revenue_4q": null,
            "common_shares": 1160911,
            "book_valuer_per_share": 13.61,
            "book_valuer_per_share_4q_avg": 13.54,
            "equity": 1546060,
            "current_ratio": 120.8,
            "debt_ratio": 54.95,
            "inventory_turnover_ratio": 1.78,
            "account_receivable_turnover_ratio": 0.8,
            "reinvestment_rate": null,
            "research_to_sale_ratio": 0.32,
            "price_fair": 20.16,
            "eps_avg_yearly": 0.58,
            "eps_latest_yearly": 0.32,
            "eps_growth_yearly": 61.11
        },
        "20102": {
            "year_quarter": 20102,
            "year": 2010,
            "quarter": 2,
            "eps": 0.2,
            "eps_growth_year": null,
            "eps_4q": 0.61,
            "eps_4q_growth_year": null,
            "roe": 1.44,
            "roe_4q": 4.53,
            "gross_profit": 75661,
            "gross_margin": 7.68,
            "gross_margin_4q_avg": 7.41,
            "net_income": 22677,
            "net_income_4q": null,
            "revenue": 985139,
            "revenue_4q": null,
            "common_shares": 1160911,
            "book_valuer_per_share": 13.91,
            "book_valuer_per_share_4q_avg": 13.64,
            "equity": 1614597,
            "current_ratio": 128.91,
            "debt_ratio": 53.12,
            "inventory_turnover_ratio": 1.79,
            "account_receivable_turnover_ratio": 0.91,
            "reinvestment_rate": null,
            "research_to_sale_ratio": 0.47,
            "price_fair": 21.47,
            "eps_avg_yearly": 0.61,
            "eps_latest_yearly": 0.8,
            "eps_growth_yearly": 150.93
        },
        "20103": {
            "year_quarter": 20103,
            "year": 2010,
            "quarter": 3,
            "eps": 0.03,
            "eps_growth_year": -89.16,
            "eps_4q": 0.39,
            "eps_4q_growth_year": null,
            "roe": 0.2,
            "roe_4q": 2.87,
            "gross_profit": 61411,
            "gross_margin": 6.76,
            "gross_margin_4q_avg": 7.43,
            "net_income": 3273,
            "net_income_4q": null,
            "revenue": 908011,
            "revenue_4q": null,
            "common_shares": 1160911,
            "book_valuer_per_share": 13.8,
            "book_valuer_per_share_4q_avg": 13.75,
            "equity": 1602549,
            "current_ratio": 120.09,
            "debt_ratio": 54.96,
            "inventory_turnover_ratio": 1.53,
            "account_receivable_turnover_ratio": 0.88,
            "reinvestment_rate": null,
            "research_to_sale_ratio": 0.4,
            "price_fair": 19,
            "eps_avg_yearly": 0.54,
            "eps_latest_yearly": 0.12,
            "eps_growth_yearly": 80.8
        },
        "20104": {
            "year_quarter": 20104,
            "year": 2010,
            "quarter": 4,
            "eps": -0.06,
            "eps_growth_year": -167.96,
            "eps_4q": 0.24,
            "eps_4q_growth_year": null,
            "roe": -0.45,
            "roe_4q": 1.7799999999999998,
            "gross_profit": 55566,
            "gross_margin": 5.33,
            "gross_margin_4q_avg": 6.84,
            "net_income": -7101,
            "net_income_4q": null,
            "revenue": 1041787,
            "revenue_4q": null,
            "common_shares": 1160911,
            "book_valuer_per_share": 13.29,
            "book_valuer_per_share_4q_avg": 13.65,
            "equity": 1543365,
            "current_ratio": 126.96,
            "debt_ratio": 50.7,
            "inventory_turnover_ratio": 1.96,
            "account_receivable_turnover_ratio": 1.09,
            "reinvestment_rate": null,
            "research_to_sale_ratio": 0.35,
            "price_fair": 1.5,
            "eps_avg_yearly": 0.5,
            "eps_latest_yearly": 0.12,
            "eps_growth_yearly": -29.55
        },
        "20111": {
            "year_quarter": 20111,
            "year": 2011,
            "quarter": 1,
            "eps": -0.05,
            "eps_growth_year": -162.5,
            "eps_4q": 0.12,
            "eps_4q_growth_year": null,
            "roe": -0.34,
            "roe_4q": 0.8499999999999999,
            "gross_profit": 46579,
            "gross_margin": 5.91,
            "gross_margin_4q_avg": 6.42,
            "net_income": -5247,
            "net_income_4q": null,
            "revenue": 788372,
            "revenue_4q": null,
            "common_shares": 1160911,
            "book_valuer_per_share": 13.36,
            "book_valuer_per_share_4q_avg": 13.59,
            "equity": 1551405,
            "current_ratio": 128.03,
            "debt_ratio": 51.27,
            "inventory_turnover_ratio": 1.62,
            "account_receivable_turnover_ratio": 0.89,
            "reinvestment_rate": null,
            "research_to_sale_ratio": 0.11,
            "price_fair": 1.25,
            "eps_avg_yearly": 0.42,
            "eps_latest_yearly": 0.12,
            "eps_growth_yearly": -47.46
        },
        "20112": {
            "year_quarter": 20112,
            "year": 2011,
            "quarter": 2,
            "eps": 0.07,
            "eps_growth_year": -65.99,
            "eps_4q": -0.01,
            "eps_4q_growth_year": -101.94,
            "roe": 0.5,
            "roe_4q": -0.09000000000000002,
            "gross_profit": 72661,
            "gross_margin": 7.42,
            "gross_margin_4q_avg": 6.36,
            "net_income": 7713,
            "net_income_4q": null,
            "revenue": 979331,
            "revenue_4q": null,
            "common_shares": 1160911,
            "book_valuer_per_share": 13.35,
            "book_valuer_per_share_4q_avg": 13.45,
            "equity": 1550380,
            "current_ratio": 135.67,
            "debt_ratio": 51.56,
            "inventory_turnover_ratio": 1.74,
            "account_receivable_turnover_ratio": 1.11,
            "reinvestment_rate": null,
            "research_to_sale_ratio": 0.04,
            "price_fair": 1.2,
            "eps_avg_yearly": 0.4,
            "eps_latest_yearly": 0.12,
            "eps_growth_yearly": -11.5
        },
        "20113": {
            "year_quarter": 20113,
            "year": 2011,
            "quarter": 3,
            "eps": -0.01,
            "eps_growth_year": -141.04,
            "eps_4q": -0.05,
            "eps_4q_growth_year": -113.34,
            "roe": -0.08,
            "roe_4q": -0.37000000000000005,
            "gross_profit": 54063,
            "gross_margin": 5.4,
            "gross_margin_4q_avg": 6.02,
            "net_income": -1344,
            "net_income_4q": null,
            "revenue": 1001118,
            "revenue_4q": null,
            "common_shares": 1160911,
            "book_valuer_per_share": 13.89,
            "book_valuer_per_share_4q_avg": 13.47,
            "equity": 1612877,
            "current_ratio": 133.97,
            "debt_ratio": 53.42,
            "inventory_turnover_ratio": 1.56,
            "account_receivable_turnover_ratio": 1.09,
            "reinvestment_rate": null,
            "research_to_sale_ratio": 0.07,
            "price_fair": 1.2,
            "eps_avg_yearly": 0.4,
            "eps_latest_yearly": 0.12,
            "eps_growth_yearly": -11.5
        },
        "20114": {
            "year_quarter": 20114,
            "year": 2011,
            "quarter": 4,
            "eps": -0.22,
            "eps_growth_year": null,
            "eps_4q": -0.21,
            "eps_4q_growth_year": -189.25,
            "roe": -1.64,
            "roe_4q": -1.56,
            "gross_profit": 49332,
            "gross_margin": 5.53,
            "gross_margin_4q_avg": 6.07,
            "net_income": -26032,
            "net_income_4q": null,
            "revenue": 891805,
            "revenue_4q": null,
            "common_shares": 1160911,
            "book_valuer_per_share": 13.46,
            "book_valuer_per_share_4q_avg": 13.52,
            "equity": 1562497,
            "current_ratio": 141.38,
            "debt_ratio": 48.24,
            "inventory_turnover_ratio": 1.45,
            "account_receivable_turnover_ratio": 1.09,
            "reinvestment_rate": null,
            "research_to_sale_ratio": 0.07,
            "price_fair": 1.2,
            "eps_avg_yearly": 0.4,
            "eps_latest_yearly": 0.12,
            "eps_growth_yearly": -11.5
        },
        "20121": {
            "year_quarter": 20121,
            "year": 2012,
            "quarter": 1,
            "eps": -0.29,
            "eps_growth_year": null,
            "eps_4q": -0.46,
            "eps_4q_growth_year": -489.79,
            "roe": -2.17,
            "roe_4q": -3.3899999999999997,
            "gross_profit": 3887,
            "gross_margin": 0.55,
            "gross_margin_4q_avg": 4.73,
            "net_income": -33358,
            "net_income_4q": null,
            "revenue": 706674,
            "revenue_4q": null,
            "common_shares": 1160911,
            "book_valuer_per_share": 13.02,
            "book_valuer_per_share_4q_avg": 13.43,
            "equity": 1511211,
            "current_ratio": 134.45,
            "debt_ratio": 51.99,
            "inventory_turnover_ratio": 1.3,
            "account_receivable_turnover_ratio": 1.1,
            "reinvestment_rate": null,
            "research_to_sale_ratio": 0.02,
            "price_fair": 1.2,
            "eps_avg_yearly": 0.4,
            "eps_latest_yearly": 0.12,
            "eps_growth_yearly": -11.5
        },
        "20122": {
            "year_quarter": 20122,
            "year": 2012,
            "quarter": 2,
            "eps": -0.15,
            "eps_growth_year": -325.55,
            "eps_4q": -0.67,
            "eps_4q_growth_year": null,
            "roe": -1.16,
            "roe_4q": -5.05,
            "gross_profit": -4064,
            "gross_margin": -0.48,
            "gross_margin_4q_avg": 2.75,
            "net_income": -17397,
            "net_income_4q": null,
            "revenue": 847837,
            "revenue_4q": null,
            "common_shares": 1160911,
            "book_valuer_per_share": 12.91,
            "book_valuer_per_share_4q_avg": 13.32,
            "equity": 1498930,
            "current_ratio": 134.81,
            "debt_ratio": 51.37,
            "inventory_turnover_ratio": 1.59,
            "account_receivable_turnover_ratio": 1.4,
            "reinvestment_rate": null,
            "research_to_sale_ratio": 0,
            "price_fair": 1.2,
            "eps_avg_yearly": 0.4,
            "eps_latest_yearly": 0.12,
            "eps_growth_yearly": -11.5
        },
        "20123": {
            "year_quarter": 20123,
            "year": 2012,
            "quarter": 3,
            "eps": -0.08,
            "eps_growth_year": null,
            "eps_4q": -0.74,
            "eps_4q_growth_year": null,
            "roe": -0.6,
            "roe_4q": -5.569999999999999,
            "gross_profit": 44708,
            "gross_margin": 5.05,
            "gross_margin_4q_avg": 2.66,
            "net_income": -8899,
            "net_income_4q": null,
            "revenue": 885576,
            "revenue_4q": null,
            "common_shares": 1160911,
            "book_valuer_per_share": 12.76,
            "book_valuer_per_share_4q_avg": 13.04,
            "equity": 1481447,
            "current_ratio": 135.88,
            "debt_ratio": 50.28,
            "inventory_turnover_ratio": 1.82,
            "account_receivable_turnover_ratio": 1.3,
            "reinvestment_rate": null,
            "research_to_sale_ratio": 0,
            "price_fair": 1.2,
            "eps_avg_yearly": 0.4,
            "eps_latest_yearly": 0.12,
            "eps_growth_yearly": -11.5
        },
        "20124": {
            "year_quarter": 20124,
            "year": 2012,
            "quarter": 4,
            "eps": 0.18,
            "eps_growth_year": null,
            "eps_4q": -0.33,
            "eps_4q_growth_year": null,
            "roe": 1.42,
            "roe_4q": -2.51,
            "gross_profit": 42391,
            "gross_margin": 5.6,
            "gross_margin_4q_avg": 2.68,
            "net_income": 20772,
            "net_income_4q": null,
            "revenue": 757407,
            "revenue_4q": null,
            "common_shares": 1160911,
            "book_valuer_per_share": 12.52,
            "book_valuer_per_share_4q_avg": 12.8,
            "equity": 1453181,
            "current_ratio": 141.28,
            "debt_ratio": 47.61,
            "inventory_turnover_ratio": 1.84,
            "account_receivable_turnover_ratio": 1.06,
            "reinvestment_rate": null,
            "research_to_sale_ratio": 0,
            "price_fair": 1.2,
            "eps_avg_yearly": 0.4,
            "eps_latest_yearly": 0.12,
            "eps_growth_yearly": -11.5
        },
        "20131": {
            "year_quarter": 20131,
            "year": 2013,
            "quarter": 1,
            "eps": -0.13,
            "eps_growth_year": null,
            "eps_4q": -0.18,
            "eps_4q_growth_year": null,
            "roe": -1.03,
            "roe_4q": -1.37,
            "gross_profit": 27508,
            "gross_margin": 4.09,
            "gross_margin_4q_avg": 3.57,
            "net_income": -14823,
            "net_income_4q": null,
            "revenue": 673265,
            "revenue_4q": null,
            "common_shares": 1160911,
            "book_valuer_per_share": 12.38,
            "book_valuer_per_share_4q_avg": 12.64,
            "equity": 1437076,
            "current_ratio": 139.3,
            "debt_ratio": 48.54,
            "inventory_turnover_ratio": 1.88,
            "account_receivable_turnover_ratio": 1.04,
            "reinvestment_rate": null,
            "research_to_sale_ratio": 0,
            "price_fair": 1.2,
            "eps_avg_yearly": 0.4,
            "eps_latest_yearly": 0.12,
            "eps_growth_yearly": -11.5
        },
        "20132": {
            "year_quarter": 20132,
            "year": 2013,
            "quarter": 2,
            "eps": -0.11,
            "eps_growth_year": null,
            "eps_4q": -0.14,
            "eps_4q_growth_year": null,
            "roe": -0.93,
            "roe_4q": -1.1400000000000001,
            "gross_profit": 29278,
            "gross_margin": 4.29,
            "gross_margin_4q_avg": 4.76,
            "net_income": -13286,
            "net_income_4q": null,
            "revenue": 683098,
            "revenue_4q": null,
            "common_shares": 1160911,
            "book_valuer_per_share": 12.32,
            "book_valuer_per_share_4q_avg": 12.5,
            "equity": 1430032,
            "current_ratio": 143.65,
            "debt_ratio": 48.85,
            "inventory_turnover_ratio": 1.77,
            "account_receivable_turnover_ratio": 1.03,
            "reinvestment_rate": null,
            "research_to_sale_ratio": 0,
            "price_fair": 1.2,
            "eps_avg_yearly": 0.4,
            "eps_latest_yearly": 0.12,
            "eps_growth_yearly": -11.5
        },
        "20133": {
            "year_quarter": 20133,
            "year": 2013,
            "quarter": 3,
            "eps": -0.14,
            "eps_growth_year": null,
            "eps_4q": -0.2,
            "eps_4q_growth_year": null,
            "roe": -1.12,
            "roe_4q": -1.6600000000000001,
            "gross_profit": 35225,
            "gross_margin": 5.07,
            "gross_margin_4q_avg": 4.76,
            "net_income": -15884,
            "net_income_4q": null,
            "revenue": 695338,
            "revenue_4q": null,
            "common_shares": 1160911,
            "book_valuer_per_share": 12.15,
            "book_valuer_per_share_4q_avg": 12.34,
            "equity": 1410212,
            "current_ratio": 147.22,
            "debt_ratio": 48.93,
            "inventory_turnover_ratio": 1.66,
            "account_receivable_turnover_ratio": 0.9,
            "reinvestment_rate": null,
            "research_to_sale_ratio": 0,
            "price_fair": 1.2,
            "eps_avg_yearly": 0.4,
            "eps_latest_yearly": 0.12,
            "eps_growth_yearly": -11.5
        },
        "20134": {
            "year_quarter": 20134,
            "year": 2013,
            "quarter": 4,
            "eps": 0.1,
            "eps_growth_year": -42.41,
            "eps_4q": -0.28,
            "eps_4q_growth_year": null,
            "roe": 0.84,
            "roe_4q": -2.24,
            "gross_profit": 63538,
            "gross_margin": 7.75,
            "gross_margin_4q_avg": 5.3,
            "net_income": 11962,
            "net_income_4q": null,
            "revenue": 819750,
            "revenue_4q": null,
            "common_shares": 1160911,
            "book_valuer_per_share": 12.3,
            "book_valuer_per_share_4q_avg": 12.29,
            "equity": 1428475,
            "current_ratio": 156.66,
            "debt_ratio": 46.94,
            "inventory_turnover_ratio": 1.98,
            "account_receivable_turnover_ratio": 0.99,
            "reinvestment_rate": null,
            "research_to_sale_ratio": 0,
            "price_fair": 14.47,
            "eps_avg_yearly": 0.41,
            "eps_latest_yearly": 0.12,
            "eps_growth_yearly": 71.85
        },
        "20141": {
            "year_quarter": 20141,
            "year": 2014,
            "quarter": 1,
            "eps": 0.38,
            "eps_growth_year": null,
            "eps_4q": 0.23,
            "eps_4q_growth_year": null,
            "roe": 3.03,
            "roe_4q": 1.8199999999999994,
            "gross_profit": 49866,
            "gross_margin": 6.56,
            "gross_margin_4q_avg": 5.92,
            "net_income": 43909,
            "net_income_4q": null,
            "revenue": 760185,
            "revenue_4q": null,
            "common_shares": 1160911,
            "book_valuer_per_share": 12.67,
            "book_valuer_per_share_4q_avg": 12.36,
            "equity": 1471146,
            "current_ratio": 157.54,
            "debt_ratio": 46.44,
            "inventory_turnover_ratio": 1.89,
            "account_receivable_turnover_ratio": 0.95,
            "reinvestment_rate": null,
            "research_to_sale_ratio": null,
            "price_fair": 28.47,
            "eps_avg_yearly": 0.81,
            "eps_latest_yearly": 1.52,
            "eps_growth_yearly": 460
        },
        "20142": {
            "year_quarter": 20142,
            "year": 2014,
            "quarter": 2,
            "eps": 0.03,
            "eps_growth_year": null,
            "eps_4q": 0.38,
            "eps_4q_growth_year": null,
            "roe": 0.22,
            "roe_4q": 2.9699999999999998,
            "gross_profit": 55483,
            "gross_margin": 7,
            "gross_margin_4q_avg": 6.6,
            "net_income": 3263,
            "net_income_4q": null,
            "revenue": 792633,
            "revenue_4q": null,
            "common_shares": 1160911,
            "book_valuer_per_share": 12.7,
            "book_valuer_per_share_4q_avg": 12.46,
            "equity": 1449521,
            "current_ratio": 159.03,
            "debt_ratio": 46.2,
            "inventory_turnover_ratio": 1.83,
            "account_receivable_turnover_ratio": 1.02,
            "reinvestment_rate": null,
            "research_to_sale_ratio": null,
            "price_fair": 20.53,
            "eps_avg_yearly": 0.59,
            "eps_latest_yearly": 0.12,
            "eps_growth_yearly": 137.19
        },
        "20143": {
            "year_quarter": 20143,
            "year": 2014,
            "quarter": 3,
            "eps": 0.09,
            "eps_growth_year": null,
            "eps_4q": 0.61,
            "eps_4q_growth_year": null,
            "roe": 0.72,
            "roe_4q": 4.81,
            "gross_profit": 56415,
            "gross_margin": 6.75,
            "gross_margin_4q_avg": 7.02,
            "net_income": 10570,
            "net_income_4q": null,
            "revenue": 836329,
            "revenue_4q": null,
            "common_shares": 1160911,
            "book_valuer_per_share": 12.89,
            "book_valuer_per_share_4q_avg": 12.64,
            "equity": 1470361,
            "current_ratio": 151.9,
            "debt_ratio": 48.47,
            "inventory_turnover_ratio": 1.77,
            "account_receivable_turnover_ratio": 1.01,
            "reinvestment_rate": null,
            "research_to_sale_ratio": null,
            "price_fair": 23.33,
            "eps_avg_yearly": 0.67,
            "eps_latest_yearly": 0.36,
            "eps_growth_yearly": 517.19
        },
        "20144": {
            "year_quarter": 20144,
            "year": 2014,
            "quarter": 4,
            "eps": 0.01,
            "eps_growth_year": -87.01,
            "eps_4q": 0.52,
            "eps_4q_growth_year": null,
            "roe": 0.1,
            "roe_4q": 4.07,
            "gross_profit": 44567,
            "gross_margin": 5.66,
            "gross_margin_4q_avg": 6.49,
            "net_income": 1527,
            "net_income_4q": null,
            "revenue": 786836,
            "revenue_4q": null,
            "common_shares": 1160911,
            "book_valuer_per_share": 13.03,
            "book_valuer_per_share_4q_avg": 12.82,
            "equity": 1486843,
            "current_ratio": 169.59,
            "debt_ratio": 45.38,
            "inventory_turnover_ratio": 1.83,
            "account_receivable_turnover_ratio": 0.94,
            "reinvestment_rate": null,
            "research_to_sale_ratio": null,
            "price_fair": 17.85,
            "eps_avg_yearly": 0.51,
            "eps_latest_yearly": 0.04,
            "eps_growth_yearly": 299.01
        },
        "20151": {
            "year_quarter": 20151,
            "year": 2015,
            "quarter": 1,
            "eps": -0.22,
            "eps_growth_year": -157.89,
            "eps_4q": -0.09,
            "eps_4q_growth_year": -137.12,
            "roe": -1.7,
            "roe_4q": -0.6599999999999999,
            "gross_profit": 15003,
            "gross_margin": 2.57,
            "gross_margin_4q_avg": 5.5,
            "net_income": -25101,
            "net_income_4q": null,
            "revenue": 582849,
            "revenue_4q": null,
            "common_shares": 1160911,
            "book_valuer_per_share": 12.8,
            "book_valuer_per_share_4q_avg": 12.86,
            "equity": 1460330,
            "current_ratio": 174.01,
            "debt_ratio": 43.65,
            "inventory_turnover_ratio": 1.52,
            "account_receivable_turnover_ratio": 0.82,
            "reinvestment_rate": null,
            "research_to_sale_ratio": null,
            "price_fair": 17.85,
            "eps_avg_yearly": 0.51,
            "eps_latest_yearly": 0.04,
            "eps_growth_yearly": 299.01
        },
        "20152": {
            "year_quarter": 20152,
            "year": 2015,
            "quarter": 2,
            "eps": -0.24,
            "eps_growth_year": -900,
            "eps_4q": -0.35,
            "eps_4q_growth_year": -193.09,
            "roe": -1.91,
            "roe_4q": -2.79,
            "gross_profit": 18215,
            "gross_margin": 2.89,
            "gross_margin_4q_avg": 4.47,
            "net_income": -27256,
            "net_income_4q": null,
            "revenue": 630798,
            "revenue_4q": null,
            "common_shares": 1160911,
            "book_valuer_per_share": 12.25,
            "book_valuer_per_share_4q_avg": 12.74,
            "equity": 1397308,
            "current_ratio": 162.35,
            "debt_ratio": 45.85,
            "inventory_turnover_ratio": 1.62,
            "account_receivable_turnover_ratio": 1.05,
            "reinvestment_rate": null,
            "research_to_sale_ratio": null,
            "price_fair": 17.85,
            "eps_avg_yearly": 0.51,
            "eps_latest_yearly": 0.04,
            "eps_growth_yearly": 299.01
        },
        "20153": {
            "year_quarter": 20153,
            "year": 2015,
            "quarter": 3,
            "eps": 0,
            "eps_growth_year": -100,
            "eps_4q": -0.45,
            "eps_4q_growth_year": -173.87,
            "roe": -0.05,
            "roe_4q": -3.56,
            "gross_profit": 38913,
            "gross_margin": 6.02,
            "gross_margin_4q_avg": 4.29,
            "net_income": -659,
            "net_income_4q": null,
            "revenue": 645924,
            "revenue_4q": null,
            "common_shares": 1160911,
            "book_valuer_per_share": 12.4,
            "book_valuer_per_share_4q_avg": 12.62,
            "equity": 1414368,
            "current_ratio": 160.17,
            "debt_ratio": 46.65,
            "inventory_turnover_ratio": 1.77,
            "account_receivable_turnover_ratio": 1.05,
            "reinvestment_rate": null,
            "research_to_sale_ratio": null,
            "price_fair": 17.85,
            "eps_avg_yearly": 0.51,
            "eps_latest_yearly": 0.04,
            "eps_growth_yearly": 299.01
        },
        "20154": {
            "year_quarter": 20154,
            "year": 2015,
            "quarter": 4,
            "eps": -0.22,
            "eps_growth_year": -1723.98,
            "eps_4q": -0.68,
            "eps_4q_growth_year": -231.29,
            "roe": -1.78,
            "roe_4q": -5.44,
            "gross_profit": 32813,
            "gross_margin": 4.2,
            "gross_margin_4q_avg": 3.92,
            "net_income": -24798,
            "net_income_4q": null,
            "revenue": 780599,
            "revenue_4q": null,
            "common_shares": 1160911,
            "book_valuer_per_share": 12.06,
            "book_valuer_per_share_4q_avg": 12.38,
            "equity": 1376071,
            "current_ratio": 150.61,
            "debt_ratio": 49.75,
            "inventory_turnover_ratio": 2.24,
            "account_receivable_turnover_ratio": 1.07,
            "reinvestment_rate": null,
            "research_to_sale_ratio": null,
            "price_fair": 17.85,
            "eps_avg_yearly": 0.51,
            "eps_latest_yearly": 0.04,
            "eps_growth_yearly": 299.01
        },
        "20161": {
            "year_quarter": 20161,
            "year": 2016,
            "quarter": 1,
            "eps": -0.07,
            "eps_growth_year": null,
            "eps_4q": -0.54,
            "eps_4q_growth_year": null,
            "roe": -0.62,
            "roe_4q": -4.359999999999999,
            "gross_profit": 35438,
            "gross_margin": 5.44,
            "gross_margin_4q_avg": 4.64,
            "net_income": -8462,
            "net_income_4q": null,
            "revenue": 651580,
            "revenue_4q": null,
            "common_shares": 1160911,
            "book_valuer_per_share": 11.98,
            "book_valuer_per_share_4q_avg": 12.17,
            "equity": 1366512,
            "current_ratio": 141.15,
            "debt_ratio": 50.66,
            "inventory_turnover_ratio": 1.73,
            "account_receivable_turnover_ratio": 0.81,
            "reinvestment_rate": null,
            "research_to_sale_ratio": null,
            "price_fair": 17.85,
            "eps_avg_yearly": 0.51,
            "eps_latest_yearly": 0.04,
            "eps_growth_yearly": 299.01
        },
        "20162": {
            "year_quarter": 20162,
            "year": 2016,
            "quarter": 2,
            "eps": 0.11,
            "eps_growth_year": null,
            "eps_4q": -0.18,
            "eps_4q_growth_year": null,
            "roe": 0.96,
            "roe_4q": -1.49,
            "gross_profit": 74087,
            "gross_margin": 8.64,
            "gross_margin_4q_avg": 6.08,
            "net_income": 13183,
            "net_income_4q": null,
            "revenue": 857362,
            "revenue_4q": null,
            "common_shares": 1160911,
            "book_valuer_per_share": 11.99,
            "book_valuer_per_share_4q_avg": 12.11,
            "equity": 1367458,
            "current_ratio": 139.83,
            "debt_ratio": 52.82,
            "inventory_turnover_ratio": 2,
            "account_receivable_turnover_ratio": 0.96,
            "reinvestment_rate": null,
            "research_to_sale_ratio": null,
            "price_fair": 17.85,
            "eps_avg_yearly": 0.51,
            "eps_latest_yearly": 0.04,
            "eps_growth_yearly": 299.01
        },
        "20163": {
            "year_quarter": 20163,
            "year": 2016,
            "quarter": 3,
            "eps": 0.44,
            "eps_growth_year": null,
            "eps_4q": 0.26,
            "eps_4q_growth_year": null,
            "roe": 3.61,
            "roe_4q": 2.17,
            "gross_profit": 111266,
            "gross_margin": 10.55,
            "gross_margin_4q_avg": 7.21,
            "net_income": 49431,
            "net_income_4q": null,
            "revenue": 1054730,
            "revenue_4q": null,
            "common_shares": 1160911,
            "book_valuer_per_share": 12.36,
            "book_valuer_per_share_4q_avg": 12.1,
            "equity": 1374554,
            "current_ratio": 137.37,
            "debt_ratio": 55.18,
            "inventory_turnover_ratio": 2.53,
            "account_receivable_turnover_ratio": 0.91,
            "reinvestment_rate": -3193.53,
            "research_to_sale_ratio": null,
            "price_fair": 26.6,
            "eps_avg_yearly": 0.76,
            "eps_latest_yearly": 1.76,
            "eps_growth_yearly": 479.2
        },
        "20164": {
            "year_quarter": 20164,
            "year": 2016,
            "quarter": 4,
            "eps": 0.55,
            "eps_growth_year": null,
            "eps_4q": 1.04,
            "eps_4q_growth_year": null,
            "roe": 4.41,
            "roe_4q": 8.360000000000001,
            "gross_profit": 133779,
            "gross_margin": 12.38,
            "gross_margin_4q_avg": 9.25,
            "net_income": 61964,
            "net_income_4q": null,
            "revenue": 1080595,
            "revenue_4q": null,
            "common_shares": 1132511,
            "book_valuer_per_share": 12.79,
            "book_valuer_per_share_4q_avg": 12.28,
            "equity": 1433602,
            "current_ratio": 135.98,
            "debt_ratio": 56,
            "inventory_turnover_ratio": 2.65,
            "account_receivable_turnover_ratio": 0.83,
            "reinvestment_rate": -777.53,
            "research_to_sale_ratio": null,
            "price_fair": 35,
            "eps_avg_yearly": 1,
            "eps_latest_yearly": 2.2,
            "eps_growth_yearly": 416
        },
        "20171": {
            "year_quarter": 20171,
            "year": 2017,
            "quarter": 1,
            "eps": 0.19,
            "eps_growth_year": null,
            "eps_4q": 1.3,
            "eps_4q_growth_year": null,
            "roe": 1.48,
            "roe_4q": 10.46,
            "gross_profit": 81219,
            "gross_margin": 10.9,
            "gross_margin_4q_avg": 10.62,
            "net_income": 21126,
            "net_income_4q": null,
            "revenue": 745306,
            "revenue_4q": null,
            "common_shares": 1132511,
            "book_valuer_per_share": 12.74,
            "book_valuer_per_share_4q_avg": 12.47,
            "equity": 1427959,
            "current_ratio": 145.65,
            "debt_ratio": 48.6,
            "inventory_turnover_ratio": 1.73,
            "account_receivable_turnover_ratio": 0.71,
            "reinvestment_rate": 17.07,
            "research_to_sale_ratio": null,
            "price_fair": 33.8,
            "eps_avg_yearly": 0.97,
            "eps_latest_yearly": 0.76,
            "eps_growth_yearly": 319.17
        },
        "20172": {
            "year_quarter": 20172,
            "year": 2017,
            "quarter": 2,
            "eps": 0.54,
            "eps_growth_year": 390.91,
            "eps_4q": 1.73,
            "eps_4q_growth_year": null,
            "roe": 4.19,
            "roe_4q": 13.69,
            "gross_profit": 130263,
            "gross_margin": 14.76,
            "gross_margin_4q_avg": 12.15,
            "net_income": 60808,
            "net_income_4q": null,
            "revenue": 882581,
            "revenue_4q": null,
            "common_shares": 1132511,
            "book_valuer_per_share": 13.13,
            "book_valuer_per_share_4q_avg": 12.76,
            "equity": 1471578,
            "current_ratio": 142.52,
            "debt_ratio": 51.39,
            "inventory_turnover_ratio": 1.91,
            "account_receivable_turnover_ratio": 0.91,
            "reinvestment_rate": 6.89,
            "research_to_sale_ratio": null,
            "price_fair": 39.03,
            "eps_avg_yearly": 1.12,
            "eps_latest_yearly": 2.16,
            "eps_growth_yearly": 371.38
        },
        "20173": {
            "year_quarter": 20173,
            "year": 2017,
            "quarter": 3,
            "eps": 0.38,
            "eps_growth_year": -13.64,
            "eps_4q": 1.55,
            "eps_4q_growth_year": 485.6,
            "roe": 2.73,
            "roe_4q": 12.81,
            "gross_profit": 175382,
            "gross_margin": 20.05,
            "gross_margin_4q_avg": 14.52,
            "net_income": 43449,
            "net_income_4q": null,
            "revenue": 874723,
            "revenue_4q": null,
            "common_shares": 1212511,
            "book_valuer_per_share": 14.08,
            "book_valuer_per_share_4q_avg": 13.19,
            "equity": 1707195,
            "current_ratio": 156.25,
            "debt_ratio": 48.92,
            "inventory_turnover_ratio": 1.74,
            "account_receivable_turnover_ratio": 0.76,
            "reinvestment_rate": 4.06,
            "research_to_sale_ratio": 7.76,
            "price_fair": 40.6,
            "eps_avg_yearly": 1.16,
            "eps_latest_yearly": 1.52,
            "eps_growth_yearly": 316.95
        },
        "20174": {
            "year_quarter": 20174,
            "year": 2017,
            "quarter": 4,
            "eps": 0.41,
            "eps_growth_year": -25.92,
            "eps_4q": 1.44,
            "eps_4q_growth_year": 39.32,
            "roe": 2.86,
            "roe_4q": 11.260000000000002,
            "gross_profit": 132322,
            "gross_margin": 14.13,
            "gross_margin_4q_avg": 14.96,
            "net_income": 49670,
            "net_income_4q": null,
            "revenue": 936766,
            "revenue_4q": null,
            "common_shares": 1212511,
            "book_valuer_per_share": 14.58,
            "book_valuer_per_share_4q_avg": 13.63,
            "equity": 1767923,
            "current_ratio": 156.55,
            "debt_ratio": 48.81,
            "inventory_turnover_ratio": 1.83,
            "account_receivable_turnover_ratio": 0.72,
            "reinvestment_rate": 16.85,
            "research_to_sale_ratio": 2.56,
            "price_fair": 42.28,
            "eps_avg_yearly": 1.21,
            "eps_latest_yearly": 1.64,
            "eps_growth_yearly": 288.41
        },
        "20181": {
            "year_quarter": 20181,
            "year": 2018,
            "quarter": 1,
            "eps": 0.22,
            "eps_growth_year": 15.79,
            "eps_4q": 1.49,
            "eps_4q_growth_year": 14.33,
            "roe": 1.47,
            "roe_4q": 11.25,
            "gross_profit": 111190,
            "gross_margin": 12.91,
            "gross_margin_4q_avg": 15.46,
            "net_income": 26336,
            "net_income_4q": null,
            "revenue": 861587,
            "revenue_4q": null,
            "common_shares": 1212511,
            "book_valuer_per_share": 14.98,
            "book_valuer_per_share_4q_avg": 14.19,
            "equity": 1816725,
            "current_ratio": 157.71,
            "debt_ratio": 48.23,
            "inventory_turnover_ratio": 1.51,
            "account_receivable_turnover_ratio": 0.61,
            "reinvestment_rate": 29.84,
            "research_to_sale_ratio": 3.29,
            "price_fair": 40.04,
            "eps_avg_yearly": 1.14,
            "eps_latest_yearly": 0.88,
            "eps_growth_yearly": 157.87
        },
        "20182": {
            "year_quarter": 20182,
            "year": 2018,
            "quarter": 2,
            "eps": 0.33,
            "eps_growth_year": -38.89,
            "eps_4q": 1.32,
            "eps_4q_growth_year": -23.66,
            "roe": 2.17,
            "roe_4q": 9.23,
            "gross_profit": 155065,
            "gross_margin": 14.53,
            "gross_margin_4q_avg": 15.41,
            "net_income": 40251,
            "net_income_4q": null,
            "revenue": 1067123,
            "revenue_4q": null,
            "common_shares": 1212511,
            "book_valuer_per_share": 15.57,
            "book_valuer_per_share_4q_avg": 14.8,
            "equity": 1887743,
            "current_ratio": 157.35,
            "debt_ratio": 49.27,
            "inventory_turnover_ratio": 1.71,
            "account_receivable_turnover_ratio": 0.71,
            "reinvestment_rate": 28.33,
            "research_to_sale_ratio": 2.85,
            "price_fair": 44.24,
            "eps_avg_yearly": 1.26,
            "eps_latest_yearly": 1.32,
            "eps_growth_yearly": 214.72
        },
        "20183": {
            "year_quarter": 20183,
            "year": 2018,
            "quarter": 3,
            "eps": 0.37,
            "eps_growth_year": -2.63,
            "eps_4q": 1.32,
            "eps_4q_growth_year": -14.25,
            "roe": 2.39,
            "roe_4q": 8.89,
            "gross_profit": 131228,
            "gross_margin": 13.3,
            "gross_margin_4q_avg": 13.72,
            "net_income": 44386,
            "net_income_4q": null,
            "revenue": 986494,
            "revenue_4q": null,
            "common_shares": 1212511,
            "book_valuer_per_share": 15.12,
            "book_valuer_per_share_4q_avg": 15.06,
            "equity": 1833212,
            "current_ratio": 157.63,
            "debt_ratio": 48.57,
            "inventory_turnover_ratio": 1.71,
            "account_receivable_turnover_ratio": 0.67,
            "reinvestment_rate": 13.26,
            "research_to_sale_ratio": 2.83,
            "price_fair": 48.16,
            "eps_avg_yearly": 1.38,
            "eps_latest_yearly": 1.48,
            "eps_growth_yearly": 139.56
        },
        "20184": {
            "year_quarter": 20184,
            "year": 2018,
            "quarter": 4,
            "eps": 0.27,
            "eps_growth_year": -33.38,
            "eps_4q": 1.19,
            "eps_4q_growth_year": -17.7,
            "roe": 1.79,
            "roe_4q": 7.819999999999999,
            "gross_profit": 124579,
            "gross_margin": 11.1,
            "gross_margin_4q_avg": 12.96,
            "net_income": 33088,
            "net_income_4q": null,
            "revenue": 1122758,
            "revenue_4q": null,
            "common_shares": 1212511,
            "book_valuer_per_share": 15.33,
            "book_valuer_per_share_4q_avg": 15.25,
            "equity": 1858324,
            "current_ratio": 156.19,
            "debt_ratio": 49.06,
            "inventory_turnover_ratio": 2.44,
            "account_receivable_turnover_ratio": 0.74,
            "reinvestment_rate": 8.12,
            "research_to_sale_ratio": 2.42,
            "price_fair": 51.8,
            "eps_avg_yearly": 1.48,
            "eps_latest_yearly": 1.08,
            "eps_growth_yearly": 164.31
        },
        "20191": {
            "year_quarter": 20191,
            "year": 2019,
            "quarter": 1,
            "eps": 0.15,
            "eps_growth_year": -31.82,
            "eps_4q": 1.12,
            "eps_4q_growth_year": -24.34,
            "roe": 0.99,
            "roe_4q": 7.34,
            "gross_profit": 89112,
            "gross_margin": 11.1,
            "gross_margin_4q_avg": 12.51,
            "net_income": 18658,
            "net_income_4q": null,
            "revenue": 803112,
            "revenue_4q": null,
            "common_shares": 1212511,
            "book_valuer_per_share": 15.81,
            "book_valuer_per_share_4q_avg": 15.46,
            "equity": 1916752,
            "current_ratio": 160.08,
            "debt_ratio": 47.04,
            "inventory_turnover_ratio": 1.92,
            "account_receivable_turnover_ratio": 0.51,
            "reinvestment_rate": 8.99,
            "research_to_sale_ratio": 3.14,
            "price_fair": 49,
            "eps_avg_yearly": 1.4,
            "eps_latest_yearly": 0.6,
            "eps_growth_yearly": 133.21
        },
        "20192": {
            "year_quarter": 20192,
            "year": 2019,
            "quarter": 2,
            "eps": 0.4,
            "eps_growth_year": 21.21,
            "eps_4q": 1.19,
            "eps_4q_growth_year": -9.61,
            "roe": 2.53,
            "roe_4q": 7.699999999999999,
            "gross_profit": 146893,
            "gross_margin": 15.34,
            "gross_margin_4q_avg": 12.71,
            "net_income": 48225,
            "net_income_4q": null,
            "revenue": 957585,
            "revenue_4q": null,
            "common_shares": 1212511,
            "book_valuer_per_share": 15.58,
            "book_valuer_per_share_4q_avg": 15.46,
            "equity": 1889458,
            "current_ratio": 162.38,
            "debt_ratio": 45.09,
            "inventory_turnover_ratio": 2.09,
            "account_receivable_turnover_ratio": 0.65,
            "reinvestment_rate": 26.88,
            "research_to_sale_ratio": 3.29,
            "price_fair": 49.58,
            "eps_avg_yearly": 1.42,
            "eps_latest_yearly": 1.6,
            "eps_growth_yearly": 177.67
        },
        "20193": {
            "year_quarter": 20193,
            "year": 2019,
            "quarter": 3,
            "eps": 0.46,
            "eps_growth_year": 24.32,
            "eps_4q": 1.29,
            "eps_4q_growth_year": -2.71,
            "roe": 2.97,
            "roe_4q": 8.280000000000001,
            "gross_profit": 170572,
            "gross_margin": 18.88,
            "gross_margin_4q_avg": 14.11,
            "net_income": 56314,
            "net_income_4q": null,
            "revenue": 903290,
            "revenue_4q": null,
            "common_shares": 1212511,
            "book_valuer_per_share": 15.7,
            "book_valuer_per_share_4q_avg": 15.61,
            "equity": 1903040,
            "current_ratio": 157.8,
            "debt_ratio": 45.19,
            "inventory_turnover_ratio": 1.73,
            "account_receivable_turnover_ratio": 0.63,
            "reinvestment_rate": 23.62,
            "research_to_sale_ratio": 5.2,
            "price_fair": 50.72,
            "eps_avg_yearly": 1.45,
            "eps_latest_yearly": 1.84,
            "eps_growth_yearly": 168.61
        },
        "20194": {
            "year_quarter": 20194,
            "year": 2019,
            "quarter": 4,
            "eps": 0.33,
            "eps_growth_year": 20.56,
            "eps_4q": 1.35,
            "eps_4q_growth_year": 13.21,
            "roe": 2.07,
            "roe_4q": 8.56,
            "gross_profit": 162322,
            "gross_margin": 17.64,
            "gross_margin_4q_avg": 15.74,
            "net_income": 39890,
            "net_income_4q": null,
            "revenue": 920269,
            "revenue_4q": null,
            "common_shares": 1212511,
            "book_valuer_per_share": 16.1,
            "book_valuer_per_share_4q_avg": 15.8,
            "equity": 1952734,
            "current_ratio": 161.8,
            "debt_ratio": 43.06,
            "inventory_turnover_ratio": 1.77,
            "account_receivable_turnover_ratio": 0.65,
            "reinvestment_rate": 34.1,
            "research_to_sale_ratio": 4.54,
            "price_fair": 50.4,
            "eps_avg_yearly": 1.44,
            "eps_latest_yearly": 1.32,
            "eps_growth_yearly": 148.5
        },
        "20201": {
            "year_quarter": 20201,
            "year": 2020,
            "quarter": 1,
            "eps": 0.08,
            "eps_growth_year": -46.67,
            "eps_4q": 1.28,
            "eps_4q_growth_year": 13.57,
            "roe": 0.48,
            "roe_4q": 8.049999999999999,
            "gross_profit": 75655,
            "gross_margin": 13.14,
            "gross_margin_4q_avg": 16.25,
            "net_income": 9178,
            "net_income_4q": null,
            "revenue": 575844,
            "revenue_4q": null,
            "common_shares": 1212511,
            "book_valuer_per_share": 15.86,
            "book_valuer_per_share_4q_avg": 15.81,
            "equity": 1907196,
            "current_ratio": 160.82,
            "debt_ratio": 43.04,
            "inventory_turnover_ratio": 1.25,
            "account_receivable_turnover_ratio": 0.44,
            "reinvestment_rate": 31.28,
            "research_to_sale_ratio": 4.36,
            "price_fair": 47.79,
            "eps_avg_yearly": 1.37,
            "eps_latest_yearly": 0.32,
            "eps_growth_yearly": 118.39
        },
        "20202": {
            "year_quarter": 20202,
            "year": 2020,
            "quarter": 2,
            "eps": 0.45,
            "eps_growth_year": 12.5,
            "eps_4q": 1.33,
            "eps_4q_growth_year": 11.58,
            "roe": 2.86,
            "roe_4q": 8.38,
            "gross_profit": 156319,
            "gross_margin": 21.8,
            "gross_margin_4q_avg": 17.87,
            "net_income": 54366,
            "net_income_4q": null,
            "revenue": 717201,
            "revenue_4q": null,
            "common_shares": 1212511,
            "book_valuer_per_share": 15.76,
            "book_valuer_per_share_4q_avg": 15.86,
            "equity": 1894829,
            "current_ratio": 167.87,
            "debt_ratio": 40.65,
            "inventory_turnover_ratio": 1.47,
            "account_receivable_turnover_ratio": 0.57,
            "reinvestment_rate": 30.91,
            "research_to_sale_ratio": 6.37,
            "price_fair": 48.74,
            "eps_avg_yearly": 1.39,
            "eps_latest_yearly": 1.8,
            "eps_growth_yearly": 226.62
        },
        "20203": {
            "year_quarter": 20203,
            "year": 2020,
            "quarter": 3,
            "eps": 0.22,
            "eps_growth_year": -52.17,
            "eps_4q": 1.08,
            "eps_4q_growth_year": -16.53,
            "roe": 1.35,
            "roe_4q": 6.76,
            "gross_profit": 133032,
            "gross_margin": 20.46,
            "gross_margin_4q_avg": 18.26,
            "net_income": 25942,
            "net_income_4q": null,
            "revenue": 650326,
            "revenue_4q": null,
            "common_shares": 1212511,
            "book_valuer_per_share": 16.1,
            "book_valuer_per_share_4q_avg": 15.96,
            "equity": 1936061,
            "current_ratio": 176.42,
            "debt_ratio": 38.34,
            "inventory_turnover_ratio": 1.42,
            "account_receivable_turnover_ratio": 0.51,
            "reinvestment_rate": 29.21,
            "research_to_sale_ratio": 9.12,
            "price_fair": 46.81,
            "eps_avg_yearly": 1.34,
            "eps_latest_yearly": 0.88,
            "eps_growth_yearly": 138.84
        },
        "20204": {
            "year_quarter": 20204,
            "year": 2020,
            "quarter": 4,
            "eps": 0.98,
            "eps_growth_year": 199.02,
            "eps_4q": 1.73,
            "eps_4q_growth_year": 28.46,
            "roe": 5.84,
            "roe_4q": 10.53,
            "gross_profit": 244312,
            "gross_margin": 24.53,
            "gross_margin_4q_avg": 19.98,
            "net_income": 118295,
            "net_income_4q": null,
            "revenue": 995843,
            "revenue_4q": null,
            "common_shares": 1212511,
            "book_valuer_per_share": 17.59,
            "book_valuer_per_share_4q_avg": 16.33,
            "equity": 2115328,
            "current_ratio": 176.59,
            "debt_ratio": 41.26,
            "inventory_turnover_ratio": 1.74,
            "account_receivable_turnover_ratio": 0.7,
            "reinvestment_rate": 22.17,
            "research_to_sale_ratio": 4.92,
            "price_fair": 50.58,
            "eps_avg_yearly": 1.45,
            "eps_latest_yearly": 3.92,
            "eps_growth_yearly": 218.96
        },
        "20211": {
            "year_quarter": 20211,
            "year": 2021,
            "quarter": 1,
            "eps": 0.8,
            "eps_growth_year": 900,
            "eps_4q": 2.46,
            "eps_4q_growth_year": 92.28,
            "roe": 4.48,
            "roe_4q": 14.53,
            "gross_profit": 213542,
            "gross_margin": 19.24,
            "gross_margin_4q_avg": 21.51,
            "net_income": 96755,
            "net_income_4q": null,
            "revenue": 1109762,
            "revenue_4q": null,
            "common_shares": 1212511,
            "book_valuer_per_share": 18.36,
            "book_valuer_per_share_4q_avg": 16.95,
            "equity": 2208049,
            "current_ratio": 174.63,
            "debt_ratio": 47.07,
            "inventory_turnover_ratio": 1.7,
            "account_receivable_turnover_ratio": 0.61,
            "reinvestment_rate": 14.68,
            "research_to_sale_ratio": 4.29,
            "price_fair": 55.91,
            "eps_avg_yearly": 1.6,
            "eps_latest_yearly": 3.2,
            "eps_growth_yearly": 230.73
        },
        "20212": {
            "year_quarter": 20212,
            "year": 2021,
            "quarter": 2,
            "eps": 0.8,
            "eps_growth_year": 77.78,
            "eps_4q": 2.8,
            "eps_4q_growth_year": 111.11,
            "roe": 4.28,
            "roe_4q": 15.950000000000001,
            "gross_profit": 251659,
            "gross_margin": 26.18,
            "gross_margin_4q_avg": 22.6,
            "net_income": 96255,
            "net_income_4q": null,
            "revenue": 961126,
            "revenue_4q": null,
            "common_shares": 1212511,
            "book_valuer_per_share": 19,
            "book_valuer_per_share_4q_avg": 17.76,
            "equity": 2285217,
            "current_ratio": 181.9,
            "debt_ratio": 45.62,
            "inventory_turnover_ratio": 1.19,
            "account_receivable_turnover_ratio": 0.53,
            "reinvestment_rate": 10.86,
            "research_to_sale_ratio": 5.47,
            "price_fair": 58.19,
            "eps_avg_yearly": 1.66,
            "eps_latest_yearly": 3.2,
            "eps_growth_yearly": 184.67
        },
        "20213": {
            "year_quarter": 20213,
            "year": 2021,
            "quarter": 3,
            "eps": 0.43,
            "eps_growth_year": 95.45,
            "eps_4q": 3.02,
            "eps_4q_growth_year": 180.94,
            "roe": 2.32,
            "roe_4q": 16.92,
            "gross_profit": 201957,
            "gross_margin": 19.3,
            "gross_margin_4q_avg": 22.31,
            "net_income": 52170,
            "net_income_4q": null,
            "revenue": 1046651,
            "revenue_4q": null,
            "common_shares": 1212511,
            "book_valuer_per_share": 18.43,
            "book_valuer_per_share_4q_avg": 18.35,
            "equity": 2216044,
            "current_ratio": 175.93,
            "debt_ratio": 47.38,
            "inventory_turnover_ratio": 1.43,
            "account_receivable_turnover_ratio": 0.59,
            "reinvestment_rate": 11.31,
            "research_to_sale_ratio": 5.13,
            "price_fair": 58.63,
            "eps_avg_yearly": 1.68,
            "eps_latest_yearly": 1.72,
            "eps_growth_yearly": 180.52
        },
        "20214": {
            "year_quarter": 20214,
            "year": 2021,
            "quarter": 4,
            "eps": 2.12,
            "eps_growth_year": 115.75,
            "eps_4q": 4.16,
            "eps_4q_growth_year": 140.83,
            "roe": 10.85,
            "roe_4q": 21.93,
            "gross_profit": 390695,
            "gross_margin": 28,
            "gross_margin_4q_avg": 23.18,
            "net_income": 255222,
            "net_income_4q": null,
            "revenue": 1395105,
            "revenue_4q": null,
            "common_shares": 1212511,
            "book_valuer_per_share": 20.69,
            "book_valuer_per_share_4q_avg": 19.12,
            "equity": 2488263,
            "current_ratio": 187.72,
            "debt_ratio": 44.53,
            "inventory_turnover_ratio": 1.86,
            "account_receivable_turnover_ratio": 0.66,
            "reinvestment_rate": 8,
            "research_to_sale_ratio": 3.98,
            "price_fair": 73.59,
            "eps_avg_yearly": 2.1,
            "eps_latest_yearly": 8.48,
            "eps_growth_yearly": 276.8
        },
        "20221": {
            "year_quarter": 20221,
            "year": 2022,
            "quarter": 1,
            "eps": 1.46,
            "eps_growth_year": 82.5,
            "eps_4q": 4.82,
            "eps_4q_growth_year": 96.08,
            "roe": 6.73,
            "roe_4q": 24.18,
            "gross_profit": 333180,
            "gross_margin": 20.87,
            "gross_margin_4q_avg": 23.59,
            "net_income": 175481,
            "net_income_4q": null,
            "revenue": 1596496,
            "revenue_4q": null,
            "common_shares": 1212511,
            "book_valuer_per_share": 22.65,
            "book_valuer_per_share_4q_avg": 20.19,
            "equity": 2724045,
            "current_ratio": 173.95,
            "debt_ratio": 49.51,
            "inventory_turnover_ratio": 1.96,
            "account_receivable_turnover_ratio": 0.6,
            "reinvestment_rate": 6.64,
            "research_to_sale_ratio": 3.59,
            "price_fair": 84.44,
            "eps_avg_yearly": 2.41,
            "eps_latest_yearly": 5.84,
            "eps_growth_yearly": 280.6
        },
        "20222": {
            "year_quarter": 20222,
            "year": 2022,
            "quarter": 2,
            "eps": 1.33,
            "eps_growth_year": 66.25,
            "eps_4q": 5.37,
            "eps_4q_growth_year": 91.46,
            "roe": 5.96,
            "roe_4q": 25.86,
            "gross_profit": 329958,
            "gross_margin": 22.02,
            "gross_margin_4q_avg": 22.55,
            "net_income": 160151,
            "net_income_4q": null,
            "revenue": 1498356,
            "revenue_4q": null,
            "common_shares": 1212511,
            "book_valuer_per_share": 22.13,
            "book_valuer_per_share_4q_avg": 20.98,
            "equity": 2650563,
            "current_ratio": 150.6,
            "debt_ratio": 54.38,
            "inventory_turnover_ratio": 1.5,
            "account_receivable_turnover_ratio": 0.5,
            "reinvestment_rate": 18.41,
            "research_to_sale_ratio": 3.48,
            "price_fair": 93.19,
            "eps_avg_yearly": 2.66,
            "eps_latest_yearly": 5.32,
            "eps_growth_yearly": 265.88
        },
        "20223": {
            "year_quarter": 20223,
            "year": 2022,
            "quarter": 3,
            "eps": 1.35,
            "eps_growth_year": 213.95,
            "eps_4q": 6.29,
            "eps_4q_growth_year": 107.98,
            "roe": 5.92,
            "roe_4q": 29.46,
            "gross_profit": 402132,
            "gross_margin": 21.1,
            "gross_margin_4q_avg": 23,
            "net_income": 161963,
            "net_income_4q": null,
            "revenue": 1905851,
            "revenue_4q": null,
            "common_shares": 1212511,
            "book_valuer_per_share": 23.58,
            "book_valuer_per_share_4q_avg": 22.26,
            "equity": 2823466,
            "current_ratio": 151.76,
            "debt_ratio": 55.03,
            "inventory_turnover_ratio": 1.84,
            "account_receivable_turnover_ratio": 0.61,
            "reinvestment_rate": 16.21,
            "research_to_sale_ratio": 3.41,
            "price_fair": 101.76,
            "eps_avg_yearly": 2.91,
            "eps_latest_yearly": 5.4,
            "eps_growth_yearly": 263.22
        },
        "20224": {
            "year_quarter": 20224,
            "year": 2022,
            "quarter": 4,
            "eps": 1.49,
            "eps_growth_year": -30.02,
            "eps_4q": 5.64,
            "eps_4q_growth_year": 35.55,
            "roe": 6.13,
            "roe_4q": 24.740000000000002,
            "gross_profit": 421787,
            "gross_margin": 22.66,
            "gross_margin_4q_avg": 21.66,
            "net_income": 177863,
            "net_income_4q": null,
            "revenue": 1861203,
            "revenue_4q": null,
            "common_shares": 1212511,
            "book_valuer_per_share": 24.84,
            "book_valuer_per_share_4q_avg": 23.3,
            "equity": 2975145,
            "current_ratio": 160.38,
            "debt_ratio": 54.17,
            "inventory_turnover_ratio": 1.74,
            "account_receivable_turnover_ratio": 0.55,
            "reinvestment_rate": 19.5,
            "research_to_sale_ratio": 4.08,
            "price_fair": 112.44,
            "eps_avg_yearly": 3.21,
            "eps_latest_yearly": 5.96,
            "eps_growth_yearly": 272.57
        },
        "20231": {
            "year_quarter": 20231,
            "year": 2023,
            "quarter": 1,
            "eps": 0.93,
            "eps_growth_year": -36.3,
            "eps_4q": 5.06,
            "eps_4q_growth_year": 5.09,
            "roe": 3.63,
            "roe_4q": 21.64,
            "gross_profit": 308603,
            "gross_margin": 20.57,
            "gross_margin_4q_avg": 21.59,
            "net_income": 111166,
            "net_income_4q": null,
            "revenue": 1500607,
            "revenue_4q": null,
            "common_shares": 1212511,
            "book_valuer_per_share": 26.15,
            "book_valuer_per_share_4q_avg": 24.18,
            "equity": 3158029,
            "current_ratio": 170.91,
            "debt_ratio": 51.05,
            "inventory_turnover_ratio": 1.45,
            "account_receivable_turnover_ratio": 0.44,
            "reinvestment_rate": 19.17,
            "research_to_sale_ratio": 3.66,
            "price_fair": 119.26,
            "eps_avg_yearly": 3.41,
            "eps_latest_yearly": 3.72,
            "eps_growth_yearly": 274.29
        },
        "20232": {
            "year_quarter": 20232,
            "year": 2023,
            "quarter": 2,
            "eps": 0.92,
            "eps_growth_year": -30.83,
            "eps_4q": 4.66,
            "eps_4q_growth_year": -13.23,
            "roe": 3.65,
            "roe_4q": 19.33,
            "gross_profit": 308884,
            "gross_margin": 20.06,
            "gross_margin_4q_avg": 21.1,
            "net_income": 111645,
            "net_income_4q": null,
            "revenue": 1539549,
            "revenue_4q": null,
            "common_shares": 1212511,
            "book_valuer_per_share": 24.56,
            "book_valuer_per_share_4q_avg": 24.78,
            "equity": 2966033,
            "current_ratio": 156.98,
            "debt_ratio": 53.53,
            "inventory_turnover_ratio": 1.47,
            "account_receivable_turnover_ratio": 0.47,
            "reinvestment_rate": 10.4,
            "research_to_sale_ratio": 3.7,
            "price_fair": 123.81,
            "eps_avg_yearly": 3.54,
            "eps_latest_yearly": 3.68,
            "eps_growth_yearly": 232.35
        },
        "20233": {
            "year_quarter": 20233,
            "year": 2023,
            "quarter": 3,
            "eps": 1.2,
            "eps_growth_year": -11.11,
            "eps_4q": 4.52,
            "eps_4q_growth_year": -28.1,
            "roe": 4.72,
            "roe_4q": 18.13,
            "gross_profit": 317488,
            "gross_margin": 17.62,
            "gross_margin_4q_avg": 20.23,
            "net_income": 145150,
            "net_income_4q": null,
            "revenue": 1802224,
            "revenue_4q": null,
            "common_shares": 1212511,
            "book_valuer_per_share": 26.32,
            "book_valuer_per_share_4q_avg": 25.47,
            "equity": 3177833,
            "current_ratio": 161.29,
            "debt_ratio": 51.35,
            "inventory_turnover_ratio": 1.68,
            "account_receivable_turnover_ratio": 0.54,
            "reinvestment_rate": 11.21,
            "research_to_sale_ratio": 3.72,
            "price_fair": 130.29,
            "eps_avg_yearly": 3.72,
            "eps_latest_yearly": 4.8,
            "eps_growth_yearly": 236.21
        }
    },
    "months": {
        "2004-02": {
            "month": "2004-02",
            "price": "23.50",
            "revenue": 517389
        },
        "2004-03": {
            "month": "2004-03",
            "price": "23.91",
            "revenue": 443666
        },
        "2004-04": {
            "month": "2004-04",
            "price": "23.54",
            "revenue": 469352
        },
        "2004-05": {
            "month": "2004-05",
            "price": "22.77",
            "revenue": 420864
        },
        "2004-06": {
            "month": "2004-06",
            "price": "17.14",
            "revenue": 478909
        },
        "2004-07": {
            "month": "2004-07",
            "price": "14.23",
            "revenue": 471915
        },
        "2004-08": {
            "month": "2004-08",
            "price": "12.88",
            "revenue": 458952
        },
        "2004-09": {
            "month": "2004-09",
            "price": "12.44",
            "revenue": 496738
        },
        "2004-10": {
            "month": "2004-10",
            "price": "11.59",
            "revenue": 514995
        },
        "2004-11": {
            "month": "2004-11",
            "price": "11.50",
            "revenue": 573849
        },
        "2004-12": {
            "month": "2004-12",
            "price": "10.10",
            "revenue": 564735
        },
        "2005-01": {
            "month": "2005-01",
            "price": "10.20",
            "revenue": 476935
        },
        "2005-02": {
            "month": "2005-02",
            "price": "10.41",
            "revenue": 428274
        },
        "2005-03": {
            "month": "2005-03",
            "price": "10.60",
            "revenue": 529574
        },
        "2005-04": {
            "month": "2005-04",
            "price": "10.46",
            "revenue": 515799
        },
        "2005-05": {
            "month": "2005-05",
            "price": "11.76",
            "revenue": 454881
        },
        "2005-06": {
            "month": "2005-06",
            "price": "12.20",
            "revenue": 429456
        },
        "2005-07": {
            "month": "2005-07",
            "price": "14.22",
            "revenue": 445394
        },
        "2005-08": {
            "month": "2005-08",
            "price": "13.34",
            "revenue": 445662
        },
        "2005-09": {
            "month": "2005-09",
            "price": "12.37",
            "revenue": 501197
        },
        "2005-10": {
            "month": "2005-10",
            "price": "11.99",
            "revenue": 533795
        },
        "2005-11": {
            "month": "2005-11",
            "price": "10.80",
            "revenue": 508776
        },
        "2005-12": {
            "month": "2005-12",
            "price": "11.69",
            "revenue": 468869
        },
        "2006-01": {
            "month": "2006-01",
            "price": "14.99",
            "revenue": 481531
        },
        "2006-02": {
            "month": "2006-02",
            "price": "15.34",
            "revenue": 492469
        },
        "2006-03": {
            "month": "2006-03",
            "price": "13.77",
            "revenue": 447789
        },
        "2006-04": {
            "month": "2006-04",
            "price": "14.17",
            "revenue": 693135
        },
        "2006-05": {
            "month": "2006-05",
            "price": "12.46",
            "revenue": 612805
        },
        "2006-06": {
            "month": "2006-06",
            "price": "10.55",
            "revenue": 600215
        },
        "2006-07": {
            "month": "2006-07",
            "price": "9.19",
            "revenue": 628342
        },
        "2006-08": {
            "month": "2006-08",
            "price": "8.54",
            "revenue": 605873
        },
        "2006-09": {
            "month": "2006-09",
            "price": "7.59",
            "revenue": 734434
        },
        "2006-10": {
            "month": "2006-10",
            "price": "8.09",
            "revenue": 824867
        },
        "2006-11": {
            "month": "2006-11",
            "price": "9.17",
            "revenue": 791884
        },
        "2006-12": {
            "month": "2006-12",
            "price": "10.89",
            "revenue": 715960
        },
        "2007-01": {
            "month": "2007-01",
            "price": "10.78",
            "revenue": 679066
        },
        "2007-02": {
            "month": "2007-02",
            "price": "10.20",
            "revenue": 515774
        },
        "2007-03": {
            "month": "2007-03",
            "price": "10.19",
            "revenue": 672394
        },
        "2007-04": {
            "month": "2007-04",
            "price": "12.50",
            "revenue": 720791
        },
        "2007-05": {
            "month": "2007-05",
            "price": "13.18",
            "revenue": 621658
        },
        "2007-06": {
            "month": "2007-06",
            "price": "14.45",
            "revenue": 603181
        },
        "2007-07": {
            "month": "2007-07",
            "price": "16.85",
            "revenue": 568553
        },
        "2007-08": {
            "month": "2007-08",
            "price": "15.87",
            "revenue": 726625
        },
        "2007-09": {
            "month": "2007-09",
            "price": "15.03",
            "revenue": 657053
        },
        "2007-10": {
            "month": "2007-10",
            "price": "13.63",
            "revenue": 750088
        },
        "2007-11": {
            "month": "2007-11",
            "price": "12.44",
            "revenue": 651812
        },
        "2007-12": {
            "month": "2007-12",
            "price": "11.60",
            "revenue": 682539
        },
        "2008-01": {
            "month": "2008-01",
            "price": "10.94",
            "revenue": 691942
        },
        "2008-02": {
            "month": "2008-02",
            "price": "11.66",
            "revenue": 501532
        },
        "2008-03": {
            "month": "2008-03",
            "price": "13.97",
            "revenue": 632604
        },
        "2008-04": {
            "month": "2008-04",
            "price": "14.35",
            "revenue": 682494
        },
        "2008-05": {
            "month": "2008-05",
            "price": "11.96",
            "revenue": 430946
        },
        "2008-06": {
            "month": "2008-06",
            "price": "8.82",
            "revenue": 454555
        },
        "2008-07": {
            "month": "2008-07",
            "price": "6.96",
            "revenue": 535178
        },
        "2008-08": {
            "month": "2008-08",
            "price": "6.85",
            "revenue": 510536
        },
        "2008-09": {
            "month": "2008-09",
            "price": "4.90",
            "revenue": 510589
        },
        "2008-10": {
            "month": "2008-10",
            "price": "4.35",
            "revenue": 487282
        },
        "2008-11": {
            "month": "2008-11",
            "price": "4.15",
            "revenue": 397687
        },
        "2008-12": {
            "month": "2008-12",
            "price": "3.80",
            "revenue": 289071
        },
        "2009-01": {
            "month": "2009-01",
            "price": "3.77",
            "revenue": 212399
        },
        "2009-02": {
            "month": "2009-02",
            "price": "3.59",
            "revenue": 239473
        },
        "2009-03": {
            "month": "2009-03",
            "price": "4.35",
            "revenue": 266550
        },
        "2009-04": {
            "month": "2009-04",
            "price": "5.84",
            "revenue": 311619
        },
        "2009-05": {
            "month": "2009-05",
            "price": "5.25",
            "revenue": 325315
        },
        "2009-06": {
            "month": "2009-06",
            "price": "5.90",
            "revenue": 334079
        },
        "2009-07": {
            "month": "2009-07",
            "price": "7.14",
            "revenue": 315589
        },
        "2009-08": {
            "month": "2009-08",
            "price": "7.29",
            "revenue": 325331
        },
        "2009-09": {
            "month": "2009-09",
            "price": "7.88",
            "revenue": 383359
        },
        "2009-10": {
            "month": "2009-10",
            "price": "8.34",
            "revenue": 376643
        },
        "2009-11": {
            "month": "2009-11",
            "price": "9.71",
            "revenue": 370544
        },
        "2009-12": {
            "month": "2009-12",
            "price": "11.23",
            "revenue": 348522
        },
        "2010-01": {
            "month": "2010-01",
            "price": "13.70",
            "revenue": 303096
        },
        "2010-02": {
            "month": "2010-02",
            "price": "11.34",
            "revenue": 276699
        },
        "2010-03": {
            "month": "2010-03",
            "price": "12.98",
            "revenue": 359801
        },
        "2010-04": {
            "month": "2010-04",
            "price": "13.08",
            "revenue": 314900
        },
        "2010-05": {
            "month": "2010-05",
            "price": "10.96",
            "revenue": 324508
        },
        "2010-06": {
            "month": "2010-06",
            "price": "10.36",
            "revenue": 348370
        },
        "2010-07": {
            "month": "2010-07",
            "price": "10.62",
            "revenue": 302083
        },
        "2010-08": {
            "month": "2010-08",
            "price": "10.46",
            "revenue": 307317
        },
        "2010-09": {
            "month": "2010-09",
            "price": "10.12",
            "revenue": 295704
        },
        "2010-10": {
            "month": "2010-10",
            "price": "9.38",
            "revenue": 329165
        },
        "2010-11": {
            "month": "2010-11",
            "price": "8.10",
            "revenue": 364975
        },
        "2010-12": {
            "month": "2010-12",
            "price": "8.92",
            "revenue": 359555
        },
        "2011-01": {
            "month": "2011-01",
            "price": "8.84",
            "revenue": 272184
        },
        "2011-02": {
            "month": "2011-02",
            "price": "8.29",
            "revenue": 215799
        },
        "2011-03": {
            "month": "2011-03",
            "price": "7.92",
            "revenue": 300389
        },
        "2011-04": {
            "month": "2011-04",
            "price": "7.78",
            "revenue": 352885
        },
        "2011-05": {
            "month": "2011-05",
            "price": "7.53",
            "revenue": 376849
        },
        "2011-06": {
            "month": "2011-06",
            "price": "7.87",
            "revenue": 289548
        },
        "2011-07": {
            "month": "2011-07",
            "price": "7.75",
            "revenue": 269182
        },
        "2011-08": {
            "month": "2011-08",
            "price": "6.59",
            "revenue": 335108
        },
        "2011-09": {
            "month": "2011-09",
            "price": "6.17",
            "revenue": 344279
        },
        "2011-10": {
            "month": "2011-10",
            "price": "5.99",
            "revenue": 321608
        },
        "2011-11": {
            "month": "2011-11",
            "price": "5.56",
            "revenue": 288009
        },
        "2011-12": {
            "month": "2011-12",
            "price": "5.58",
            "revenue": 290335
        },
        "2012-01": {
            "month": "2012-01",
            "price": "5.73",
            "revenue": 196503
        },
        "2012-02": {
            "month": "2012-02",
            "price": "6.83",
            "revenue": 230894
        },
        "2012-03": {
            "month": "2012-03",
            "price": "6.95",
            "revenue": 279450
        },
        "2012-04": {
            "month": "2012-04",
            "price": "6.23",
            "revenue": 265895
        },
        "2012-05": {
            "month": "2012-05",
            "price": "5.94",
            "revenue": 303806
        },
        "2012-06": {
            "month": "2012-06",
            "price": "5.09",
            "revenue": 290445
        },
        "2012-07": {
            "month": "2012-07",
            "price": "5.21",
            "revenue": 261005
        },
        "2012-08": {
            "month": "2012-08",
            "price": "5.48",
            "revenue": 328668
        },
        "2012-09": {
            "month": "2012-09",
            "price": "5.35",
            "revenue": 282093
        },
        "2012-10": {
            "month": "2012-10",
            "price": "5.19",
            "revenue": 199957
        },
        "2012-11": {
            "month": "2012-11",
            "price": "4.69",
            "revenue": 264651
        },
        "2012-12": {
            "month": "2012-12",
            "price": "5.08",
            "revenue": 304874
        },
        "2013-01": {
            "month": "2013-01",
            "price": "5.72",
            "revenue": 234164
        },
        "2013-02": {
            "month": "2013-02",
            "price": "6.30",
            "revenue": 207895
        },
        "2013-03": {
            "month": "2013-03",
            "price": "5.86",
            "revenue": 231206
        },
        "2013-04": {
            "month": "2013-04",
            "price": "6.38",
            "revenue": 227864
        },
        "2013-05": {
            "month": "2013-05",
            "price": "6.85",
            "revenue": 220244
        },
        "2013-06": {
            "month": "2013-06",
            "price": "6.59",
            "revenue": 246437
        },
        "2013-07": {
            "month": "2013-07",
            "price": "6.58",
            "revenue": 212102
        },
        "2013-08": {
            "month": "2013-08",
            "price": "6.28",
            "revenue": 218230
        },
        "2013-09": {
            "month": "2013-09",
            "price": "6.23",
            "revenue": 249517
        },
        "2013-10": {
            "month": "2013-10",
            "price": "6.18",
            "revenue": 251475
        },
        "2013-11": {
            "month": "2013-11",
            "price": "6.06",
            "revenue": 258784
        },
        "2013-12": {
            "month": "2013-12",
            "price": "6.28",
            "revenue": 328603
        },
        "2014-01": {
            "month": "2014-01",
            "price": "7.12",
            "revenue": 249474
        },
        "2014-02": {
            "month": "2014-02",
            "price": "8.20",
            "revenue": 231955
        },
        "2014-03": {
            "month": "2014-03",
            "price": "8.00",
            "revenue": 276858
        },
        "2014-04": {
            "month": "2014-04",
            "price": "8.08",
            "revenue": 252061
        },
        "2014-05": {
            "month": "2014-05",
            "price": "8.14",
            "revenue": 255828
        },
        "2014-06": {
            "month": "2014-06",
            "price": "9.70",
            "revenue": 295308
        },
        "2014-07": {
            "month": "2014-07",
            "price": "10.66",
            "revenue": 245529
        },
        "2014-08": {
            "month": "2014-08",
            "price": "10.09",
            "revenue": 260854
        },
        "2014-09": {
            "month": "2014-09",
            "price": "9.38",
            "revenue": 320653
        },
        "2014-10": {
            "month": "2014-10",
            "price": "8.90",
            "revenue": 305976
        },
        "2014-11": {
            "month": "2014-11",
            "price": "9.21",
            "revenue": 281597
        },
        "2014-12": {
            "month": "2014-12",
            "price": "9.20",
            "revenue": 267891
        },
        "2015-01": {
            "month": "2015-01",
            "price": "9.28",
            "revenue": 214637
        },
        "2015-02": {
            "month": "2015-02",
            "price": "9.26",
            "revenue": 155485
        },
        "2015-03": {
            "month": "2015-03",
            "price": "9.12",
            "revenue": 212727
        },
        "2015-04": {
            "month": "2015-04",
            "price": "8.80",
            "revenue": 215080
        },
        "2015-05": {
            "month": "2015-05",
            "price": "7.92",
            "revenue": 202057
        },
        "2015-06": {
            "month": "2015-06",
            "price": "7.23",
            "revenue": 213661
        },
        "2015-07": {
            "month": "2015-07",
            "price": "6.22",
            "revenue": 184819
        },
        "2015-08": {
            "month": "2015-08",
            "price": "5.23",
            "revenue": 220494
        },
        "2015-09": {
            "month": "2015-09",
            "price": "5.50",
            "revenue": 240609
        },
        "2015-10": {
            "month": "2015-10",
            "price": "5.63",
            "revenue": 261952
        },
        "2015-11": {
            "month": "2015-11",
            "price": "5.40",
            "revenue": 249565
        },
        "2015-12": {
            "month": "2015-12",
            "price": "5.22",
            "revenue": 273907
        },
        "2016-01": {
            "month": "2016-01",
            "price": "5.02",
            "revenue": 237271
        },
        "2016-02": {
            "month": "2016-02",
            "price": "5.14",
            "revenue": 161401
        },
        "2016-03": {
            "month": "2016-03",
            "price": "5.82",
            "revenue": 252908
        },
        "2016-04": {
            "month": "2016-04",
            "price": "6.87",
            "revenue": 244034
        },
        "2016-05": {
            "month": "2016-05",
            "price": "7.46",
            "revenue": 282122
        },
        "2016-06": {
            "month": "2016-06",
            "price": "8.82",
            "revenue": 348088
        },
        "2016-07": {
            "month": "2016-07",
            "price": "9.18",
            "revenue": 316504
        },
        "2016-08": {
            "month": "2016-08",
            "price": "10.16",
            "revenue": 353590
        },
        "2016-09": {
            "month": "2016-09",
            "price": "10.47",
            "revenue": 384635
        },
        "2016-10": {
            "month": "2016-10",
            "price": "10.71",
            "revenue": 387694
        },
        "2016-11": {
            "month": "2016-11",
            "price": "11.98",
            "revenue": 332383
        },
        "2016-12": {
            "month": "2016-12",
            "price": "14.00",
            "revenue": 362397
        },
        "2017-01": {
            "month": "2017-01",
            "price": "17.27",
            "revenue": 238268
        },
        "2017-02": {
            "month": "2017-02",
            "price": "23.28",
            "revenue": 192361
        },
        "2017-03": {
            "month": "2017-03",
            "price": "22.88",
            "revenue": 314304
        },
        "2017-04": {
            "month": "2017-04",
            "price": "19.37",
            "revenue": 278399
        },
        "2017-05": {
            "month": "2017-05",
            "price": "19.00",
            "revenue": 253377
        },
        "2017-06": {
            "month": "2017-06",
            "price": "20.27",
            "revenue": 356143
        },
        "2017-07": {
            "month": "2017-07",
            "price": "21.92",
            "revenue": 301870
        },
        "2017-08": {
            "month": "2017-08",
            "price": "22.35",
            "revenue": 276827
        },
        "2017-09": {
            "month": "2017-09",
            "price": "21.71",
            "revenue": 296709
        },
        "2017-10": {
            "month": "2017-10",
            "price": "25.44",
            "revenue": 303303
        },
        "2017-11": {
            "month": "2017-11",
            "price": "28.42",
            "revenue": 317418
        },
        "2017-12": {
            "month": "2017-12",
            "price": "24.68",
            "revenue": 315199
        },
        "2018-01": {
            "month": "2018-01",
            "price": "22.94",
            "revenue": 304806
        },
        "2018-02": {
            "month": "2018-02",
            "price": "21.26",
            "revenue": 221393
        },
        "2018-03": {
            "month": "2018-03",
            "price": "23.65",
            "revenue": 335388
        },
        "2018-04": {
            "month": "2018-04",
            "price": "22.52",
            "revenue": 350245
        },
        "2018-05": {
            "month": "2018-05",
            "price": "22.15",
            "revenue": 360335
        },
        "2018-06": {
            "month": "2018-06",
            "price": "25.28",
            "revenue": 356543
        },
        "2018-07": {
            "month": "2018-07",
            "price": "23.42",
            "revenue": 310788
        },
        "2018-08": {
            "month": "2018-08",
            "price": "21.15",
            "revenue": 313675
        },
        "2018-09": {
            "month": "2018-09",
            "price": "19.37",
            "revenue": 362031
        },
        "2018-10": {
            "month": "2018-10",
            "price": "15.80",
            "revenue": 389332
        },
        "2018-11": {
            "month": "2018-11",
            "price": "15.80",
            "revenue": 388206
        },
        "2018-12": {
            "month": "2018-12",
            "price": "17.94",
            "revenue": 345220
        },
        "2019-01": {
            "month": "2019-01",
            "price": "17.89",
            "revenue": 289747
        },
        "2019-02": {
            "month": "2019-02",
            "price": "18.65",
            "revenue": 180705
        },
        "2019-03": {
            "month": "2019-03",
            "price": "18.40",
            "revenue": 332660
        },
        "2019-04": {
            "month": "2019-04",
            "price": "17.68",
            "revenue": 288317
        },
        "2019-05": {
            "month": "2019-05",
            "price": "14.88",
            "revenue": 320140
        },
        "2019-06": {
            "month": "2019-06",
            "price": "14.24",
            "revenue": 349128
        },
        "2019-07": {
            "month": "2019-07",
            "price": "15.17",
            "revenue": 266879
        },
        "2019-08": {
            "month": "2019-08",
            "price": "15.14",
            "revenue": 329653
        },
        "2019-09": {
            "month": "2019-09",
            "price": "16.05",
            "revenue": 306758
        },
        "2019-10": {
            "month": "2019-10",
            "price": "15.68",
            "revenue": 287552
        },
        "2019-11": {
            "month": "2019-11",
            "price": "15.76",
            "revenue": 317414
        },
        "2019-12": {
            "month": "2019-12",
            "price": "15.84",
            "revenue": 315303
        },
        "2020-01": {
            "month": "2020-01",
            "price": "17.28",
            "revenue": 240585
        },
        "2020-02": {
            "month": "2020-02",
            "price": "18.83",
            "revenue": 98852
        },
        "2020-03": {
            "month": "2020-03",
            "price": "14.03",
            "revenue": 236407
        },
        "2020-04": {
            "month": "2020-04",
            "price": "14.17",
            "revenue": 256359
        },
        "2020-05": {
            "month": "2020-05",
            "price": "17.50",
            "revenue": 256105
        },
        "2020-06": {
            "month": "2020-06",
            "price": "17.34",
            "revenue": 204737
        },
        "2020-07": {
            "month": "2020-07",
            "price": "17.97",
            "revenue": 189753
        },
        "2020-08": {
            "month": "2020-08",
            "price": "19.01",
            "revenue": 220010
        },
        "2020-09": {
            "month": "2020-09",
            "price": "19.29",
            "revenue": 240563
        },
        "2020-10": {
            "month": "2020-10",
            "price": "18.56",
            "revenue": 306328
        },
        "2020-11": {
            "month": "2020-11",
            "price": "18.53",
            "revenue": 302051
        },
        "2020-12": {
            "month": "2020-12",
            "price": "19.15",
            "revenue": 389558
        },
        "2021-01": {
            "month": "2021-01",
            "price": "22.87",
            "revenue": 403877
        },
        "2021-02": {
            "month": "2021-02",
            "price": "26.09",
            "revenue": 297894
        },
        "2021-03": {
            "month": "2021-03",
            "price": "38.52",
            "revenue": 407991
        },
        "2021-04": {
            "month": "2021-04",
            "price": "51.47",
            "revenue": 341512
        },
        "2021-05": {
            "month": "2021-05",
            "price": "40.55",
            "revenue": 316174
        },
        "2021-06": {
            "month": "2021-06",
            "price": "44.15",
            "revenue": 303439
        },
        "2021-07": {
            "month": "2021-07",
            "price": "52.60",
            "revenue": 307162
        },
        "2021-08": {
            "month": "2021-08",
            "price": "46.55",
            "revenue": 357948
        },
        "2021-09": {
            "month": "2021-09",
            "price": "42.17",
            "revenue": 381541
        },
        "2021-10": {
            "month": "2021-10",
            "price": "40.70",
            "revenue": 424832
        },
        "2021-11": {
            "month": "2021-11",
            "price": "53.74",
            "revenue": 437854
        },
        "2021-12": {
            "month": "2021-12",
            "price": "66.15",
            "revenue": 532420
        },
        "2022-01": {
            "month": "2022-01",
            "price": "58.22",
            "revenue": 491607
        },
        "2022-02": {
            "month": "2022-02",
            "price": "55.95",
            "revenue": 479828
        },
        "2022-03": {
            "month": "2022-03",
            "price": "56.52",
            "revenue": 625060
        },
        "2022-04": {
            "month": "2022-04",
            "price": "67.44",
            "revenue": 404088
        },
        "2022-05": {
            "month": "2022-05",
            "price": "59.70",
            "revenue": 537914
        },
        "2022-06": {
            "month": "2022-06",
            "price": "63.82",
            "revenue": 556354
        },
        "2022-07": {
            "month": "2022-07",
            "price": "61.83",
            "revenue": 643424
        },
        "2022-08": {
            "month": "2022-08",
            "price": "62.96",
            "revenue": 614417
        },
        "2022-09": {
            "month": "2022-09",
            "price": "61.42",
            "revenue": 648010
        },
        "2022-10": {
            "month": "2022-10",
            "price": "55.36",
            "revenue": 638361
        },
        "2022-11": {
            "month": "2022-11",
            "price": "56.87",
            "revenue": 644274
        },
        "2022-12": {
            "month": "2022-12",
            "price": "56.00",
            "revenue": 595597
        },
        "2023-01": {
            "month": "2023-01",
            "price": "53.42",
            "revenue": 438322
        },
        "2023-02": {
            "month": "2023-02",
            "price": "56.70",
            "revenue": 488337
        },
        "2023-03": {
            "month": "2023-03",
            "price": "54.82",
            "revenue": 573948
        },
        "2023-04": {
            "month": "2023-04",
            "price": "56.00",
            "revenue": 509308
        },
        "2023-05": {
            "month": "2023-05",
            "price": "53.17",
            "revenue": 515601
        },
        "2023-06": {
            "month": "2023-06",
            "price": "52.84",
            "revenue": 514639
        },
        "2023-07": {
            "month": "2023-07",
            "price": "52.34",
            "revenue": 575113
        },
        "2023-08": {
            "month": "2023-08",
            "price": "48.08",
            "revenue": 561948
        },
        "2023-09": {
            "month": "2023-09",
            "price": "50.69",
            "revenue": 665163
        },
        "2023-10": {
            "month": "2023-10",
            "price": "51.93",
            "revenue": 660922
        },
        "2023-11": {
            "month": "2023-11",
            "price": "53.22",
            "revenue": 645247
        }
    }
}
