{
    "summary": {
        "stock_name": "無敵",
        "stock_id": "8201",
        "category": "其他電子",
        "main_business": "商品銷售<br>勞務收入",
        "website_url": "http://www.besta.com.tw",
        "ceo": "李圍正",
        "pe_ratio": -16,
        "report_year_from": 2001,
        "report_year_to": 2023,
        "age": 23,
        "eps_negative_percentage": 61,
        "eps_growth_avg": {
            "last_all": -64.72,
            "last_2y": -100,
            "last_4y": -100,
            "last_8y": -100,
            "last_12y": -92.42,
            "last_16y": -64.72,
            "last_20y": null,
            "at_2006_last_3y": null,
            "at_2007_last_3y": null,
            "at_2008_last_3y": null,
            "at_2009_last_3y": null,
            "at_2010_last_3y": -43.94,
            "at_2011_last_3y": -62.06,
            "at_2012_last_3y": -68.64,
            "at_2013_last_3y": -84.28,
            "at_2014_last_3y": -88.64,
            "at_2015_last_3y": -100,
            "at_2016_last_3y": null,
            "at_2017_last_3y": null,
            "at_2018_last_3y": null,
            "at_2019_last_3y": null,
            "at_2020_last_3y": null,
            "at_2021_last_3y": null,
            "at_2022_last_3y": -100,
            "at_2023_last_3y": -100,
            "at_2024_last_3y": -100,
            "at_2006_last_all": null,
            "at_2007_last_all": null,
            "at_2008_last_all": -39.24,
            "at_2009_last_all": -33.41,
            "at_2010_last_all": -43.94,
            "at_2011_last_all": -50.61,
            "at_2012_last_all": -58.84,
            "at_2013_last_all": -58.84,
            "at_2014_last_all": -58.84,
            "at_2015_last_all": -58.84,
            "at_2016_last_all": -58.84,
            "at_2017_last_all": -58.84,
            "at_2018_last_all": -58.84,
            "at_2019_last_all": -58.84,
            "at_2020_last_all": -58.84,
            "at_2021_last_all": -58.84,
            "at_2022_last_all": -64.72,
            "at_2023_last_all": -64.72,
            "at_2024_last_all": -64.72
        },
        "latest_eps": -1.24,
        "latest_price": 19.75,
        "latest_roe": -13.4,
        "latest_gross_margin": 17.54,
        "latest_equity": 542623,
        "latest_revenue": 116481,
        "latest_gross_profit": 20433,
        "latest_net_income": -8238,
        "latest_debt_ratio": 26.11,
        "latest_current_ratio": 375,
        "latest_account_receivable_turnover_ratio": 0.93,
        "latest_inventory_turnover_ratio": 1.58,
        "latest_reinvestment_rate": null,
        "latest_research_to_sale_ratio": 16.15
    },
    "eps_dividends": {
        "2001": {
            "cash": 0,
            "stock": 0,
            "eps": 0
        },
        "2002": {
            "cash": 0,
            "stock": 0,
            "eps": 0
        },
        "2003": {
            "cash": 0,
            "stock": 0,
            "eps": 0
        },
        "2004": {
            "cash": 0,
            "stock": 0,
            "eps": 0
        },
        "2005": {
            "cash": 0.8,
            "stock": 1,
            "eps": 0
        },
        "2006": {
            "cash": 3.2,
            "stock": 1,
            "eps": 4.59
        },
        "2007": {
            "cash": 2.5,
            "stock": 1,
            "eps": 4.37
        },
        "2008": {
            "cash": 3.3,
            "stock": 0.5,
            "eps": 1.15
        },
        "2009": {
            "cash": 0.25,
            "stock": 1,
            "eps": 0.9
        },
        "2010": {
            "cash": 0.8,
            "stock": 0.5,
            "eps": 0.22
        },
        "2011": {
            "cash": 0.7,
            "stock": 0.5,
            "eps": 0.05
        },
        "2012": {
            "cash": 0,
            "stock": 0,
            "eps": -5.51
        },
        "2013": {
            "cash": 0,
            "stock": 0,
            "eps": -5.58
        },
        "2014": {
            "cash": 0,
            "stock": 0,
            "eps": -3
        },
        "2015": {
            "cash": 0,
            "stock": 0,
            "eps": -2.75
        },
        "2016": {
            "cash": 0,
            "stock": 0,
            "eps": -1.32
        },
        "2017": {
            "cash": 0,
            "stock": 0,
            "eps": -1.56
        },
        "2018": {
            "cash": 0,
            "stock": 0,
            "eps": -0.47
        },
        "2019": {
            "cash": 0,
            "stock": 0,
            "eps": -1.04
        },
        "2020": {
            "cash": 0,
            "stock": 0,
            "eps": -0.77
        },
        "2021": {
            "cash": 0,
            "stock": 0,
            "eps": 1.75
        },
        "2022": {
            "cash": 0,
            "stock": 0,
            "eps": -1.4
        },
        "2023": {
            "cash": 0,
            "stock": 0,
            "eps": -0.75
        }
    },
    "dividends": {
        "2005-03-22": {
            "cash": 0.8,
            "stock": 1
        },
        "2006-03-28": {
            "cash": 3.2,
            "stock": 1
        },
        "2007-02-27": {
            "cash": 2.5,
            "stock": 1
        },
        "2008-03-25": {
            "cash": 3.3,
            "stock": 0.5
        },
        "2009-03-24": {
            "cash": 0.25,
            "stock": 1
        },
        "2010-04-27": {
            "cash": 0.8,
            "stock": 0.5
        },
        "2011-01-01": {
            "cash": 0.5,
            "stock": 0
        },
        "2011-03-22": {
            "cash": 0.2,
            "stock": 0.5
        }
    },
    "prices": {
        "200101": "無",
        "200102": "無",
        "200103": "無",
        "200104": "無",
        "200105": "無",
        "200106": "無",
        "200107": "無",
        "200108": "無",
        "200109": "無",
        "200110": "無",
        "200111": "無",
        "200112": "無",
        "200201": "無",
        "200202": "無",
        "200203": "無",
        "200204": "無",
        "200205": "無",
        "200206": "無",
        "200207": "無",
        "200208": "無",
        "200209": "無",
        "200210": "無",
        "200211": "無",
        "200212": "無",
        "200301": "無",
        "200302": "無",
        "200303": "無",
        "200304": "無",
        "200305": "無",
        "200306": "無",
        "200307": "無",
        "200308": "無",
        "200309": "無",
        "200310": "無",
        "200311": "無",
        "200312": "無",
        "200401": "無",
        "200402": "無",
        "200403": "無",
        "200404": "無",
        "200405": "無",
        "200406": "無",
        "200407": "無",
        "200408": "無",
        "200409": "無",
        "200410": "無",
        "200411": "無",
        "200412": "無",
        "200501": "無",
        "200502": "無",
        "200503": "無",
        "200504": "無",
        "200505": "無",
        "200506": "無",
        "200507": "無",
        "200508": "無",
        "200509": "無",
        "200510": "無",
        "200511": "無",
        "200512": "無",
        "200601": "無",
        "200602": "無",
        "200603": "無",
        "200604": "無",
        "200605": "無",
        "200606": "無",
        "200607": "無",
        "200608": "無",
        "200609": "無",
        "200610": "無",
        "200611": "無",
        "200612": "65.12",
        "200701": "57.02",
        "200702": "57.72",
        "200703": "63.12",
        "200704": "61.40",
        "200705": "60.56",
        "200706": "84.00",
        "200707": "96.12",
        "200708": "106.52",
        "200709": "96.00",
        "200710": "79.67",
        "200711": "63.12",
        "200712": "62.12",
        "200801": "54.08",
        "200802": "46.33",
        "200803": "50.37",
        "200804": "51.75",
        "200805": "58.29",
        "200806": "47.13",
        "200807": "39.35",
        "200808": "37.82",
        "200809": "33.29",
        "200810": "27.36",
        "200811": "19.81",
        "200812": "19.47",
        "200901": "21.62",
        "200902": "24.74",
        "200903": "25.65",
        "200904": "26.98",
        "200905": "28.14",
        "200906": "29.79",
        "200907": "32.65",
        "200908": "30.69",
        "200909": "31.44",
        "200910": "37.35",
        "200911": "35.98",
        "200912": "38.55",
        "201001": "36.27",
        "201002": "35.53",
        "201003": "35.60",
        "201004": "34.96",
        "201005": "32.44",
        "201006": "32.49",
        "201007": "30.47",
        "201008": "28.52",
        "201009": "27.64",
        "201010": "26.50",
        "201011": "26.13",
        "201012": "29.09",
        "201101": "31.19",
        "201102": "32.74",
        "201103": "27.38",
        "201104": "26.41",
        "201105": "23.83",
        "201106": "23.65",
        "201107": "21.56",
        "201108": "17.06",
        "201109": "17.07",
        "201110": "17.19",
        "201111": "15.86",
        "201112": "14.30",
        "201201": "16.23",
        "201202": "22.36",
        "201203": "24.29",
        "201204": "20.08",
        "201205": "17.20",
        "201206": "15.67",
        "201207": "15.55",
        "201208": "15.70",
        "201209": "16.73",
        "201210": "14.86",
        "201211": "13.62",
        "201212": "14.32",
        "201301": "14.99",
        "201302": "15.38",
        "201303": "14.64",
        "201304": "14.20",
        "201305": "14.73",
        "201306": "14.54",
        "201307": "14.25",
        "201308": "13.65",
        "201309": "13.41",
        "201310": "13.42",
        "201311": "13.10",
        "201312": "12.93",
        "201401": "13.97",
        "201402": "14.57",
        "201403": "14.42",
        "201404": "13.39",
        "201405": "13.07",
        "201406": "13.69",
        "201407": "13.74",
        "201408": "13.18",
        "201409": "12.97",
        "201410": "12.57",
        "201411": "11.30",
        "201412": "11.32",
        "201501": "11.84",
        "201502": "12.45",
        "201503": "12.60",
        "201504": "12.44",
        "201505": "11.74",
        "201506": "9.85",
        "201507": "8.80",
        "201508": "6.63",
        "201509": "6.94",
        "201510": "7.68",
        "201511": "9.10",
        "201512": "9.40",
        "201601": "9.10",
        "201602": "8.26",
        "201603": "8.14",
        "201604": "8.10",
        "201605": "8.13",
        "201606": "8.65",
        "201607": "9.12",
        "201608": "9.04",
        "201609": "9.06",
        "201610": "8.97",
        "201611": "8.63",
        "201612": "8.27",
        "201701": "8.14",
        "201702": "8.85",
        "201703": "12.50",
        "201704": "16.53",
        "201705": "13.24",
        "201706": "14.00",
        "201707": "14.76",
        "201708": "13.70",
        "201709": "13.71",
        "201710": "14.07",
        "201711": "13.82",
        "201712": "13.20",
        "201801": "13.29",
        "201802": "12.64",
        "201803": "15.48",
        "201804": "17.93",
        "201805": "14.76",
        "201806": "15.98",
        "201807": "14.39",
        "201808": "13.42",
        "201809": "14.23",
        "201810": "12.19",
        "201811": "11.35",
        "201812": "12.40",
        "201901": "12.77",
        "201902": "13.62",
        "201903": "13.79",
        "201904": "13.29",
        "201905": "12.60",
        "201906": "12.26",
        "201907": "12.64",
        "201908": "12.17",
        "201909": "12.29",
        "201910": "12.15",
        "201911": "11.52",
        "201912": "11.09",
        "202001": "10.71",
        "202002": "9.17",
        "202003": "7.90",
        "202004": "7.92",
        "202005": "8.28",
        "202006": "8.68",
        "202007": "9.51",
        "202008": "9.24",
        "202009": "9.30",
        "202010": "9.14",
        "202011": "9.29",
        "202012": "9.74",
        "202101": "9.56",
        "202102": "9.36",
        "202103": "10.17",
        "202104": "11.53",
        "202105": "9.98",
        "202106": "10.15",
        "202107": "11.21",
        "202108": "12.02",
        "202109": "16.48",
        "202110": "15.71",
        "202111": "17.50",
        "202112": "17.43",
        "202201": "16.10",
        "202202": "15.60",
        "202203": "14.64",
        "202204": "12.63",
        "202205": "11.95",
        "202206": "12.06",
        "202207": "10.80",
        "202208": "12.76",
        "202209": "12.24",
        "202210": "10.87",
        "202211": "11.31",
        "202212": "10.48",
        "202301": "10.22",
        "202302": "10.54",
        "202303": "12.02",
        "202304": "13.33",
        "202305": "12.78",
        "202306": "14.80",
        "202307": "19.63",
        "202308": "19.89",
        "202309": "16.75",
        "202310": "15.78",
        "202311": "15.03",
        "202312": "18.05"
    },
    "quarters": {
        "20011": {
            "year_quarter": 20011,
            "year": 2001,
            "quarter": 1,
            "eps": null,
            "eps_growth_year": null,
            "eps_4q": null,
            "eps_4q_growth_year": null,
            "roe": null,
            "roe_4q": 0,
            "gross_profit": null,
            "gross_margin": null,
            "gross_margin_4q_avg": 0,
            "net_income": null,
            "net_income_4q": null,
            "revenue": null,
            "revenue_4q": null,
            "common_shares": null,
            "book_valuer_per_share": null,
            "book_valuer_per_share_4q_avg": 0,
            "equity": null,
            "current_ratio": null,
            "debt_ratio": null,
            "inventory_turnover_ratio": null,
            "account_receivable_turnover_ratio": null,
            "reinvestment_rate": null,
            "research_to_sale_ratio": null,
            "price_fair": 0,
            "eps_avg_yearly": 0,
            "eps_latest_yearly": 0,
            "eps_growth_yearly": 0
        },
        "20012": {
            "year_quarter": 20012,
            "year": 2001,
            "quarter": 2,
            "eps": null,
            "eps_growth_year": null,
            "eps_4q": null,
            "eps_4q_growth_year": null,
            "roe": null,
            "roe_4q": 0,
            "gross_profit": null,
            "gross_margin": null,
            "gross_margin_4q_avg": 0,
            "net_income": null,
            "net_income_4q": null,
            "revenue": null,
            "revenue_4q": null,
            "common_shares": null,
            "book_valuer_per_share": null,
            "book_valuer_per_share_4q_avg": 0,
            "equity": null,
            "current_ratio": null,
            "debt_ratio": null,
            "inventory_turnover_ratio": null,
            "account_receivable_turnover_ratio": null,
            "reinvestment_rate": null,
            "research_to_sale_ratio": null,
            "price_fair": 0,
            "eps_avg_yearly": 0,
            "eps_latest_yearly": 0,
            "eps_growth_yearly": 0
        },
        "20013": {
            "year_quarter": 20013,
            "year": 2001,
            "quarter": 3,
            "eps": null,
            "eps_growth_year": null,
            "eps_4q": null,
            "eps_4q_growth_year": null,
            "roe": null,
            "roe_4q": 0,
            "gross_profit": null,
            "gross_margin": null,
            "gross_margin_4q_avg": 0,
            "net_income": null,
            "net_income_4q": null,
            "revenue": null,
            "revenue_4q": null,
            "common_shares": null,
            "book_valuer_per_share": null,
            "book_valuer_per_share_4q_avg": 0,
            "equity": null,
            "current_ratio": null,
            "debt_ratio": null,
            "inventory_turnover_ratio": null,
            "account_receivable_turnover_ratio": null,
            "reinvestment_rate": null,
            "research_to_sale_ratio": null,
            "price_fair": 0,
            "eps_avg_yearly": 0,
            "eps_latest_yearly": 0,
            "eps_growth_yearly": 0
        },
        "20014": {
            "year_quarter": 20014,
            "year": 2001,
            "quarter": 4,
            "eps": null,
            "eps_growth_year": null,
            "eps_4q": null,
            "eps_4q_growth_year": null,
            "roe": null,
            "roe_4q": 0,
            "gross_profit": null,
            "gross_margin": null,
            "gross_margin_4q_avg": 0,
            "net_income": null,
            "net_income_4q": null,
            "revenue": null,
            "revenue_4q": null,
            "common_shares": 1057000,
            "book_valuer_per_share": 29.33,
            "book_valuer_per_share_4q_avg": 7.33,
            "equity": 3100553,
            "current_ratio": 427.49,
            "debt_ratio": 18.43,
            "inventory_turnover_ratio": null,
            "account_receivable_turnover_ratio": null,
            "reinvestment_rate": null,
            "research_to_sale_ratio": null,
            "price_fair": 0,
            "eps_avg_yearly": 0,
            "eps_latest_yearly": 0,
            "eps_growth_yearly": 0
        },
        "20021": {
            "year_quarter": 20021,
            "year": 2002,
            "quarter": 1,
            "eps": null,
            "eps_growth_year": null,
            "eps_4q": null,
            "eps_4q_growth_year": null,
            "roe": null,
            "roe_4q": 0,
            "gross_profit": null,
            "gross_margin": null,
            "gross_margin_4q_avg": 0,
            "net_income": null,
            "net_income_4q": null,
            "revenue": null,
            "revenue_4q": null,
            "common_shares": null,
            "book_valuer_per_share": null,
            "book_valuer_per_share_4q_avg": 7.33,
            "equity": null,
            "current_ratio": null,
            "debt_ratio": null,
            "inventory_turnover_ratio": null,
            "account_receivable_turnover_ratio": null,
            "reinvestment_rate": null,
            "research_to_sale_ratio": null,
            "price_fair": 0,
            "eps_avg_yearly": 0,
            "eps_latest_yearly": 0,
            "eps_growth_yearly": 0
        },
        "20022": {
            "year_quarter": 20022,
            "year": 2002,
            "quarter": 2,
            "eps": null,
            "eps_growth_year": null,
            "eps_4q": null,
            "eps_4q_growth_year": null,
            "roe": null,
            "roe_4q": 0,
            "gross_profit": null,
            "gross_margin": null,
            "gross_margin_4q_avg": 0,
            "net_income": null,
            "net_income_4q": null,
            "revenue": null,
            "revenue_4q": null,
            "common_shares": null,
            "book_valuer_per_share": null,
            "book_valuer_per_share_4q_avg": 7.33,
            "equity": null,
            "current_ratio": null,
            "debt_ratio": null,
            "inventory_turnover_ratio": null,
            "account_receivable_turnover_ratio": null,
            "reinvestment_rate": null,
            "research_to_sale_ratio": null,
            "price_fair": 0,
            "eps_avg_yearly": 0,
            "eps_latest_yearly": 0,
            "eps_growth_yearly": 0
        },
        "20023": {
            "year_quarter": 20023,
            "year": 2002,
            "quarter": 3,
            "eps": null,
            "eps_growth_year": null,
            "eps_4q": null,
            "eps_4q_growth_year": null,
            "roe": null,
            "roe_4q": 0,
            "gross_profit": null,
            "gross_margin": null,
            "gross_margin_4q_avg": 0,
            "net_income": null,
            "net_income_4q": null,
            "revenue": null,
            "revenue_4q": null,
            "common_shares": null,
            "book_valuer_per_share": null,
            "book_valuer_per_share_4q_avg": 7.33,
            "equity": null,
            "current_ratio": null,
            "debt_ratio": null,
            "inventory_turnover_ratio": null,
            "account_receivable_turnover_ratio": null,
            "reinvestment_rate": null,
            "research_to_sale_ratio": null,
            "price_fair": 0,
            "eps_avg_yearly": 0,
            "eps_latest_yearly": 0,
            "eps_growth_yearly": 0
        },
        "20024": {
            "year_quarter": 20024,
            "year": 2002,
            "quarter": 4,
            "eps": null,
            "eps_growth_year": null,
            "eps_4q": null,
            "eps_4q_growth_year": null,
            "roe": null,
            "roe_4q": 0,
            "gross_profit": null,
            "gross_margin": null,
            "gross_margin_4q_avg": 0,
            "net_income": null,
            "net_income_4q": null,
            "revenue": null,
            "revenue_4q": null,
            "common_shares": 1057000,
            "book_valuer_per_share": 29.21,
            "book_valuer_per_share_4q_avg": 7.3,
            "equity": 3087578,
            "current_ratio": 517.53,
            "debt_ratio": 17.34,
            "inventory_turnover_ratio": null,
            "account_receivable_turnover_ratio": null,
            "reinvestment_rate": null,
            "research_to_sale_ratio": null,
            "price_fair": 0,
            "eps_avg_yearly": 0,
            "eps_latest_yearly": 0,
            "eps_growth_yearly": 0
        },
        "20031": {
            "year_quarter": 20031,
            "year": 2003,
            "quarter": 1,
            "eps": null,
            "eps_growth_year": null,
            "eps_4q": null,
            "eps_4q_growth_year": null,
            "roe": null,
            "roe_4q": 0,
            "gross_profit": null,
            "gross_margin": null,
            "gross_margin_4q_avg": 0,
            "net_income": null,
            "net_income_4q": null,
            "revenue": null,
            "revenue_4q": null,
            "common_shares": null,
            "book_valuer_per_share": null,
            "book_valuer_per_share_4q_avg": 7.3,
            "equity": null,
            "current_ratio": null,
            "debt_ratio": null,
            "inventory_turnover_ratio": null,
            "account_receivable_turnover_ratio": null,
            "reinvestment_rate": null,
            "research_to_sale_ratio": null,
            "price_fair": 0,
            "eps_avg_yearly": 0,
            "eps_latest_yearly": 0,
            "eps_growth_yearly": 0
        },
        "20032": {
            "year_quarter": 20032,
            "year": 2003,
            "quarter": 2,
            "eps": null,
            "eps_growth_year": null,
            "eps_4q": null,
            "eps_4q_growth_year": null,
            "roe": null,
            "roe_4q": 0,
            "gross_profit": null,
            "gross_margin": null,
            "gross_margin_4q_avg": 0,
            "net_income": null,
            "net_income_4q": null,
            "revenue": null,
            "revenue_4q": null,
            "common_shares": null,
            "book_valuer_per_share": null,
            "book_valuer_per_share_4q_avg": 7.3,
            "equity": null,
            "current_ratio": null,
            "debt_ratio": null,
            "inventory_turnover_ratio": null,
            "account_receivable_turnover_ratio": null,
            "reinvestment_rate": null,
            "research_to_sale_ratio": null,
            "price_fair": 0,
            "eps_avg_yearly": 0,
            "eps_latest_yearly": 0,
            "eps_growth_yearly": 0
        },
        "20033": {
            "year_quarter": 20033,
            "year": 2003,
            "quarter": 3,
            "eps": null,
            "eps_growth_year": null,
            "eps_4q": null,
            "eps_4q_growth_year": null,
            "roe": null,
            "roe_4q": 0,
            "gross_profit": null,
            "gross_margin": null,
            "gross_margin_4q_avg": 0,
            "net_income": null,
            "net_income_4q": null,
            "revenue": null,
            "revenue_4q": null,
            "common_shares": null,
            "book_valuer_per_share": null,
            "book_valuer_per_share_4q_avg": 7.3,
            "equity": null,
            "current_ratio": null,
            "debt_ratio": null,
            "inventory_turnover_ratio": null,
            "account_receivable_turnover_ratio": null,
            "reinvestment_rate": null,
            "research_to_sale_ratio": null,
            "price_fair": 0,
            "eps_avg_yearly": 0,
            "eps_latest_yearly": 0,
            "eps_growth_yearly": 0
        },
        "20034": {
            "year_quarter": 20034,
            "year": 2003,
            "quarter": 4,
            "eps": null,
            "eps_growth_year": null,
            "eps_4q": null,
            "eps_4q_growth_year": null,
            "roe": null,
            "roe_4q": 0,
            "gross_profit": null,
            "gross_margin": null,
            "gross_margin_4q_avg": 0,
            "net_income": null,
            "net_income_4q": null,
            "revenue": null,
            "revenue_4q": null,
            "common_shares": 1057000,
            "book_valuer_per_share": 29.01,
            "book_valuer_per_share_4q_avg": 7.25,
            "equity": 3066834,
            "current_ratio": 470.57,
            "debt_ratio": 20,
            "inventory_turnover_ratio": null,
            "account_receivable_turnover_ratio": null,
            "reinvestment_rate": null,
            "research_to_sale_ratio": null,
            "price_fair": 0,
            "eps_avg_yearly": 0,
            "eps_latest_yearly": 0,
            "eps_growth_yearly": 0
        },
        "20041": {
            "year_quarter": 20041,
            "year": 2004,
            "quarter": 1,
            "eps": null,
            "eps_growth_year": null,
            "eps_4q": null,
            "eps_4q_growth_year": null,
            "roe": null,
            "roe_4q": 0,
            "gross_profit": null,
            "gross_margin": null,
            "gross_margin_4q_avg": 0,
            "net_income": null,
            "net_income_4q": null,
            "revenue": null,
            "revenue_4q": null,
            "common_shares": null,
            "book_valuer_per_share": null,
            "book_valuer_per_share_4q_avg": 7.25,
            "equity": null,
            "current_ratio": null,
            "debt_ratio": null,
            "inventory_turnover_ratio": null,
            "account_receivable_turnover_ratio": null,
            "reinvestment_rate": null,
            "research_to_sale_ratio": null,
            "price_fair": 0,
            "eps_avg_yearly": 0,
            "eps_latest_yearly": 0,
            "eps_growth_yearly": 0
        },
        "20042": {
            "year_quarter": 20042,
            "year": 2004,
            "quarter": 2,
            "eps": null,
            "eps_growth_year": null,
            "eps_4q": null,
            "eps_4q_growth_year": null,
            "roe": null,
            "roe_4q": 0,
            "gross_profit": null,
            "gross_margin": null,
            "gross_margin_4q_avg": 0,
            "net_income": null,
            "net_income_4q": null,
            "revenue": null,
            "revenue_4q": null,
            "common_shares": null,
            "book_valuer_per_share": null,
            "book_valuer_per_share_4q_avg": 7.25,
            "equity": null,
            "current_ratio": null,
            "debt_ratio": null,
            "inventory_turnover_ratio": null,
            "account_receivable_turnover_ratio": null,
            "reinvestment_rate": null,
            "research_to_sale_ratio": null,
            "price_fair": 0,
            "eps_avg_yearly": 0,
            "eps_latest_yearly": 0,
            "eps_growth_yearly": 0
        },
        "20043": {
            "year_quarter": 20043,
            "year": 2004,
            "quarter": 3,
            "eps": null,
            "eps_growth_year": null,
            "eps_4q": null,
            "eps_4q_growth_year": null,
            "roe": null,
            "roe_4q": 0,
            "gross_profit": null,
            "gross_margin": null,
            "gross_margin_4q_avg": 0,
            "net_income": null,
            "net_income_4q": null,
            "revenue": null,
            "revenue_4q": null,
            "common_shares": null,
            "book_valuer_per_share": null,
            "book_valuer_per_share_4q_avg": 7.25,
            "equity": null,
            "current_ratio": null,
            "debt_ratio": null,
            "inventory_turnover_ratio": null,
            "account_receivable_turnover_ratio": null,
            "reinvestment_rate": null,
            "research_to_sale_ratio": null,
            "price_fair": 0,
            "eps_avg_yearly": 0,
            "eps_latest_yearly": 0,
            "eps_growth_yearly": 0
        },
        "20044": {
            "year_quarter": 20044,
            "year": 2004,
            "quarter": 4,
            "eps": null,
            "eps_growth_year": null,
            "eps_4q": null,
            "eps_4q_growth_year": null,
            "roe": null,
            "roe_4q": 0,
            "gross_profit": null,
            "gross_margin": null,
            "gross_margin_4q_avg": 0,
            "net_income": null,
            "net_income_4q": null,
            "revenue": null,
            "revenue_4q": null,
            "common_shares": 1057000,
            "book_valuer_per_share": 29.5,
            "book_valuer_per_share_4q_avg": 7.38,
            "equity": 3118543,
            "current_ratio": 657.04,
            "debt_ratio": 15.44,
            "inventory_turnover_ratio": null,
            "account_receivable_turnover_ratio": null,
            "reinvestment_rate": null,
            "research_to_sale_ratio": null,
            "price_fair": 0,
            "eps_avg_yearly": 0,
            "eps_latest_yearly": 0,
            "eps_growth_yearly": 0
        },
        "20051": {
            "year_quarter": 20051,
            "year": 2005,
            "quarter": 1,
            "eps": null,
            "eps_growth_year": null,
            "eps_4q": null,
            "eps_4q_growth_year": null,
            "roe": null,
            "roe_4q": 0,
            "gross_profit": null,
            "gross_margin": null,
            "gross_margin_4q_avg": 0,
            "net_income": null,
            "net_income_4q": null,
            "revenue": null,
            "revenue_4q": null,
            "common_shares": null,
            "book_valuer_per_share": null,
            "book_valuer_per_share_4q_avg": 7.38,
            "equity": null,
            "current_ratio": null,
            "debt_ratio": null,
            "inventory_turnover_ratio": null,
            "account_receivable_turnover_ratio": null,
            "reinvestment_rate": null,
            "research_to_sale_ratio": null,
            "price_fair": 0,
            "eps_avg_yearly": 0,
            "eps_latest_yearly": 0,
            "eps_growth_yearly": 0
        },
        "20052": {
            "year_quarter": 20052,
            "year": 2005,
            "quarter": 2,
            "eps": null,
            "eps_growth_year": null,
            "eps_4q": null,
            "eps_4q_growth_year": null,
            "roe": null,
            "roe_4q": 0,
            "gross_profit": null,
            "gross_margin": null,
            "gross_margin_4q_avg": 0,
            "net_income": null,
            "net_income_4q": null,
            "revenue": null,
            "revenue_4q": null,
            "common_shares": null,
            "book_valuer_per_share": null,
            "book_valuer_per_share_4q_avg": 7.38,
            "equity": null,
            "current_ratio": null,
            "debt_ratio": null,
            "inventory_turnover_ratio": null,
            "account_receivable_turnover_ratio": null,
            "reinvestment_rate": null,
            "research_to_sale_ratio": null,
            "price_fair": 0,
            "eps_avg_yearly": 0,
            "eps_latest_yearly": 0,
            "eps_growth_yearly": 0
        },
        "20053": {
            "year_quarter": 20053,
            "year": 2005,
            "quarter": 3,
            "eps": null,
            "eps_growth_year": null,
            "eps_4q": null,
            "eps_4q_growth_year": null,
            "roe": null,
            "roe_4q": 0,
            "gross_profit": null,
            "gross_margin": null,
            "gross_margin_4q_avg": 0,
            "net_income": null,
            "net_income_4q": null,
            "revenue": null,
            "revenue_4q": null,
            "common_shares": null,
            "book_valuer_per_share": null,
            "book_valuer_per_share_4q_avg": 7.38,
            "equity": null,
            "current_ratio": null,
            "debt_ratio": null,
            "inventory_turnover_ratio": null,
            "account_receivable_turnover_ratio": null,
            "reinvestment_rate": null,
            "research_to_sale_ratio": null,
            "price_fair": 0,
            "eps_avg_yearly": 0,
            "eps_latest_yearly": 0,
            "eps_growth_yearly": 0
        },
        "20054": {
            "year_quarter": 20054,
            "year": 2005,
            "quarter": 4,
            "eps": null,
            "eps_growth_year": null,
            "eps_4q": null,
            "eps_4q_growth_year": null,
            "roe": null,
            "roe_4q": 0,
            "gross_profit": null,
            "gross_margin": null,
            "gross_margin_4q_avg": 0,
            "net_income": null,
            "net_income_4q": null,
            "revenue": null,
            "revenue_4q": null,
            "common_shares": 581350,
            "book_valuer_per_share": 47.39,
            "book_valuer_per_share_4q_avg": 11.85,
            "equity": 2755128,
            "current_ratio": 437.89,
            "debt_ratio": 21.01,
            "inventory_turnover_ratio": null,
            "account_receivable_turnover_ratio": null,
            "reinvestment_rate": null,
            "research_to_sale_ratio": null,
            "price_fair": 0,
            "eps_avg_yearly": 0,
            "eps_latest_yearly": 0,
            "eps_growth_yearly": 0
        },
        "20061": {
            "year_quarter": 20061,
            "year": 2006,
            "quarter": 1,
            "eps": 1.25,
            "eps_growth_year": null,
            "eps_4q": null,
            "eps_4q_growth_year": null,
            "roe": 2.6,
            "roe_4q": 2.6,
            "gross_profit": 260263,
            "gross_margin": 35.76,
            "gross_margin_4q_avg": 8.94,
            "net_income": 72527,
            "net_income_4q": null,
            "revenue": 727733,
            "revenue_4q": null,
            "common_shares": 581350,
            "book_valuer_per_share": 48.5,
            "book_valuer_per_share_4q_avg": 23.97,
            "equity": 2819386,
            "current_ratio": 460.16,
            "debt_ratio": 17.49,
            "inventory_turnover_ratio": 2.02,
            "account_receivable_turnover_ratio": null,
            "reinvestment_rate": null,
            "research_to_sale_ratio": null,
            "price_fair": 0,
            "eps_avg_yearly": 0,
            "eps_latest_yearly": 0,
            "eps_growth_yearly": 0
        },
        "20062": {
            "year_quarter": 20062,
            "year": 2006,
            "quarter": 2,
            "eps": 0.64,
            "eps_growth_year": null,
            "eps_4q": null,
            "eps_4q_growth_year": null,
            "roe": 1.36,
            "roe_4q": 3.96,
            "gross_profit": 195335,
            "gross_margin": 31.71,
            "gross_margin_4q_avg": 16.87,
            "net_income": 37228,
            "net_income_4q": null,
            "revenue": 616013,
            "revenue_4q": null,
            "common_shares": 581350,
            "book_valuer_per_share": 45.58,
            "book_valuer_per_share_4q_avg": 35.37,
            "equity": 2649997,
            "current_ratio": 343.05,
            "debt_ratio": 21.08,
            "inventory_turnover_ratio": 2.3,
            "account_receivable_turnover_ratio": null,
            "reinvestment_rate": null,
            "research_to_sale_ratio": null,
            "price_fair": 7.68,
            "eps_avg_yearly": 2.56,
            "eps_latest_yearly": 2.56,
            "eps_growth_yearly": -195.2
        },
        "20063": {
            "year_quarter": 20063,
            "year": 2006,
            "quarter": 3,
            "eps": 2.03,
            "eps_growth_year": null,
            "eps_4q": null,
            "eps_4q_growth_year": null,
            "roe": 4.77,
            "roe_4q": 8.73,
            "gross_profit": 325831,
            "gross_margin": 37.3,
            "gross_margin_4q_avg": 26.19,
            "net_income": 129770,
            "net_income_4q": null,
            "revenue": 873492,
            "revenue_4q": null,
            "common_shares": 639485,
            "book_valuer_per_share": 43.66,
            "book_valuer_per_share_4q_avg": 46.28,
            "equity": 2792270,
            "current_ratio": 375.18,
            "debt_ratio": 19.86,
            "inventory_turnover_ratio": 3.18,
            "account_receivable_turnover_ratio": null,
            "reinvestment_rate": null,
            "research_to_sale_ratio": null,
            "price_fair": 186.9,
            "eps_avg_yearly": 5.34,
            "eps_latest_yearly": 8.12,
            "eps_growth_yearly": 336.78
        },
        "20064": {
            "year_quarter": 20064,
            "year": 2006,
            "quarter": 4,
            "eps": 0.67,
            "eps_growth_year": null,
            "eps_4q": 4.4,
            "eps_4q_growth_year": null,
            "roe": 1.53,
            "roe_4q": 10.26,
            "gross_profit": 258968,
            "gross_margin": 35.67,
            "gross_margin_4q_avg": 35.11,
            "net_income": 42988,
            "net_income_4q": null,
            "revenue": 725961,
            "revenue_4q": null,
            "common_shares": 639485,
            "book_valuer_per_share": 44.18,
            "book_valuer_per_share_4q_avg": 45.48,
            "equity": 2825108,
            "current_ratio": 446.46,
            "debt_ratio": 21.05,
            "inventory_turnover_ratio": 2.35,
            "account_receivable_turnover_ratio": null,
            "reinvestment_rate": null,
            "research_to_sale_ratio": null,
            "price_fair": 155.87,
            "eps_avg_yearly": 4.45,
            "eps_latest_yearly": 2.68,
            "eps_growth_yearly": 135.19
        },
        "20071": {
            "year_quarter": 20071,
            "year": 2007,
            "quarter": 1,
            "eps": 1.3,
            "eps_growth_year": 4,
            "eps_4q": 4.58,
            "eps_4q_growth_year": null,
            "roe": 2.9,
            "roe_4q": 10.559999999999999,
            "gross_profit": 281868,
            "gross_margin": 31.43,
            "gross_margin_4q_avg": 34.03,
            "net_income": 83349,
            "net_income_4q": null,
            "revenue": 896732,
            "revenue_4q": null,
            "common_shares": 639485,
            "book_valuer_per_share": 45.64,
            "book_valuer_per_share_4q_avg": 44.77,
            "equity": 2918501,
            "current_ratio": 373.01,
            "debt_ratio": 19.95,
            "inventory_turnover_ratio": 3.28,
            "account_receivable_turnover_ratio": null,
            "reinvestment_rate": null,
            "research_to_sale_ratio": null,
            "price_fair": 162.4,
            "eps_avg_yearly": 4.64,
            "eps_latest_yearly": 5.2,
            "eps_growth_yearly": 195.42
        },
        "20072": {
            "year_quarter": 20072,
            "year": 2007,
            "quarter": 2,
            "eps": 0.81,
            "eps_growth_year": 26.56,
            "eps_4q": 4.44,
            "eps_4q_growth_year": null,
            "roe": 2,
            "roe_4q": 11.2,
            "gross_profit": 226751,
            "gross_margin": 29.64,
            "gross_margin_4q_avg": 33.51,
            "net_income": 57123,
            "net_income_4q": null,
            "revenue": 764960,
            "revenue_4q": null,
            "common_shares": 708434,
            "book_valuer_per_share": 39.41,
            "book_valuer_per_share_4q_avg": 43.22,
            "equity": 2791884,
            "current_ratio": 288.09,
            "debt_ratio": 23.27,
            "inventory_turnover_ratio": 3.39,
            "account_receivable_turnover_ratio": null,
            "reinvestment_rate": null,
            "research_to_sale_ratio": null,
            "price_fair": 152.6,
            "eps_avg_yearly": 4.36,
            "eps_latest_yearly": 3.24,
            "eps_growth_yearly": 126.18
        },
        "20073": {
            "year_quarter": 20073,
            "year": 2007,
            "quarter": 3,
            "eps": 1.72,
            "eps_growth_year": -15.27,
            "eps_4q": 4.3,
            "eps_4q_growth_year": null,
            "roe": 4.28,
            "roe_4q": 10.709999999999999,
            "gross_profit": 295341,
            "gross_margin": 29.94,
            "gross_margin_4q_avg": 31.67,
            "net_income": 122174,
            "net_income_4q": null,
            "revenue": 986466,
            "revenue_4q": null,
            "common_shares": 708434,
            "book_valuer_per_share": 41.13,
            "book_valuer_per_share_4q_avg": 42.59,
            "equity": 2913753,
            "current_ratio": 307.6,
            "debt_ratio": 21.48,
            "inventory_turnover_ratio": 4.06,
            "account_receivable_turnover_ratio": null,
            "reinvestment_rate": null,
            "research_to_sale_ratio": null,
            "price_fair": 167.3,
            "eps_avg_yearly": 4.78,
            "eps_latest_yearly": 6.88,
            "eps_growth_yearly": 180.05
        },
        "20074": {
            "year_quarter": 20074,
            "year": 2007,
            "quarter": 4,
            "eps": 0.54,
            "eps_growth_year": -19.4,
            "eps_4q": 4.19,
            "eps_4q_growth_year": -4.94,
            "roe": 1.22,
            "roe_4q": 10.4,
            "gross_profit": 230409,
            "gross_margin": 28.85,
            "gross_margin_4q_avg": 29.97,
            "net_income": 38905,
            "net_income_4q": null,
            "revenue": 798714,
            "revenue_4q": null,
            "common_shares": 803000,
            "book_valuer_per_share": 42.91,
            "book_valuer_per_share_4q_avg": 42.27,
            "equity": 3445294,
            "current_ratio": 493.78,
            "debt_ratio": 19.77,
            "inventory_turnover_ratio": 2.38,
            "account_receivable_turnover_ratio": null,
            "reinvestment_rate": null,
            "research_to_sale_ratio": null,
            "price_fair": 154.2,
            "eps_avg_yearly": 4.41,
            "eps_latest_yearly": 2.16,
            "eps_growth_yearly": 115.13
        },
        "20081": {
            "year_quarter": 20081,
            "year": 2008,
            "quarter": 1,
            "eps": 0.91,
            "eps_growth_year": -30,
            "eps_4q": 3.74,
            "eps_4q_growth_year": -18.22,
            "roe": 2.04,
            "roe_4q": 9.54,
            "gross_profit": 412706,
            "gross_margin": 33.14,
            "gross_margin_4q_avg": 30.39,
            "net_income": 70121,
            "net_income_4q": null,
            "revenue": 1245255,
            "revenue_4q": null,
            "common_shares": 773000,
            "book_valuer_per_share": 44.26,
            "book_valuer_per_share_4q_avg": 41.93,
            "equity": 3421196,
            "current_ratio": 509.86,
            "debt_ratio": 19.45,
            "inventory_turnover_ratio": 2.76,
            "account_receivable_turnover_ratio": null,
            "reinvestment_rate": null,
            "research_to_sale_ratio": null,
            "price_fair": 150.85,
            "eps_avg_yearly": 4.31,
            "eps_latest_yearly": 3.64,
            "eps_growth_yearly": 134.99
        },
        "20082": {
            "year_quarter": 20082,
            "year": 2008,
            "quarter": 2,
            "eps": 0.4,
            "eps_growth_year": -50.62,
            "eps_4q": 3.42,
            "eps_4q_growth_year": -23.02,
            "roe": 0.93,
            "roe_4q": 8.47,
            "gross_profit": 301274,
            "gross_margin": 36.44,
            "gross_margin_4q_avg": 32.09,
            "net_income": 30633,
            "net_income_4q": null,
            "revenue": 826825,
            "revenue_4q": null,
            "common_shares": 773000,
            "book_valuer_per_share": 41.02,
            "book_valuer_per_share_4q_avg": 42.33,
            "equity": 3171062,
            "current_ratio": 413.08,
            "debt_ratio": 22.78,
            "inventory_turnover_ratio": 1.71,
            "account_receivable_turnover_ratio": null,
            "reinvestment_rate": null,
            "research_to_sale_ratio": null,
            "price_fair": 140.31,
            "eps_avg_yearly": 4.01,
            "eps_latest_yearly": 1.6,
            "eps_growth_yearly": 95.09
        },
        "20083": {
            "year_quarter": 20083,
            "year": 2008,
            "quarter": 3,
            "eps": 0.88,
            "eps_growth_year": -48.84,
            "eps_4q": 2.62,
            "eps_4q_growth_year": -39.07,
            "roe": 2.21,
            "roe_4q": 6.3999999999999995,
            "gross_profit": 409007,
            "gross_margin": 39.43,
            "gross_margin_4q_avg": 34.47,
            "net_income": 70555,
            "net_income_4q": null,
            "revenue": 1037271,
            "revenue_4q": null,
            "common_shares": 811650,
            "book_valuer_per_share": 39.63,
            "book_valuer_per_share_4q_avg": 41.96,
            "equity": 3216562,
            "current_ratio": 460.18,
            "debt_ratio": 21.2,
            "inventory_turnover_ratio": 2.13,
            "account_receivable_turnover_ratio": null,
            "reinvestment_rate": null,
            "research_to_sale_ratio": null,
            "price_fair": 138.6,
            "eps_avg_yearly": 3.96,
            "eps_latest_yearly": 3.52,
            "eps_growth_yearly": 133.58
        },
        "20084": {
            "year_quarter": 20084,
            "year": 2008,
            "quarter": 4,
            "eps": -1.04,
            "eps_growth_year": -292.59,
            "eps_4q": 1.12,
            "eps_4q_growth_year": -73.24,
            "roe": -2.67,
            "roe_4q": 2.5100000000000002,
            "gross_profit": 259003,
            "gross_margin": 32.04,
            "gross_margin_4q_avg": 35.26,
            "net_income": -82452,
            "net_income_4q": null,
            "revenue": 808438,
            "revenue_4q": null,
            "common_shares": 734650,
            "book_valuer_per_share": 40.21,
            "book_valuer_per_share_4q_avg": 41.28,
            "equity": 2954276,
            "current_ratio": 447.75,
            "debt_ratio": 22.6,
            "inventory_turnover_ratio": 1.86,
            "account_receivable_turnover_ratio": 3.53,
            "reinvestment_rate": null,
            "research_to_sale_ratio": null,
            "price_fair": 138.6,
            "eps_avg_yearly": 3.96,
            "eps_latest_yearly": 3.52,
            "eps_growth_yearly": 133.58
        },
        "20091": {
            "year_quarter": 20091,
            "year": 2009,
            "quarter": 1,
            "eps": 0.35,
            "eps_growth_year": -61.54,
            "eps_4q": 0.61,
            "eps_4q_growth_year": -83.8,
            "roe": 0.86,
            "roe_4q": 1.33,
            "gross_profit": 295092,
            "gross_margin": 34.53,
            "gross_margin_4q_avg": 35.61,
            "net_income": 25608,
            "net_income_4q": null,
            "revenue": 854636,
            "revenue_4q": null,
            "common_shares": 734650,
            "book_valuer_per_share": 41.08,
            "book_valuer_per_share_4q_avg": 40.49,
            "equity": 3017995,
            "current_ratio": 546.75,
            "debt_ratio": 18.87,
            "inventory_turnover_ratio": 1.97,
            "account_receivable_turnover_ratio": 1.91,
            "reinvestment_rate": null,
            "research_to_sale_ratio": null,
            "price_fair": 138.6,
            "eps_avg_yearly": 3.96,
            "eps_latest_yearly": 3.52,
            "eps_growth_yearly": 133.58
        },
        "20092": {
            "year_quarter": 20092,
            "year": 2009,
            "quarter": 2,
            "eps": -0.27,
            "eps_growth_year": -167.5,
            "eps_4q": -0.08,
            "eps_4q_growth_year": -102.39,
            "roe": -0.66,
            "roe_4q": -0.2599999999999998,
            "gross_profit": 235416,
            "gross_margin": 34.01,
            "gross_margin_4q_avg": 35,
            "net_income": -19723,
            "net_income_4q": null,
            "revenue": 692243,
            "revenue_4q": null,
            "common_shares": 734650,
            "book_valuer_per_share": 40.04,
            "book_valuer_per_share_4q_avg": 40.24,
            "equity": 2941383,
            "current_ratio": 437.79,
            "debt_ratio": 22,
            "inventory_turnover_ratio": 1.51,
            "account_receivable_turnover_ratio": 1.76,
            "reinvestment_rate": null,
            "research_to_sale_ratio": null,
            "price_fair": 138.6,
            "eps_avg_yearly": 3.96,
            "eps_latest_yearly": 3.52,
            "eps_growth_yearly": 133.58
        },
        "20093": {
            "year_quarter": 20093,
            "year": 2009,
            "quarter": 3,
            "eps": 0.8,
            "eps_growth_year": -9.09,
            "eps_4q": -0.15,
            "eps_4q_growth_year": -105.75,
            "roe": 2.18,
            "roe_4q": -0.29000000000000004,
            "gross_profit": 391809,
            "gross_margin": 38.84,
            "gross_margin_4q_avg": 34.86,
            "net_income": 64434,
            "net_income_4q": null,
            "revenue": 1008839,
            "revenue_4q": null,
            "common_shares": 808115,
            "book_valuer_per_share": 36.82,
            "book_valuer_per_share_4q_avg": 39.54,
            "equity": 2975098,
            "current_ratio": 370.44,
            "debt_ratio": 25.18,
            "inventory_turnover_ratio": 1.6,
            "account_receivable_turnover_ratio": 2.15,
            "reinvestment_rate": null,
            "research_to_sale_ratio": null,
            "price_fair": 138.6,
            "eps_avg_yearly": 3.96,
            "eps_latest_yearly": 3.52,
            "eps_growth_yearly": 133.58
        },
        "20094": {
            "year_quarter": 20094,
            "year": 2009,
            "quarter": 4,
            "eps": 0.02,
            "eps_growth_year": null,
            "eps_4q": 0.89,
            "eps_4q_growth_year": -20.38,
            "roe": 0.06,
            "roe_4q": 2.44,
            "gross_profit": 288898,
            "gross_margin": 32.7,
            "gross_margin_4q_avg": 35.02,
            "net_income": 1745,
            "net_income_4q": null,
            "revenue": 883574,
            "revenue_4q": null,
            "common_shares": 808115,
            "book_valuer_per_share": 37.34,
            "book_valuer_per_share_4q_avg": 38.82,
            "equity": 3017471,
            "current_ratio": 378.98,
            "debt_ratio": 23.55,
            "inventory_turnover_ratio": 1.31,
            "account_receivable_turnover_ratio": 3.28,
            "reinvestment_rate": 114.33,
            "research_to_sale_ratio": null,
            "price_fair": 126.25,
            "eps_avg_yearly": 3.61,
            "eps_latest_yearly": 0.08,
            "eps_growth_yearly": 85.98
        },
        "20101": {
            "year_quarter": 20101,
            "year": 2010,
            "quarter": 1,
            "eps": -0.03,
            "eps_growth_year": -108.57,
            "eps_4q": 0.54,
            "eps_4q_growth_year": -10.18,
            "roe": -0.08,
            "roe_4q": 1.5,
            "gross_profit": 268308,
            "gross_margin": 32.43,
            "gross_margin_4q_avg": 34.5,
            "net_income": -2462,
            "net_income_4q": null,
            "revenue": 827425,
            "revenue_4q": null,
            "common_shares": 808115,
            "book_valuer_per_share": 37.19,
            "book_valuer_per_share_4q_avg": 37.85,
            "equity": 3005088,
            "current_ratio": 495.3,
            "debt_ratio": 18.95,
            "inventory_turnover_ratio": 1.2,
            "account_receivable_turnover_ratio": 1.63,
            "reinvestment_rate": -2.43,
            "research_to_sale_ratio": 8.58,
            "price_fair": 126.25,
            "eps_avg_yearly": 3.61,
            "eps_latest_yearly": 0.08,
            "eps_growth_yearly": 85.98
        },
        "20102": {
            "year_quarter": 20102,
            "year": 2010,
            "quarter": 2,
            "eps": -0.46,
            "eps_growth_year": null,
            "eps_4q": 0.3,
            "eps_4q_growth_year": null,
            "roe": -1.3,
            "roe_4q": 0.8600000000000001,
            "gross_profit": 205772,
            "gross_margin": 30.77,
            "gross_margin_4q_avg": 33.69,
            "net_income": -38653,
            "net_income_4q": null,
            "revenue": 668840,
            "revenue_4q": null,
            "common_shares": 808115,
            "book_valuer_per_share": 36.18,
            "book_valuer_per_share_4q_avg": 36.88,
            "equity": 2923791,
            "current_ratio": 465.87,
            "debt_ratio": 19.67,
            "inventory_turnover_ratio": 1.11,
            "account_receivable_turnover_ratio": 1.53,
            "reinvestment_rate": 2.32,
            "research_to_sale_ratio": 10.94,
            "price_fair": 129.92,
            "eps_avg_yearly": 3.71,
            "eps_latest_yearly": 0.08,
            "eps_growth_yearly": 114.1
        },
        "20103": {
            "year_quarter": 20103,
            "year": 2010,
            "quarter": 3,
            "eps": 0.36,
            "eps_growth_year": -54.54,
            "eps_4q": -0.1,
            "eps_4q_growth_year": null,
            "roe": 1.05,
            "roe_4q": -0.27,
            "gross_profit": 329824,
            "gross_margin": 41.76,
            "gross_margin_4q_avg": 34.42,
            "net_income": 30859,
            "net_income_4q": null,
            "revenue": 789875,
            "revenue_4q": null,
            "common_shares": 848521,
            "book_valuer_per_share": 34.61,
            "book_valuer_per_share_4q_avg": 36.33,
            "equity": 2936824,
            "current_ratio": 451.68,
            "debt_ratio": 20.4,
            "inventory_turnover_ratio": 1.1,
            "account_receivable_turnover_ratio": 1.91,
            "reinvestment_rate": 2.19,
            "research_to_sale_ratio": 8.05,
            "price_fair": 112.78,
            "eps_avg_yearly": 3.22,
            "eps_latest_yearly": 0.08,
            "eps_growth_yearly": 30.25
        },
        "20104": {
            "year_quarter": 20104,
            "year": 2010,
            "quarter": 4,
            "eps": 0.35,
            "eps_growth_year": 1649.1,
            "eps_4q": 0.23,
            "eps_4q_growth_year": -74.33,
            "roe": 1.02,
            "roe_4q": 0.6900000000000003,
            "gross_profit": 224882,
            "gross_margin": 35.22,
            "gross_margin_4q_avg": 35.05,
            "net_income": 29683,
            "net_income_4q": null,
            "revenue": 638435,
            "revenue_4q": null,
            "common_shares": 848521,
            "book_valuer_per_share": 34.22,
            "book_valuer_per_share_4q_avg": 35.55,
            "equity": 2903317,
            "current_ratio": 540.44,
            "debt_ratio": 18.31,
            "inventory_turnover_ratio": 1.02,
            "account_receivable_turnover_ratio": 1.58,
            "reinvestment_rate": -9.35,
            "research_to_sale_ratio": 13.28,
            "price_fair": 107.8,
            "eps_avg_yearly": 3.08,
            "eps_latest_yearly": 1.4,
            "eps_growth_yearly": 58.79
        },
        "20111": {
            "year_quarter": 20111,
            "year": 2011,
            "quarter": 1,
            "eps": -0.22,
            "eps_growth_year": null,
            "eps_4q": 0.04,
            "eps_4q_growth_year": -92.18,
            "roe": -0.63,
            "roe_4q": 0.1399999999999999,
            "gross_profit": 195766,
            "gross_margin": 35.61,
            "gross_margin_4q_avg": 35.84,
            "net_income": -18277,
            "net_income_4q": null,
            "revenue": 549808,
            "revenue_4q": null,
            "common_shares": 848521,
            "book_valuer_per_share": 34.15,
            "book_valuer_per_share_4q_avg": 34.79,
            "equity": 2898068,
            "current_ratio": 593.56,
            "debt_ratio": 16.66,
            "inventory_turnover_ratio": 1.04,
            "account_receivable_turnover_ratio": 1.48,
            "reinvestment_rate": 66.2,
            "research_to_sale_ratio": 12.16,
            "price_fair": 81.98,
            "eps_avg_yearly": 2.82,
            "eps_latest_yearly": 1.4,
            "eps_growth_yearly": 19.12
        },
        "20112": {
            "year_quarter": 20112,
            "year": 2011,
            "quarter": 2,
            "eps": 1.17,
            "eps_growth_year": null,
            "eps_4q": 1.65,
            "eps_4q_growth_year": 458.31,
            "roe": 3.57,
            "roe_4q": 5.01,
            "gross_profit": 153539,
            "gross_margin": 34.64,
            "gross_margin_4q_avg": 36.81,
            "net_income": 104667,
            "net_income_4q": null,
            "revenue": 443271,
            "revenue_4q": null,
            "common_shares": 848521,
            "book_valuer_per_share": 35.01,
            "book_valuer_per_share_4q_avg": 34.5,
            "equity": 2970850,
            "current_ratio": 507.83,
            "debt_ratio": 19.35,
            "inventory_turnover_ratio": 0.89,
            "account_receivable_turnover_ratio": 1.43,
            "reinvestment_rate": 46.38,
            "research_to_sale_ratio": 17.2,
            "price_fair": 96.4,
            "eps_avg_yearly": 2.75,
            "eps_latest_yearly": 1.4,
            "eps_growth_yearly": 43.39
        },
        "20113": {
            "year_quarter": 20113,
            "year": 2011,
            "quarter": 3,
            "eps": -0.08,
            "eps_growth_year": -122.87,
            "eps_4q": 1.22,
            "eps_4q_growth_year": null,
            "roe": -0.25,
            "roe_4q": 3.71,
            "gross_profit": 229079,
            "gross_margin": 40.39,
            "gross_margin_4q_avg": 36.47,
            "net_income": -7410,
            "net_income_4q": null,
            "revenue": 567214,
            "revenue_4q": null,
            "common_shares": 890947,
            "book_valuer_per_share": 33.9,
            "book_valuer_per_share_4q_avg": 34.32,
            "equity": 3020724,
            "current_ratio": 498.1,
            "debt_ratio": 19.65,
            "inventory_turnover_ratio": 1.04,
            "account_receivable_turnover_ratio": 2.19,
            "reinvestment_rate": 67.16,
            "research_to_sale_ratio": 13.87,
            "price_fair": 6.2,
            "eps_avg_yearly": 2.07,
            "eps_latest_yearly": 1.4,
            "eps_growth_yearly": -24.27
        },
        "20114": {
            "year_quarter": 20114,
            "year": 2011,
            "quarter": 4,
            "eps": -0.82,
            "eps_growth_year": -333.5,
            "eps_4q": 0.07,
            "eps_4q_growth_year": -69.58,
            "roe": -2.44,
            "roe_4q": 0.2499999999999999,
            "gross_profit": 137766,
            "gross_margin": 32.95,
            "gross_margin_4q_avg": 35.9,
            "net_income": -72775,
            "net_income_4q": null,
            "revenue": 418153,
            "revenue_4q": null,
            "common_shares": 890947,
            "book_valuer_per_share": 33.05,
            "book_valuer_per_share_4q_avg": 34.03,
            "equity": 2944703,
            "current_ratio": 393.92,
            "debt_ratio": 23.6,
            "inventory_turnover_ratio": 0.68,
            "account_receivable_turnover_ratio": 1.71,
            "reinvestment_rate": 18.41,
            "research_to_sale_ratio": 19.49,
            "price_fair": 71.68,
            "eps_avg_yearly": 2.05,
            "eps_latest_yearly": 1.4,
            "eps_growth_yearly": 25.76
        },
        "20121": {
            "year_quarter": 20121,
            "year": 2012,
            "quarter": 1,
            "eps": -0.2,
            "eps_growth_year": null,
            "eps_4q": 0.07,
            "eps_4q_growth_year": 70.65,
            "roe": -0.62,
            "roe_4q": 0.2599999999999998,
            "gross_profit": 202924,
            "gross_margin": 29.1,
            "gross_margin_4q_avg": 34.27,
            "net_income": -18010,
            "net_income_4q": null,
            "revenue": 697317,
            "revenue_4q": null,
            "common_shares": 890947,
            "book_valuer_per_share": 32.59,
            "book_valuer_per_share_4q_avg": 33.64,
            "equity": 2903374,
            "current_ratio": 494.06,
            "debt_ratio": 19.95,
            "inventory_turnover_ratio": 1.22,
            "account_receivable_turnover_ratio": 1.77,
            "reinvestment_rate": 77.92,
            "research_to_sale_ratio": 10.53,
            "price_fair": 4.95,
            "eps_avg_yearly": 1.65,
            "eps_latest_yearly": 1.4,
            "eps_growth_yearly": -36.32
        },
        "20122": {
            "year_quarter": 20122,
            "year": 2012,
            "quarter": 2,
            "eps": -1.05,
            "eps_growth_year": -189.67,
            "eps_4q": -2.16,
            "eps_4q_growth_year": -230.71,
            "roe": -3.31,
            "roe_4q": -6.62,
            "gross_profit": 99666,
            "gross_margin": 31.06,
            "gross_margin_4q_avg": 33.38,
            "net_income": -93855,
            "net_income_4q": null,
            "revenue": 320872,
            "revenue_4q": null,
            "common_shares": 890947,
            "book_valuer_per_share": 31.11,
            "book_valuer_per_share_4q_avg": 32.66,
            "equity": 2771985,
            "current_ratio": 373.77,
            "debt_ratio": 22.45,
            "inventory_turnover_ratio": 0.74,
            "account_receivable_turnover_ratio": 0.88,
            "reinvestment_rate": null,
            "research_to_sale_ratio": 20.96,
            "price_fair": 58.33,
            "eps_avg_yearly": 1.67,
            "eps_latest_yearly": 1.4,
            "eps_growth_yearly": 26.3
        },
        "20123": {
            "year_quarter": 20123,
            "year": 2012,
            "quarter": 3,
            "eps": -0.89,
            "eps_growth_year": null,
            "eps_4q": -2.97,
            "eps_4q_growth_year": -343.3,
            "roe": -2.92,
            "roe_4q": -9.290000000000001,
            "gross_profit": 112952,
            "gross_margin": 34.04,
            "gross_margin_4q_avg": 31.79,
            "net_income": -79734,
            "net_income_4q": null,
            "revenue": 331847,
            "revenue_4q": null,
            "common_shares": 890947,
            "book_valuer_per_share": 30.12,
            "book_valuer_per_share_4q_avg": 31.72,
            "equity": 2683229,
            "current_ratio": 378.93,
            "debt_ratio": 21.87,
            "inventory_turnover_ratio": 0.8,
            "account_receivable_turnover_ratio": 1.82,
            "reinvestment_rate": null,
            "research_to_sale_ratio": 18.49,
            "price_fair": 2.22,
            "eps_avg_yearly": 0.74,
            "eps_latest_yearly": 1.4,
            "eps_growth_yearly": -200.56
        },
        "20124": {
            "year_quarter": 20124,
            "year": 2012,
            "quarter": 4,
            "eps": -3.37,
            "eps_growth_year": null,
            "eps_4q": -5.52,
            "eps_4q_growth_year": -8029.04,
            "roe": -11.85,
            "roe_4q": -18.7,
            "gross_profit": 61440,
            "gross_margin": 19.34,
            "gross_margin_4q_avg": 28.39,
            "net_income": -300398,
            "net_income_4q": null,
            "revenue": 317603,
            "revenue_4q": null,
            "common_shares": 890947,
            "book_valuer_per_share": 26.77,
            "book_valuer_per_share_4q_avg": 30.15,
            "equity": 2385364,
            "current_ratio": 225.4,
            "debt_ratio": 33.75,
            "inventory_turnover_ratio": 0.57,
            "account_receivable_turnover_ratio": 1.56,
            "reinvestment_rate": null,
            "research_to_sale_ratio": 22.33,
            "price_fair": 2.22,
            "eps_avg_yearly": 0.74,
            "eps_latest_yearly": 1.4,
            "eps_growth_yearly": -200.56
        },
        "20131": {
            "year_quarter": 20131,
            "year": 2013,
            "quarter": 1,
            "eps": 0.64,
            "eps_growth_year": null,
            "eps_4q": -4.68,
            "eps_4q_growth_year": -6547.19,
            "roe": 2.36,
            "roe_4q": -15.72,
            "gross_profit": 235801,
            "gross_margin": 25.53,
            "gross_margin_4q_avg": 27.49,
            "net_income": 56724,
            "net_income_4q": null,
            "revenue": 923735,
            "revenue_4q": null,
            "common_shares": 890947,
            "book_valuer_per_share": 27.16,
            "book_valuer_per_share_4q_avg": 28.79,
            "equity": 2420197,
            "current_ratio": 196.08,
            "debt_ratio": 39.1,
            "inventory_turnover_ratio": 1.63,
            "account_receivable_turnover_ratio": 4.51,
            "reinvestment_rate": null,
            "research_to_sale_ratio": 5.4,
            "price_fair": 2.22,
            "eps_avg_yearly": 0.74,
            "eps_latest_yearly": 1.4,
            "eps_growth_yearly": -200.56
        },
        "20132": {
            "year_quarter": 20132,
            "year": 2013,
            "quarter": 2,
            "eps": -1.51,
            "eps_growth_year": null,
            "eps_4q": -5.14,
            "eps_4q_growth_year": null,
            "roe": -5.72,
            "roe_4q": -18.13,
            "gross_profit": 26054,
            "gross_margin": 13.48,
            "gross_margin_4q_avg": 23.1,
            "net_income": -134503,
            "net_income_4q": null,
            "revenue": 193214,
            "revenue_4q": null,
            "common_shares": 890947,
            "book_valuer_per_share": 25.58,
            "book_valuer_per_share_4q_avg": 27.41,
            "equity": 2278826,
            "current_ratio": 167.05,
            "debt_ratio": 45.12,
            "inventory_turnover_ratio": 0.77,
            "account_receivable_turnover_ratio": 1.08,
            "reinvestment_rate": null,
            "research_to_sale_ratio": 31.81,
            "price_fair": 2.22,
            "eps_avg_yearly": 0.74,
            "eps_latest_yearly": 1.4,
            "eps_growth_yearly": -200.56
        },
        "20133": {
            "year_quarter": 20133,
            "year": 2013,
            "quarter": 3,
            "eps": -1.06,
            "eps_growth_year": null,
            "eps_4q": -5.3,
            "eps_4q_growth_year": null,
            "roe": -4.22,
            "roe_4q": -19.43,
            "gross_profit": 82398,
            "gross_margin": 20.03,
            "gross_margin_4q_avg": 19.6,
            "net_income": -94070,
            "net_income_4q": null,
            "revenue": 411465,
            "revenue_4q": null,
            "common_shares": 890947,
            "book_valuer_per_share": 24.48,
            "book_valuer_per_share_4q_avg": 26,
            "equity": 2180672,
            "current_ratio": 152.86,
            "debt_ratio": 49.12,
            "inventory_turnover_ratio": 1.37,
            "account_receivable_turnover_ratio": 2.03,
            "reinvestment_rate": null,
            "research_to_sale_ratio": 9.75,
            "price_fair": 2.22,
            "eps_avg_yearly": 0.74,
            "eps_latest_yearly": 1.4,
            "eps_growth_yearly": -200.56
        },
        "20134": {
            "year_quarter": 20134,
            "year": 2013,
            "quarter": 4,
            "eps": -3.65,
            "eps_growth_year": null,
            "eps_4q": -5.57,
            "eps_4q_growth_year": null,
            "roe": -16.07,
            "roe_4q": -23.65,
            "gross_profit": 15291,
            "gross_margin": 5.64,
            "gross_margin_4q_avg": 16.17,
            "net_income": -324781,
            "net_income_4q": null,
            "revenue": 270961,
            "revenue_4q": null,
            "common_shares": 890947,
            "book_valuer_per_share": 20.88,
            "book_valuer_per_share_4q_avg": 24.53,
            "equity": 1860279,
            "current_ratio": 170.1,
            "debt_ratio": 47.15,
            "inventory_turnover_ratio": 0.66,
            "account_receivable_turnover_ratio": 1.51,
            "reinvestment_rate": null,
            "research_to_sale_ratio": 17.57,
            "price_fair": 4.2,
            "eps_avg_yearly": 1.4,
            "eps_latest_yearly": 1.4,
            "eps_growth_yearly": -11.11
        },
        "20141": {
            "year_quarter": 20141,
            "year": 2014,
            "quarter": 1,
            "eps": -0.17,
            "eps_growth_year": -126.56,
            "eps_4q": -6.39,
            "eps_4q_growth_year": null,
            "roe": -0.84,
            "roe_4q": -26.849999999999998,
            "gross_profit": 162968,
            "gross_margin": 18.35,
            "gross_margin_4q_avg": 14.38,
            "net_income": -15543,
            "net_income_4q": null,
            "revenue": 888293,
            "revenue_4q": null,
            "common_shares": 890947,
            "book_valuer_per_share": 20.71,
            "book_valuer_per_share_4q_avg": 22.91,
            "equity": 1845507,
            "current_ratio": 151.19,
            "debt_ratio": 54.92,
            "inventory_turnover_ratio": 2.03,
            "account_receivable_turnover_ratio": 5.76,
            "reinvestment_rate": null,
            "research_to_sale_ratio": 2.99,
            "price_fair": 4.2,
            "eps_avg_yearly": 1.4,
            "eps_latest_yearly": 1.4,
            "eps_growth_yearly": -11.11
        },
        "20142": {
            "year_quarter": 20142,
            "year": 2014,
            "quarter": 2,
            "eps": -0.87,
            "eps_growth_year": null,
            "eps_4q": -5.75,
            "eps_4q_growth_year": null,
            "roe": -4.31,
            "roe_4q": -25.439999999999998,
            "gross_profit": 29210,
            "gross_margin": 14.97,
            "gross_margin_4q_avg": 14.75,
            "net_income": -77730,
            "net_income_4q": null,
            "revenue": 195119,
            "revenue_4q": null,
            "common_shares": 890947,
            "book_valuer_per_share": 19.75,
            "book_valuer_per_share_4q_avg": 21.46,
            "equity": 1759215,
            "current_ratio": 145.16,
            "debt_ratio": 57.22,
            "inventory_turnover_ratio": 0.69,
            "account_receivable_turnover_ratio": 1.14,
            "reinvestment_rate": null,
            "research_to_sale_ratio": 15.3,
            "price_fair": 4.2,
            "eps_avg_yearly": 1.4,
            "eps_latest_yearly": 1.4,
            "eps_growth_yearly": -11.11
        },
        "20143": {
            "year_quarter": 20143,
            "year": 2014,
            "quarter": 3,
            "eps": -0.2,
            "eps_growth_year": null,
            "eps_4q": -4.9,
            "eps_4q_growth_year": null,
            "roe": -1.04,
            "roe_4q": -22.259999999999998,
            "gross_profit": 41370,
            "gross_margin": 13.29,
            "gross_margin_4q_avg": 13.06,
            "net_income": -18241,
            "net_income_4q": null,
            "revenue": 311262,
            "revenue_4q": null,
            "common_shares": 890947,
            "book_valuer_per_share": 19.64,
            "book_valuer_per_share_4q_avg": 20.25,
            "equity": 1750126,
            "current_ratio": 147.32,
            "debt_ratio": 56.33,
            "inventory_turnover_ratio": 1.07,
            "account_receivable_turnover_ratio": 2.21,
            "reinvestment_rate": null,
            "research_to_sale_ratio": 9.72,
            "price_fair": 4.2,
            "eps_avg_yearly": 1.4,
            "eps_latest_yearly": 1.4,
            "eps_growth_yearly": -11.11
        },
        "20144": {
            "year_quarter": 20144,
            "year": 2014,
            "quarter": 4,
            "eps": -1.76,
            "eps_growth_year": null,
            "eps_4q": -3.01,
            "eps_4q_growth_year": null,
            "roe": -9.34,
            "roe_4q": -15.529999999999998,
            "gross_profit": 5153,
            "gross_margin": 2.86,
            "gross_margin_4q_avg": 12.37,
            "net_income": -156392,
            "net_income_4q": null,
            "revenue": 180179,
            "revenue_4q": null,
            "common_shares": 890947,
            "book_valuer_per_share": 17.93,
            "book_valuer_per_share_4q_avg": 19.51,
            "equity": 1597267,
            "current_ratio": 147.18,
            "debt_ratio": 54.76,
            "inventory_turnover_ratio": 0.63,
            "account_receivable_turnover_ratio": 1.49,
            "reinvestment_rate": null,
            "research_to_sale_ratio": 19.22,
            "price_fair": 0,
            "eps_avg_yearly": 0,
            "eps_latest_yearly": 0,
            "eps_growth_yearly": 0
        },
        "20151": {
            "year_quarter": 20151,
            "year": 2015,
            "quarter": 1,
            "eps": -0.32,
            "eps_growth_year": null,
            "eps_4q": -3.15,
            "eps_4q_growth_year": null,
            "roe": -1.78,
            "roe_4q": -16.47,
            "gross_profit": 69164,
            "gross_margin": 18.08,
            "gross_margin_4q_avg": 12.3,
            "net_income": -28091,
            "net_income_4q": null,
            "revenue": 382521,
            "revenue_4q": null,
            "common_shares": 890947,
            "book_valuer_per_share": 17.52,
            "book_valuer_per_share_4q_avg": 18.71,
            "equity": 1560964,
            "current_ratio": 231.99,
            "debt_ratio": 33.67,
            "inventory_turnover_ratio": 1.27,
            "account_receivable_turnover_ratio": 3.12,
            "reinvestment_rate": null,
            "research_to_sale_ratio": 7.35,
            "price_fair": 0,
            "eps_avg_yearly": 0,
            "eps_latest_yearly": 0,
            "eps_growth_yearly": 0
        },
        "20152": {
            "year_quarter": 20152,
            "year": 2015,
            "quarter": 2,
            "eps": -0.66,
            "eps_growth_year": null,
            "eps_4q": -2.94,
            "eps_4q_growth_year": null,
            "roe": -3.85,
            "roe_4q": -16.009999999999998,
            "gross_profit": 22393,
            "gross_margin": 10.49,
            "gross_margin_4q_avg": 11.18,
            "net_income": -58970,
            "net_income_4q": null,
            "revenue": 213499,
            "revenue_4q": null,
            "common_shares": 890947,
            "book_valuer_per_share": 16.89,
            "book_valuer_per_share_4q_avg": 18,
            "equity": 1504375,
            "current_ratio": 292.72,
            "debt_ratio": 27.28,
            "inventory_turnover_ratio": 1.48,
            "account_receivable_turnover_ratio": 1.4,
            "reinvestment_rate": null,
            "research_to_sale_ratio": 11.58,
            "price_fair": 0,
            "eps_avg_yearly": 0,
            "eps_latest_yearly": 0,
            "eps_growth_yearly": 0
        },
        "20153": {
            "year_quarter": 20153,
            "year": 2015,
            "quarter": 3,
            "eps": -0.31,
            "eps_growth_year": null,
            "eps_4q": -3.04,
            "eps_4q_growth_year": null,
            "roe": -1.84,
            "roe_4q": -16.810000000000002,
            "gross_profit": 10894,
            "gross_margin": 6.36,
            "gross_margin_4q_avg": 9.45,
            "net_income": -27363,
            "net_income_4q": null,
            "revenue": 171362,
            "revenue_4q": null,
            "common_shares": 890947,
            "book_valuer_per_share": 16.57,
            "book_valuer_per_share_4q_avg": 17.23,
            "equity": 1475878,
            "current_ratio": 354.73,
            "debt_ratio": 23.22,
            "inventory_turnover_ratio": 1.76,
            "account_receivable_turnover_ratio": 1.24,
            "reinvestment_rate": null,
            "research_to_sale_ratio": 14.26,
            "price_fair": 0,
            "eps_avg_yearly": 0,
            "eps_latest_yearly": 0,
            "eps_growth_yearly": 0
        },
        "20154": {
            "year_quarter": 20154,
            "year": 2015,
            "quarter": 4,
            "eps": -1.46,
            "eps_growth_year": null,
            "eps_4q": -2.75,
            "eps_4q_growth_year": null,
            "roe": -9.1,
            "roe_4q": -16.57,
            "gross_profit": -8227,
            "gross_margin": -4.25,
            "gross_margin_4q_avg": 7.67,
            "net_income": -130243,
            "net_income_4q": null,
            "revenue": 193499,
            "revenue_4q": null,
            "common_shares": 890947,
            "book_valuer_per_share": 15.56,
            "book_valuer_per_share_4q_avg": 16.64,
            "equity": 1385887,
            "current_ratio": 491.04,
            "debt_ratio": 21.74,
            "inventory_turnover_ratio": 3.28,
            "account_receivable_turnover_ratio": 2,
            "reinvestment_rate": null,
            "research_to_sale_ratio": 20.87,
            "price_fair": 0,
            "eps_avg_yearly": 0,
            "eps_latest_yearly": 0,
            "eps_growth_yearly": 0
        },
        "20161": {
            "year_quarter": 20161,
            "year": 2016,
            "quarter": 1,
            "eps": 0.1,
            "eps_growth_year": null,
            "eps_4q": -2.33,
            "eps_4q_growth_year": null,
            "roe": 0.66,
            "roe_4q": -14.129999999999999,
            "gross_profit": 17253,
            "gross_margin": 17.15,
            "gross_margin_4q_avg": 7.44,
            "net_income": 9050,
            "net_income_4q": null,
            "revenue": 100623,
            "revenue_4q": null,
            "common_shares": 890947,
            "book_valuer_per_share": 15.1,
            "book_valuer_per_share_4q_avg": 16.03,
            "equity": 1344898,
            "current_ratio": 627.01,
            "debt_ratio": 16.49,
            "inventory_turnover_ratio": 2.01,
            "account_receivable_turnover_ratio": 1.5,
            "reinvestment_rate": null,
            "research_to_sale_ratio": 23.45,
            "price_fair": 0,
            "eps_avg_yearly": 0,
            "eps_latest_yearly": 0,
            "eps_growth_yearly": 0
        },
        "20162": {
            "year_quarter": 20162,
            "year": 2016,
            "quarter": 2,
            "eps": -0.34,
            "eps_growth_year": null,
            "eps_4q": -2.81,
            "eps_4q_growth_year": null,
            "roe": -2.22,
            "roe_4q": -12.5,
            "gross_profit": 37737,
            "gross_margin": 21.12,
            "gross_margin_4q_avg": 10.1,
            "net_income": -26575,
            "net_income_4q": null,
            "revenue": 178666,
            "revenue_4q": null,
            "common_shares": 623663,
            "book_valuer_per_share": 16.82,
            "book_valuer_per_share_4q_avg": 16.01,
            "equity": 1048809,
            "current_ratio": 215.54,
            "debt_ratio": 36.68,
            "inventory_turnover_ratio": 3.25,
            "account_receivable_turnover_ratio": 1.83,
            "reinvestment_rate": null,
            "research_to_sale_ratio": 12.39,
            "price_fair": 0,
            "eps_avg_yearly": 0,
            "eps_latest_yearly": 0,
            "eps_growth_yearly": 0
        },
        "20163": {
            "year_quarter": 20163,
            "year": 2016,
            "quarter": 3,
            "eps": -0.68,
            "eps_growth_year": null,
            "eps_4q": -3.05,
            "eps_4q_growth_year": null,
            "roe": -4.12,
            "roe_4q": -14.78,
            "gross_profit": 32497,
            "gross_margin": 13.93,
            "gross_margin_4q_avg": 11.99,
            "net_income": -42231,
            "net_income_4q": null,
            "revenue": 233234,
            "revenue_4q": null,
            "common_shares": 623663,
            "book_valuer_per_share": 16.08,
            "book_valuer_per_share_4q_avg": 15.89,
            "equity": 1002899,
            "current_ratio": 418.9,
            "debt_ratio": 20.67,
            "inventory_turnover_ratio": 4.42,
            "account_receivable_turnover_ratio": 1.57,
            "reinvestment_rate": null,
            "research_to_sale_ratio": 8.98,
            "price_fair": 0,
            "eps_avg_yearly": 0,
            "eps_latest_yearly": 0,
            "eps_growth_yearly": 0
        },
        "20164": {
            "year_quarter": 20164,
            "year": 2016,
            "quarter": 4,
            "eps": -0.4,
            "eps_growth_year": null,
            "eps_4q": -1.36,
            "eps_4q_growth_year": null,
            "roe": -2.56,
            "roe_4q": -8.24,
            "gross_profit": 37420,
            "gross_margin": 28.11,
            "gross_margin_4q_avg": 20.08,
            "net_income": -25169,
            "net_income_4q": null,
            "revenue": 133119,
            "revenue_4q": null,
            "common_shares": 623663,
            "book_valuer_per_share": 15.49,
            "book_valuer_per_share_4q_avg": 15.87,
            "equity": 966325,
            "current_ratio": 426.19,
            "debt_ratio": 21.9,
            "inventory_turnover_ratio": 2.16,
            "account_receivable_turnover_ratio": 1,
            "reinvestment_rate": null,
            "research_to_sale_ratio": 14.38,
            "price_fair": 0,
            "eps_avg_yearly": 0,
            "eps_latest_yearly": 0,
            "eps_growth_yearly": 0
        },
        "20171": {
            "year_quarter": 20171,
            "year": 2017,
            "quarter": 1,
            "eps": -0.69,
            "eps_growth_year": -790,
            "eps_4q": -2.2,
            "eps_4q_growth_year": null,
            "roe": -4.57,
            "roe_4q": -13.47,
            "gross_profit": 37133,
            "gross_margin": 9.62,
            "gross_margin_4q_avg": 18.2,
            "net_income": -43104,
            "net_income_4q": null,
            "revenue": 385929,
            "revenue_4q": null,
            "common_shares": 623663,
            "book_valuer_per_share": 14.74,
            "book_valuer_per_share_4q_avg": 15.78,
            "equity": 919043,
            "current_ratio": 306.25,
            "debt_ratio": 27.01,
            "inventory_turnover_ratio": 8.98,
            "account_receivable_turnover_ratio": 1.93,
            "reinvestment_rate": null,
            "research_to_sale_ratio": 5.47,
            "price_fair": 0,
            "eps_avg_yearly": 0,
            "eps_latest_yearly": 0,
            "eps_growth_yearly": 0
        },
        "20172": {
            "year_quarter": 20172,
            "year": 2017,
            "quarter": 2,
            "eps": -0.38,
            "eps_growth_year": null,
            "eps_4q": -2.15,
            "eps_4q_growth_year": null,
            "roe": -2.62,
            "roe_4q": -13.870000000000001,
            "gross_profit": 46066,
            "gross_margin": 19.29,
            "gross_margin_4q_avg": 17.74,
            "net_income": -23805,
            "net_income_4q": null,
            "revenue": 238758,
            "revenue_4q": null,
            "common_shares": 623663,
            "book_valuer_per_share": 14.38,
            "book_valuer_per_share_4q_avg": 15.17,
            "equity": 896678,
            "current_ratio": 295.92,
            "debt_ratio": 27.84,
            "inventory_turnover_ratio": 4.21,
            "account_receivable_turnover_ratio": 0.98,
            "reinvestment_rate": null,
            "research_to_sale_ratio": 9.98,
            "price_fair": 0,
            "eps_avg_yearly": 0,
            "eps_latest_yearly": 0,
            "eps_growth_yearly": 0
        },
        "20173": {
            "year_quarter": 20173,
            "year": 2017,
            "quarter": 3,
            "eps": -0.16,
            "eps_growth_year": null,
            "eps_4q": -1.64,
            "eps_4q_growth_year": null,
            "roe": -1.13,
            "roe_4q": -10.88,
            "gross_profit": 57345,
            "gross_margin": 19.72,
            "gross_margin_4q_avg": 19.19,
            "net_income": -10117,
            "net_income_4q": null,
            "revenue": 290847,
            "revenue_4q": null,
            "common_shares": 623663,
            "book_valuer_per_share": 14.24,
            "book_valuer_per_share_4q_avg": 14.71,
            "equity": 888177,
            "current_ratio": 375.91,
            "debt_ratio": 22.07,
            "inventory_turnover_ratio": 3.88,
            "account_receivable_turnover_ratio": 1.55,
            "reinvestment_rate": null,
            "research_to_sale_ratio": 7.92,
            "price_fair": 0,
            "eps_avg_yearly": 0,
            "eps_latest_yearly": 0,
            "eps_growth_yearly": 0
        },
        "20174": {
            "year_quarter": 20174,
            "year": 2017,
            "quarter": 4,
            "eps": -0.33,
            "eps_growth_year": null,
            "eps_4q": -1.57,
            "eps_4q_growth_year": null,
            "roe": -2.35,
            "roe_4q": -10.67,
            "gross_profit": 46482,
            "gross_margin": 16.95,
            "gross_margin_4q_avg": 16.4,
            "net_income": -20676,
            "net_income_4q": null,
            "revenue": 274296,
            "revenue_4q": null,
            "common_shares": 623663,
            "book_valuer_per_share": 13.91,
            "book_valuer_per_share_4q_avg": 14.32,
            "equity": 867826,
            "current_ratio": 241.79,
            "debt_ratio": 31.67,
            "inventory_turnover_ratio": 3.94,
            "account_receivable_turnover_ratio": 1.58,
            "reinvestment_rate": null,
            "research_to_sale_ratio": 7.88,
            "price_fair": 0,
            "eps_avg_yearly": 0,
            "eps_latest_yearly": 0,
            "eps_growth_yearly": 0
        },
        "20181": {
            "year_quarter": 20181,
            "year": 2018,
            "quarter": 1,
            "eps": -0.4,
            "eps_growth_year": null,
            "eps_4q": -1.27,
            "eps_4q_growth_year": null,
            "roe": -2.96,
            "roe_4q": -9.06,
            "gross_profit": 54414,
            "gross_margin": 11.88,
            "gross_margin_4q_avg": 16.96,
            "net_income": -24703,
            "net_income_4q": null,
            "revenue": 458216,
            "revenue_4q": null,
            "common_shares": 623663,
            "book_valuer_per_share": 12.81,
            "book_valuer_per_share_4q_avg": 13.84,
            "equity": 798697,
            "current_ratio": 254.91,
            "debt_ratio": 30.93,
            "inventory_turnover_ratio": 6.99,
            "account_receivable_turnover_ratio": 2.72,
            "reinvestment_rate": null,
            "research_to_sale_ratio": 5.26,
            "price_fair": 0,
            "eps_avg_yearly": 0,
            "eps_latest_yearly": 0,
            "eps_growth_yearly": 0
        },
        "20182": {
            "year_quarter": 20182,
            "year": 2018,
            "quarter": 2,
            "eps": -0.19,
            "eps_growth_year": null,
            "eps_4q": -1.08,
            "eps_4q_growth_year": null,
            "roe": -1.53,
            "roe_4q": -7.97,
            "gross_profit": 36084,
            "gross_margin": 15.2,
            "gross_margin_4q_avg": 15.94,
            "net_income": -12045,
            "net_income_4q": null,
            "revenue": 237426,
            "revenue_4q": null,
            "common_shares": 623663,
            "book_valuer_per_share": 12.49,
            "book_valuer_per_share_4q_avg": 13.36,
            "equity": 778747,
            "current_ratio": 244.54,
            "debt_ratio": 32.33,
            "inventory_turnover_ratio": 3.5,
            "account_receivable_turnover_ratio": 1.25,
            "reinvestment_rate": null,
            "research_to_sale_ratio": 10.44,
            "price_fair": 0,
            "eps_avg_yearly": 0,
            "eps_latest_yearly": 0,
            "eps_growth_yearly": 0
        },
        "20183": {
            "year_quarter": 20183,
            "year": 2018,
            "quarter": 3,
            "eps": 0,
            "eps_growth_year": null,
            "eps_4q": -0.92,
            "eps_4q_growth_year": null,
            "roe": -0.01,
            "roe_4q": -6.85,
            "gross_profit": 41749,
            "gross_margin": 14.52,
            "gross_margin_4q_avg": 14.64,
            "net_income": -43,
            "net_income_4q": null,
            "revenue": 287617,
            "revenue_4q": null,
            "common_shares": 623663,
            "book_valuer_per_share": 11.79,
            "book_valuer_per_share_4q_avg": 12.75,
            "equity": 735514,
            "current_ratio": 275.94,
            "debt_ratio": 30.05,
            "inventory_turnover_ratio": 4.55,
            "account_receivable_turnover_ratio": 1.41,
            "reinvestment_rate": null,
            "research_to_sale_ratio": 8.51,
            "price_fair": 0,
            "eps_avg_yearly": 0,
            "eps_latest_yearly": 0,
            "eps_growth_yearly": 0
        },
        "20184": {
            "year_quarter": 20184,
            "year": 2018,
            "quarter": 4,
            "eps": 0.12,
            "eps_growth_year": null,
            "eps_4q": -0.47,
            "eps_4q_growth_year": null,
            "roe": 1.02,
            "roe_4q": -3.48,
            "gross_profit": 65133,
            "gross_margin": 12.32,
            "gross_margin_4q_avg": 13.48,
            "net_income": 7478,
            "net_income_4q": null,
            "revenue": 528775,
            "revenue_4q": null,
            "common_shares": 623663,
            "book_valuer_per_share": 11.61,
            "book_valuer_per_share_4q_avg": 12.18,
            "equity": 723877,
            "current_ratio": 206.43,
            "debt_ratio": 40.37,
            "inventory_turnover_ratio": 8,
            "account_receivable_turnover_ratio": 2,
            "reinvestment_rate": null,
            "research_to_sale_ratio": 4.01,
            "price_fair": 0,
            "eps_avg_yearly": 0,
            "eps_latest_yearly": 0,
            "eps_growth_yearly": 0
        },
        "20191": {
            "year_quarter": 20191,
            "year": 2019,
            "quarter": 1,
            "eps": -0.04,
            "eps_growth_year": null,
            "eps_4q": -0.12,
            "eps_4q_growth_year": null,
            "roe": -0.38,
            "roe_4q": -0.9,
            "gross_profit": 53572,
            "gross_margin": 15.34,
            "gross_margin_4q_avg": 14.35,
            "net_income": -2735,
            "net_income_4q": null,
            "revenue": 349333,
            "revenue_4q": null,
            "common_shares": 623663,
            "book_valuer_per_share": 11.6,
            "book_valuer_per_share_4q_avg": 11.87,
            "equity": 723609,
            "current_ratio": 264.15,
            "debt_ratio": 34.07,
            "inventory_turnover_ratio": 5.62,
            "account_receivable_turnover_ratio": 1.12,
            "reinvestment_rate": null,
            "research_to_sale_ratio": 6.08,
            "price_fair": 0,
            "eps_avg_yearly": 0,
            "eps_latest_yearly": 0,
            "eps_growth_yearly": 0
        },
        "20192": {
            "year_quarter": 20192,
            "year": 2019,
            "quarter": 2,
            "eps": -0.18,
            "eps_growth_year": null,
            "eps_4q": -0.1,
            "eps_4q_growth_year": null,
            "roe": -1.55,
            "roe_4q": -0.9200000000000002,
            "gross_profit": 47930,
            "gross_margin": 15.45,
            "gross_margin_4q_avg": 14.41,
            "net_income": -11156,
            "net_income_4q": null,
            "revenue": 310303,
            "revenue_4q": null,
            "common_shares": 623663,
            "book_valuer_per_share": 11.43,
            "book_valuer_per_share_4q_avg": 11.61,
            "equity": 713004,
            "current_ratio": 205.36,
            "debt_ratio": 42.46,
            "inventory_turnover_ratio": 5.5,
            "account_receivable_turnover_ratio": 0.92,
            "reinvestment_rate": null,
            "research_to_sale_ratio": 6.85,
            "price_fair": 0,
            "eps_avg_yearly": 0,
            "eps_latest_yearly": 0,
            "eps_growth_yearly": 0
        },
        "20193": {
            "year_quarter": 20193,
            "year": 2019,
            "quarter": 3,
            "eps": -0.45,
            "eps_growth_year": null,
            "eps_4q": -0.55,
            "eps_4q_growth_year": null,
            "roe": -4.02,
            "roe_4q": -4.93,
            "gross_profit": 30324,
            "gross_margin": 12.39,
            "gross_margin_4q_avg": 13.88,
            "net_income": -28117,
            "net_income_4q": null,
            "revenue": 244729,
            "revenue_4q": null,
            "common_shares": 623663,
            "book_valuer_per_share": 10.97,
            "book_valuer_per_share_4q_avg": 11.4,
            "equity": 684172,
            "current_ratio": 258.51,
            "debt_ratio": 34.4,
            "inventory_turnover_ratio": 3.43,
            "account_receivable_turnover_ratio": 0.81,
            "reinvestment_rate": null,
            "research_to_sale_ratio": 8.04,
            "price_fair": 0,
            "eps_avg_yearly": 0,
            "eps_latest_yearly": 0,
            "eps_growth_yearly": 0
        },
        "20194": {
            "year_quarter": 20194,
            "year": 2019,
            "quarter": 4,
            "eps": -0.37,
            "eps_growth_year": -411.9,
            "eps_4q": -1.05,
            "eps_4q_growth_year": null,
            "roe": -3.49,
            "roe_4q": -9.440000000000001,
            "gross_profit": 45519,
            "gross_margin": 15.4,
            "gross_margin_4q_avg": 14.65,
            "net_income": -23324,
            "net_income_4q": null,
            "revenue": 295610,
            "revenue_4q": null,
            "common_shares": 623663,
            "book_valuer_per_share": 10.49,
            "book_valuer_per_share_4q_avg": 11.12,
            "equity": 654140,
            "current_ratio": 256.06,
            "debt_ratio": 34.73,
            "inventory_turnover_ratio": 3.41,
            "account_receivable_turnover_ratio": 1.43,
            "reinvestment_rate": null,
            "research_to_sale_ratio": 7.69,
            "price_fair": 0,
            "eps_avg_yearly": 0,
            "eps_latest_yearly": 0,
            "eps_growth_yearly": 0
        },
        "20201": {
            "year_quarter": 20201,
            "year": 2020,
            "quarter": 1,
            "eps": 0.01,
            "eps_growth_year": null,
            "eps_4q": -0.99,
            "eps_4q_growth_year": null,
            "roe": 0.14,
            "roe_4q": -8.92,
            "gross_profit": 58767,
            "gross_margin": 20.54,
            "gross_margin_4q_avg": 15.95,
            "net_income": 879,
            "net_income_4q": null,
            "revenue": 286135,
            "revenue_4q": null,
            "common_shares": 623663,
            "book_valuer_per_share": 10.3,
            "book_valuer_per_share_4q_avg": 10.8,
            "equity": 642096,
            "current_ratio": 276.03,
            "debt_ratio": 33.05,
            "inventory_turnover_ratio": 3.07,
            "account_receivable_turnover_ratio": 1.61,
            "reinvestment_rate": null,
            "research_to_sale_ratio": 6.28,
            "price_fair": 0,
            "eps_avg_yearly": 0,
            "eps_latest_yearly": 0,
            "eps_growth_yearly": 0
        },
        "20202": {
            "year_quarter": 20202,
            "year": 2020,
            "quarter": 2,
            "eps": -0.41,
            "eps_growth_year": null,
            "eps_4q": -1.22,
            "eps_4q_growth_year": null,
            "roe": -4.06,
            "roe_4q": -11.43,
            "gross_profit": 30717,
            "gross_margin": 12.94,
            "gross_margin_4q_avg": 15.32,
            "net_income": -25537,
            "net_income_4q": null,
            "revenue": 237292,
            "revenue_4q": null,
            "common_shares": 623663,
            "book_valuer_per_share": 9.87,
            "book_valuer_per_share_4q_avg": 10.41,
            "equity": 615665,
            "current_ratio": 214.59,
            "debt_ratio": 39.5,
            "inventory_turnover_ratio": 2.66,
            "account_receivable_turnover_ratio": 1.36,
            "reinvestment_rate": null,
            "research_to_sale_ratio": 7.08,
            "price_fair": 0,
            "eps_avg_yearly": 0,
            "eps_latest_yearly": 0,
            "eps_growth_yearly": 0
        },
        "20203": {
            "year_quarter": 20203,
            "year": 2020,
            "quarter": 3,
            "eps": -0.18,
            "eps_growth_year": null,
            "eps_4q": -0.95,
            "eps_4q_growth_year": null,
            "roe": -1.87,
            "roe_4q": -9.280000000000001,
            "gross_profit": 34743,
            "gross_margin": 16.27,
            "gross_margin_4q_avg": 16.29,
            "net_income": -11225,
            "net_income_4q": null,
            "revenue": 213516,
            "revenue_4q": null,
            "common_shares": 623663,
            "book_valuer_per_share": 9.36,
            "book_valuer_per_share_4q_avg": 10.01,
            "equity": 583800,
            "current_ratio": 270.09,
            "debt_ratio": 33.43,
            "inventory_turnover_ratio": 2.16,
            "account_receivable_turnover_ratio": 1.45,
            "reinvestment_rate": null,
            "research_to_sale_ratio": 7.71,
            "price_fair": 0,
            "eps_avg_yearly": 0,
            "eps_latest_yearly": 0,
            "eps_growth_yearly": 0
        },
        "20204": {
            "year_quarter": 20204,
            "year": 2020,
            "quarter": 4,
            "eps": -0.19,
            "eps_growth_year": null,
            "eps_4q": -0.76,
            "eps_4q_growth_year": null,
            "roe": -2.06,
            "roe_4q": -7.8500000000000005,
            "gross_profit": 42960,
            "gross_margin": 13.07,
            "gross_margin_4q_avg": 15.71,
            "net_income": -11792,
            "net_income_4q": null,
            "revenue": 328769,
            "revenue_4q": null,
            "common_shares": 623663,
            "book_valuer_per_share": 8.99,
            "book_valuer_per_share_4q_avg": 9.63,
            "equity": 560406,
            "current_ratio": 224.65,
            "debt_ratio": 38.22,
            "inventory_turnover_ratio": 3.23,
            "account_receivable_turnover_ratio": 3,
            "reinvestment_rate": null,
            "research_to_sale_ratio": 4.55,
            "price_fair": 0,
            "eps_avg_yearly": 0,
            "eps_latest_yearly": 0,
            "eps_growth_yearly": 0
        },
        "20211": {
            "year_quarter": 20211,
            "year": 2021,
            "quarter": 1,
            "eps": -0.22,
            "eps_growth_year": -2300,
            "eps_4q": -1,
            "eps_4q_growth_year": null,
            "roe": -2.47,
            "roe_4q": -10.46,
            "gross_profit": 31366,
            "gross_margin": 14.55,
            "gross_margin_4q_avg": 14.21,
            "net_income": -13673,
            "net_income_4q": null,
            "revenue": 215616,
            "revenue_4q": null,
            "common_shares": 623663,
            "book_valuer_per_share": 8.77,
            "book_valuer_per_share_4q_avg": 9.25,
            "equity": 547083,
            "current_ratio": 293.29,
            "debt_ratio": 34.19,
            "inventory_turnover_ratio": 2.03,
            "account_receivable_turnover_ratio": 1.68,
            "reinvestment_rate": null,
            "research_to_sale_ratio": 8.24,
            "price_fair": 0,
            "eps_avg_yearly": 0,
            "eps_latest_yearly": 0,
            "eps_growth_yearly": 0
        },
        "20212": {
            "year_quarter": 20212,
            "year": 2021,
            "quarter": 2,
            "eps": 2.92,
            "eps_growth_year": null,
            "eps_4q": 2.33,
            "eps_4q_growth_year": null,
            "roe": 28.41,
            "roe_4q": 22.01,
            "gross_profit": 29314,
            "gross_margin": 11.98,
            "gross_margin_4q_avg": 13.97,
            "net_income": 182214,
            "net_income_4q": null,
            "revenue": 244684,
            "revenue_4q": null,
            "common_shares": 623663,
            "book_valuer_per_share": 11.79,
            "book_valuer_per_share_4q_avg": 9.73,
            "equity": 735451,
            "current_ratio": 316.23,
            "debt_ratio": 32.21,
            "inventory_turnover_ratio": 2.36,
            "account_receivable_turnover_ratio": 1.35,
            "reinvestment_rate": null,
            "research_to_sale_ratio": 8.33,
            "price_fair": 0,
            "eps_avg_yearly": 0,
            "eps_latest_yearly": 0,
            "eps_growth_yearly": 0
        },
        "20213": {
            "year_quarter": 20213,
            "year": 2021,
            "quarter": 3,
            "eps": -0.43,
            "eps_growth_year": null,
            "eps_4q": 2.09,
            "eps_4q_growth_year": null,
            "roe": -3.69,
            "roe_4q": 20.19,
            "gross_profit": 20115,
            "gross_margin": 13.02,
            "gross_margin_4q_avg": 13.16,
            "net_income": -26564,
            "net_income_4q": null,
            "revenue": 154542,
            "revenue_4q": null,
            "common_shares": 623663,
            "book_valuer_per_share": 11.3,
            "book_valuer_per_share_4q_avg": 10.21,
            "equity": 704954,
            "current_ratio": 509.67,
            "debt_ratio": 22.67,
            "inventory_turnover_ratio": 1.8,
            "account_receivable_turnover_ratio": 0.88,
            "reinvestment_rate": null,
            "research_to_sale_ratio": 10.11,
            "price_fair": 0,
            "eps_avg_yearly": 0,
            "eps_latest_yearly": 0,
            "eps_growth_yearly": 0
        },
        "20214": {
            "year_quarter": 20214,
            "year": 2021,
            "quarter": 4,
            "eps": -0.52,
            "eps_growth_year": null,
            "eps_4q": 1.75,
            "eps_4q_growth_year": null,
            "roe": -4.75,
            "roe_4q": 17.5,
            "gross_profit": 17744,
            "gross_margin": 9.94,
            "gross_margin_4q_avg": 12.37,
            "net_income": -32686,
            "net_income_4q": null,
            "revenue": 178587,
            "revenue_4q": null,
            "common_shares": 623663,
            "book_valuer_per_share": 10.76,
            "book_valuer_per_share_4q_avg": 10.66,
            "equity": 670778,
            "current_ratio": 416.45,
            "debt_ratio": 26.15,
            "inventory_turnover_ratio": 2.47,
            "account_receivable_turnover_ratio": 1.37,
            "reinvestment_rate": null,
            "research_to_sale_ratio": 8.28,
            "price_fair": 0,
            "eps_avg_yearly": 0,
            "eps_latest_yearly": 0,
            "eps_growth_yearly": 0
        },
        "20221": {
            "year_quarter": 20221,
            "year": 2022,
            "quarter": 1,
            "eps": -0.31,
            "eps_growth_year": null,
            "eps_4q": 1.66,
            "eps_4q_growth_year": null,
            "roe": -2.93,
            "roe_4q": 17.04,
            "gross_profit": 20549,
            "gross_margin": 11.75,
            "gross_margin_4q_avg": 11.67,
            "net_income": -19387,
            "net_income_4q": null,
            "revenue": 174814,
            "revenue_4q": null,
            "common_shares": 623663,
            "book_valuer_per_share": 10.46,
            "book_valuer_per_share_4q_avg": 11.08,
            "equity": 652516,
            "current_ratio": 629.56,
            "debt_ratio": 19.89,
            "inventory_turnover_ratio": 2.53,
            "account_receivable_turnover_ratio": 1.64,
            "reinvestment_rate": null,
            "research_to_sale_ratio": 8.81,
            "price_fair": 0,
            "eps_avg_yearly": 0,
            "eps_latest_yearly": 0,
            "eps_growth_yearly": 0
        },
        "20222": {
            "year_quarter": 20222,
            "year": 2022,
            "quarter": 2,
            "eps": -0.34,
            "eps_growth_year": -111.64,
            "eps_4q": -1.6,
            "eps_4q_growth_year": -168.39,
            "roe": -3.26,
            "roe_4q": -14.629999999999999,
            "gross_profit": 25058,
            "gross_margin": 14.31,
            "gross_margin_4q_avg": 12.26,
            "net_income": -20894,
            "net_income_4q": null,
            "revenue": 175109,
            "revenue_4q": null,
            "common_shares": 623663,
            "book_valuer_per_share": 10.11,
            "book_valuer_per_share_4q_avg": 10.66,
            "equity": 630534,
            "current_ratio": 419.92,
            "debt_ratio": 25.81,
            "inventory_turnover_ratio": 2.76,
            "account_receivable_turnover_ratio": 1.76,
            "reinvestment_rate": null,
            "research_to_sale_ratio": 9.38,
            "price_fair": 0,
            "eps_avg_yearly": 0,
            "eps_latest_yearly": 0,
            "eps_growth_yearly": 0
        },
        "20223": {
            "year_quarter": 20223,
            "year": 2022,
            "quarter": 3,
            "eps": -0.26,
            "eps_growth_year": null,
            "eps_4q": -1.43,
            "eps_4q_growth_year": -168.38,
            "roe": -2.58,
            "roe_4q": -13.52,
            "gross_profit": 25054,
            "gross_margin": 18.28,
            "gross_margin_4q_avg": 13.57,
            "net_income": -16050,
            "net_income_4q": null,
            "revenue": 137080,
            "revenue_4q": null,
            "common_shares": 623663,
            "book_valuer_per_share": 9.85,
            "book_valuer_per_share_4q_avg": 10.3,
            "equity": 614139,
            "current_ratio": 451.69,
            "debt_ratio": 24.2,
            "inventory_turnover_ratio": 1.68,
            "account_receivable_turnover_ratio": 1.33,
            "reinvestment_rate": null,
            "research_to_sale_ratio": 13.16,
            "price_fair": 0,
            "eps_avg_yearly": 0,
            "eps_latest_yearly": 0,
            "eps_growth_yearly": 0
        },
        "20224": {
            "year_quarter": 20224,
            "year": 2022,
            "quarter": 4,
            "eps": -0.49,
            "eps_growth_year": null,
            "eps_4q": -1.39,
            "eps_4q_growth_year": -179.5,
            "roe": -5.07,
            "roe_4q": -13.84,
            "gross_profit": 17156,
            "gross_margin": 15.27,
            "gross_margin_4q_avg": 14.9,
            "net_income": -30557,
            "net_income_4q": null,
            "revenue": 112339,
            "revenue_4q": null,
            "common_shares": 623663,
            "book_valuer_per_share": 9.49,
            "book_valuer_per_share_4q_avg": 9.98,
            "equity": 591964,
            "current_ratio": 396.72,
            "debt_ratio": 25.56,
            "inventory_turnover_ratio": 1.14,
            "account_receivable_turnover_ratio": 1.43,
            "reinvestment_rate": null,
            "research_to_sale_ratio": 14.91,
            "price_fair": 0,
            "eps_avg_yearly": 0,
            "eps_latest_yearly": 0,
            "eps_growth_yearly": 0
        },
        "20231": {
            "year_quarter": 20231,
            "year": 2023,
            "quarter": 1,
            "eps": -0.35,
            "eps_growth_year": null,
            "eps_4q": -1.44,
            "eps_4q_growth_year": -186.42,
            "roe": -3.78,
            "roe_4q": -14.69,
            "gross_profit": 19359,
            "gross_margin": 12.69,
            "gross_margin_4q_avg": 15.14,
            "net_income": -22015,
            "net_income_4q": null,
            "revenue": 152502,
            "revenue_4q": null,
            "common_shares": 623663,
            "book_valuer_per_share": 9.17,
            "book_valuer_per_share_4q_avg": 9.66,
            "equity": 572116,
            "current_ratio": 420.07,
            "debt_ratio": 24.37,
            "inventory_turnover_ratio": 1.44,
            "account_receivable_turnover_ratio": 2.03,
            "reinvestment_rate": null,
            "research_to_sale_ratio": 10.72,
            "price_fair": 0,
            "eps_avg_yearly": 0,
            "eps_latest_yearly": 0,
            "eps_growth_yearly": 0
        },
        "20232": {
            "year_quarter": 20232,
            "year": 2023,
            "quarter": 2,
            "eps": -0.27,
            "eps_growth_year": null,
            "eps_4q": -1.37,
            "eps_4q_growth_year": null,
            "roe": -2.97,
            "roe_4q": -14.4,
            "gross_profit": 20491,
            "gross_margin": 13.25,
            "gross_margin_4q_avg": 14.87,
            "net_income": -16702,
            "net_income_4q": null,
            "revenue": 154691,
            "revenue_4q": null,
            "common_shares": 623663,
            "book_valuer_per_share": 8.84,
            "book_valuer_per_share_4q_avg": 9.34,
            "equity": 551478,
            "current_ratio": 325.01,
            "debt_ratio": 29.38,
            "inventory_turnover_ratio": 1.72,
            "account_receivable_turnover_ratio": 1.26,
            "reinvestment_rate": null,
            "research_to_sale_ratio": 9.95,
            "price_fair": 0,
            "eps_avg_yearly": 0,
            "eps_latest_yearly": 0,
            "eps_growth_yearly": 0
        },
        "20233": {
            "year_quarter": 20233,
            "year": 2023,
            "quarter": 3,
            "eps": -0.13,
            "eps_growth_year": null,
            "eps_4q": -1.24,
            "eps_4q_growth_year": null,
            "roe": -1.51,
            "roe_4q": -13.33,
            "gross_profit": 20433,
            "gross_margin": 17.54,
            "gross_margin_4q_avg": 14.69,
            "net_income": -8238,
            "net_income_4q": null,
            "revenue": 116481,
            "revenue_4q": null,
            "common_shares": 623663,
            "book_valuer_per_share": 8.7,
            "book_valuer_per_share_4q_avg": 9.05,
            "equity": 542623,
            "current_ratio": 375,
            "debt_ratio": 26.11,
            "inventory_turnover_ratio": 1.58,
            "account_receivable_turnover_ratio": 0.93,
            "reinvestment_rate": null,
            "research_to_sale_ratio": 16.15,
            "price_fair": 0,
            "eps_avg_yearly": 0,
            "eps_latest_yearly": 0,
            "eps_growth_yearly": 0
        }
    },
    "months": {
        "2006-12": {
            "month": "2006-12",
            "price": "65.12",
            "revenue": 244867
        },
        "2007-01": {
            "month": "2007-01",
            "price": "57.02",
            "revenue": 238171
        },
        "2007-02": {
            "month": "2007-02",
            "price": "57.72",
            "revenue": 290387
        },
        "2007-03": {
            "month": "2007-03",
            "price": "63.12",
            "revenue": 368181
        },
        "2007-04": {
            "month": "2007-04",
            "price": "61.40",
            "revenue": 309642
        },
        "2007-05": {
            "month": "2007-05",
            "price": "60.56",
            "revenue": 220657
        },
        "2007-06": {
            "month": "2007-06",
            "price": "84.00",
            "revenue": 234653
        },
        "2007-07": {
            "month": "2007-07",
            "price": "96.12",
            "revenue": 305210
        },
        "2007-08": {
            "month": "2007-08",
            "price": "106.52",
            "revenue": 339449
        },
        "2007-09": {
            "month": "2007-09",
            "price": "96.00",
            "revenue": 346183
        },
        "2007-10": {
            "month": "2007-10",
            "price": "79.67",
            "revenue": 284244
        },
        "2007-11": {
            "month": "2007-11",
            "price": "63.12",
            "revenue": 243601
        },
        "2007-12": {
            "month": "2007-12",
            "price": "62.12",
            "revenue": 266494
        },
        "2008-01": {
            "month": "2008-01",
            "price": "54.08",
            "revenue": 345475
        },
        "2008-02": {
            "month": "2008-02",
            "price": "46.33",
            "revenue": 370294
        },
        "2008-03": {
            "month": "2008-03",
            "price": "50.37",
            "revenue": 390506
        },
        "2008-04": {
            "month": "2008-04",
            "price": "51.75",
            "revenue": 251894
        },
        "2008-05": {
            "month": "2008-05",
            "price": "58.29",
            "revenue": 251602
        },
        "2008-06": {
            "month": "2008-06",
            "price": "47.13",
            "revenue": 201745
        },
        "2008-07": {
            "month": "2008-07",
            "price": "39.35",
            "revenue": 220295
        },
        "2008-08": {
            "month": "2008-08",
            "price": "37.82",
            "revenue": 271971
        },
        "2008-09": {
            "month": "2008-09",
            "price": "33.29",
            "revenue": 309531
        },
        "2008-10": {
            "month": "2008-10",
            "price": "27.36",
            "revenue": 211350
        },
        "2008-11": {
            "month": "2008-11",
            "price": "19.81",
            "revenue": 194150
        },
        "2008-12": {
            "month": "2008-12",
            "price": "19.47",
            "revenue": 238621
        },
        "2009-01": {
            "month": "2009-01",
            "price": "21.62",
            "revenue": 290367
        },
        "2009-02": {
            "month": "2009-02",
            "price": "24.74",
            "revenue": 210750
        },
        "2009-03": {
            "month": "2009-03",
            "price": "25.65",
            "revenue": 206730
        },
        "2009-04": {
            "month": "2009-04",
            "price": "26.98",
            "revenue": 196437
        },
        "2009-05": {
            "month": "2009-05",
            "price": "28.14",
            "revenue": 165882
        },
        "2009-06": {
            "month": "2009-06",
            "price": "29.79",
            "revenue": 192746
        },
        "2009-07": {
            "month": "2009-07",
            "price": "32.65",
            "revenue": 220358
        },
        "2009-08": {
            "month": "2009-08",
            "price": "30.69",
            "revenue": 267991
        },
        "2009-09": {
            "month": "2009-09",
            "price": "31.44",
            "revenue": 296277
        },
        "2009-10": {
            "month": "2009-10",
            "price": "37.35",
            "revenue": 266180
        },
        "2009-11": {
            "month": "2009-11",
            "price": "35.98",
            "revenue": 231293
        },
        "2009-12": {
            "month": "2009-12",
            "price": "38.55",
            "revenue": 229967
        },
        "2010-01": {
            "month": "2010-01",
            "price": "36.27",
            "revenue": 269398
        },
        "2010-02": {
            "month": "2010-02",
            "price": "35.53",
            "revenue": 201097
        },
        "2010-03": {
            "month": "2010-03",
            "price": "35.60",
            "revenue": 189963
        },
        "2010-04": {
            "month": "2010-04",
            "price": "34.96",
            "revenue": 249080
        },
        "2010-05": {
            "month": "2010-05",
            "price": "32.44",
            "revenue": 169379
        },
        "2010-06": {
            "month": "2010-06",
            "price": "32.49",
            "revenue": 167120
        },
        "2010-07": {
            "month": "2010-07",
            "price": "30.47",
            "revenue": 192090
        },
        "2010-08": {
            "month": "2010-08",
            "price": "28.52",
            "revenue": 226350
        },
        "2010-09": {
            "month": "2010-09",
            "price": "27.64",
            "revenue": 212708
        },
        "2010-10": {
            "month": "2010-10",
            "price": "26.50",
            "revenue": 217803
        },
        "2010-11": {
            "month": "2010-11",
            "price": "26.13",
            "revenue": 175657
        },
        "2010-12": {
            "month": "2010-12",
            "price": "29.09",
            "revenue": 211878
        },
        "2011-01": {
            "month": "2011-01",
            "price": "31.19",
            "revenue": 211233
        },
        "2011-02": {
            "month": "2011-02",
            "price": "32.74",
            "revenue": 154036
        },
        "2011-03": {
            "month": "2011-03",
            "price": "27.38",
            "revenue": 184539
        },
        "2011-04": {
            "month": "2011-04",
            "price": "26.41",
            "revenue": 156729
        },
        "2011-05": {
            "month": "2011-05",
            "price": "23.83",
            "revenue": 155032
        },
        "2011-06": {
            "month": "2011-06",
            "price": "23.65",
            "revenue": 131510
        },
        "2011-07": {
            "month": "2011-07",
            "price": "21.56",
            "revenue": 191666
        },
        "2011-08": {
            "month": "2011-08",
            "price": "17.06",
            "revenue": 181596
        },
        "2011-09": {
            "month": "2011-09",
            "price": "17.07",
            "revenue": 193952
        },
        "2011-10": {
            "month": "2011-10",
            "price": "17.19",
            "revenue": 121950
        },
        "2011-11": {
            "month": "2011-11",
            "price": "15.86",
            "revenue": 124058
        },
        "2011-12": {
            "month": "2011-12",
            "price": "14.30",
            "revenue": 172174
        },
        "2012-01": {
            "month": "2012-01",
            "price": "16.23",
            "revenue": 151964
        },
        "2012-02": {
            "month": "2012-02",
            "price": "22.36",
            "revenue": 425228
        },
        "2012-03": {
            "month": "2012-03",
            "price": "24.29",
            "revenue": 120125
        },
        "2012-04": {
            "month": "2012-04",
            "price": "20.08",
            "revenue": 109857
        },
        "2012-05": {
            "month": "2012-05",
            "price": "17.20",
            "revenue": 119157
        },
        "2012-06": {
            "month": "2012-06",
            "price": "15.67",
            "revenue": 91858
        },
        "2012-07": {
            "month": "2012-07",
            "price": "15.55",
            "revenue": 128044
        },
        "2012-08": {
            "month": "2012-08",
            "price": "15.70",
            "revenue": 108273
        },
        "2012-09": {
            "month": "2012-09",
            "price": "16.73",
            "revenue": 95530
        },
        "2012-10": {
            "month": "2012-10",
            "price": "14.86",
            "revenue": 104127
        },
        "2012-11": {
            "month": "2012-11",
            "price": "13.62",
            "revenue": 75960
        },
        "2012-12": {
            "month": "2012-12",
            "price": "14.32",
            "revenue": 137425
        },
        "2013-01": {
            "month": "2013-01",
            "price": "14.99",
            "revenue": 458982
        },
        "2013-02": {
            "month": "2013-02",
            "price": "15.38",
            "revenue": 356893
        },
        "2013-03": {
            "month": "2013-03",
            "price": "14.64",
            "revenue": 107860
        },
        "2013-04": {
            "month": "2013-04",
            "price": "14.20",
            "revenue": 73268
        },
        "2013-05": {
            "month": "2013-05",
            "price": "14.73",
            "revenue": 69931
        },
        "2013-06": {
            "month": "2013-06",
            "price": "14.54",
            "revenue": 50014
        },
        "2013-07": {
            "month": "2013-07",
            "price": "14.25",
            "revenue": 92259
        },
        "2013-08": {
            "month": "2013-08",
            "price": "13.65",
            "revenue": 176065
        },
        "2013-09": {
            "month": "2013-09",
            "price": "13.41",
            "revenue": 143142
        },
        "2013-10": {
            "month": "2013-10",
            "price": "13.42",
            "revenue": 129346
        },
        "2013-11": {
            "month": "2013-11",
            "price": "13.10",
            "revenue": 62248
        },
        "2013-12": {
            "month": "2013-12",
            "price": "12.93",
            "revenue": 79954
        },
        "2014-01": {
            "month": "2014-01",
            "price": "13.97",
            "revenue": 409826
        },
        "2014-02": {
            "month": "2014-02",
            "price": "14.57",
            "revenue": 373401
        },
        "2014-03": {
            "month": "2014-03",
            "price": "14.42",
            "revenue": 105067
        },
        "2014-04": {
            "month": "2014-04",
            "price": "13.39",
            "revenue": 57108
        },
        "2014-05": {
            "month": "2014-05",
            "price": "13.07",
            "revenue": 37332
        },
        "2014-06": {
            "month": "2014-06",
            "price": "13.69",
            "revenue": 100678
        },
        "2014-07": {
            "month": "2014-07",
            "price": "13.74",
            "revenue": 123482
        },
        "2014-08": {
            "month": "2014-08",
            "price": "13.18",
            "revenue": 90921
        },
        "2014-09": {
            "month": "2014-09",
            "price": "12.97",
            "revenue": 96859
        },
        "2014-10": {
            "month": "2014-10",
            "price": "12.57",
            "revenue": 61714
        },
        "2014-11": {
            "month": "2014-11",
            "price": "11.30",
            "revenue": 60596
        },
        "2014-12": {
            "month": "2014-12",
            "price": "11.32",
            "revenue": 57869
        },
        "2015-01": {
            "month": "2015-01",
            "price": "11.84",
            "revenue": 97200
        },
        "2015-02": {
            "month": "2015-02",
            "price": "12.45",
            "revenue": 226093
        },
        "2015-03": {
            "month": "2015-03",
            "price": "12.60",
            "revenue": 59228
        },
        "2015-04": {
            "month": "2015-04",
            "price": "12.44",
            "revenue": 60393
        },
        "2015-05": {
            "month": "2015-05",
            "price": "11.74",
            "revenue": 58958
        },
        "2015-06": {
            "month": "2015-06",
            "price": "9.85",
            "revenue": 94148
        },
        "2015-07": {
            "month": "2015-07",
            "price": "8.80",
            "revenue": 93378
        },
        "2015-08": {
            "month": "2015-08",
            "price": "6.63",
            "revenue": 39594
        },
        "2015-09": {
            "month": "2015-09",
            "price": "6.94",
            "revenue": 38390
        },
        "2015-10": {
            "month": "2015-10",
            "price": "7.68",
            "revenue": 101274
        },
        "2015-11": {
            "month": "2015-11",
            "price": "9.10",
            "revenue": 54589
        },
        "2015-12": {
            "month": "2015-12",
            "price": "9.40",
            "revenue": 37695
        },
        "2016-01": {
            "month": "2016-01",
            "price": "9.10",
            "revenue": 26689
        },
        "2016-02": {
            "month": "2016-02",
            "price": "8.26",
            "revenue": 35892
        },
        "2016-03": {
            "month": "2016-03",
            "price": "8.14",
            "revenue": 38042
        },
        "2016-04": {
            "month": "2016-04",
            "price": "8.10",
            "revenue": 61117
        },
        "2016-05": {
            "month": "2016-05",
            "price": "8.13",
            "revenue": 48126
        },
        "2016-06": {
            "month": "2016-06",
            "price": "8.65",
            "revenue": 69423
        },
        "2016-07": {
            "month": "2016-07",
            "price": "9.12",
            "revenue": 90107
        },
        "2016-08": {
            "month": "2016-08",
            "price": "9.04",
            "revenue": 82167
        },
        "2016-09": {
            "month": "2016-09",
            "price": "9.06",
            "revenue": 60960
        },
        "2016-10": {
            "month": "2016-10",
            "price": "8.97",
            "revenue": 40677
        },
        "2016-11": {
            "month": "2016-11",
            "price": "8.63",
            "revenue": 43306
        },
        "2016-12": {
            "month": "2016-12",
            "price": "8.27",
            "revenue": 49136
        },
        "2017-01": {
            "month": "2017-01",
            "price": "8.14",
            "revenue": 34094
        },
        "2017-02": {
            "month": "2017-02",
            "price": "8.85",
            "revenue": 153324
        },
        "2017-03": {
            "month": "2017-03",
            "price": "12.50",
            "revenue": 198511
        },
        "2017-04": {
            "month": "2017-04",
            "price": "16.53",
            "revenue": 53456
        },
        "2017-05": {
            "month": "2017-05",
            "price": "13.24",
            "revenue": 66360
        },
        "2017-06": {
            "month": "2017-06",
            "price": "14.00",
            "revenue": 118942
        },
        "2017-07": {
            "month": "2017-07",
            "price": "14.76",
            "revenue": 140605
        },
        "2017-08": {
            "month": "2017-08",
            "price": "13.70",
            "revenue": 55599
        },
        "2017-09": {
            "month": "2017-09",
            "price": "13.71",
            "revenue": 94644
        },
        "2017-10": {
            "month": "2017-10",
            "price": "14.07",
            "revenue": 94845
        },
        "2017-11": {
            "month": "2017-11",
            "price": "13.82",
            "revenue": 91690
        },
        "2017-12": {
            "month": "2017-12",
            "price": "13.20",
            "revenue": 87760
        },
        "2018-01": {
            "month": "2018-01",
            "price": "13.29",
            "revenue": 72346
        },
        "2018-02": {
            "month": "2018-02",
            "price": "12.64",
            "revenue": 298504
        },
        "2018-03": {
            "month": "2018-03",
            "price": "15.48",
            "revenue": 87366
        },
        "2018-04": {
            "month": "2018-04",
            "price": "17.93",
            "revenue": 63542
        },
        "2018-05": {
            "month": "2018-05",
            "price": "14.76",
            "revenue": 66910
        },
        "2018-06": {
            "month": "2018-06",
            "price": "15.98",
            "revenue": 106974
        },
        "2018-07": {
            "month": "2018-07",
            "price": "14.39",
            "revenue": 134947
        },
        "2018-08": {
            "month": "2018-08",
            "price": "13.42",
            "revenue": 71157
        },
        "2018-09": {
            "month": "2018-09",
            "price": "14.23",
            "revenue": 81513
        },
        "2018-10": {
            "month": "2018-10",
            "price": "12.19",
            "revenue": 118822
        },
        "2018-11": {
            "month": "2018-11",
            "price": "11.35",
            "revenue": 233787
        },
        "2018-12": {
            "month": "2018-12",
            "price": "12.40",
            "revenue": 176166
        },
        "2019-01": {
            "month": "2019-01",
            "price": "12.77",
            "revenue": 147387
        },
        "2019-02": {
            "month": "2019-02",
            "price": "13.62",
            "revenue": 126487
        },
        "2019-03": {
            "month": "2019-03",
            "price": "13.79",
            "revenue": 75459
        },
        "2019-04": {
            "month": "2019-04",
            "price": "13.29",
            "revenue": 88683
        },
        "2019-05": {
            "month": "2019-05",
            "price": "12.60",
            "revenue": 66662
        },
        "2019-06": {
            "month": "2019-06",
            "price": "12.26",
            "revenue": 154958
        },
        "2019-07": {
            "month": "2019-07",
            "price": "12.64",
            "revenue": 113071
        },
        "2019-08": {
            "month": "2019-08",
            "price": "12.17",
            "revenue": 59658
        },
        "2019-09": {
            "month": "2019-09",
            "price": "12.29",
            "revenue": 72000
        },
        "2019-10": {
            "month": "2019-10",
            "price": "12.15",
            "revenue": 73151
        },
        "2019-11": {
            "month": "2019-11",
            "price": "11.52",
            "revenue": 102592
        },
        "2019-12": {
            "month": "2019-12",
            "price": "11.09",
            "revenue": 119867
        },
        "2020-01": {
            "month": "2020-01",
            "price": "10.71",
            "revenue": 81815
        },
        "2020-02": {
            "month": "2020-02",
            "price": "9.17",
            "revenue": 92171
        },
        "2020-03": {
            "month": "2020-03",
            "price": "7.90",
            "revenue": 112149
        },
        "2020-04": {
            "month": "2020-04",
            "price": "7.92",
            "revenue": 64656
        },
        "2020-05": {
            "month": "2020-05",
            "price": "8.28",
            "revenue": 49904
        },
        "2020-06": {
            "month": "2020-06",
            "price": "8.68",
            "revenue": 122732
        },
        "2020-07": {
            "month": "2020-07",
            "price": "9.51",
            "revenue": 87771
        },
        "2020-08": {
            "month": "2020-08",
            "price": "9.24",
            "revenue": 41951
        },
        "2020-09": {
            "month": "2020-09",
            "price": "9.30",
            "revenue": 83794
        },
        "2020-10": {
            "month": "2020-10",
            "price": "9.14",
            "revenue": 111385
        },
        "2020-11": {
            "month": "2020-11",
            "price": "9.29",
            "revenue": 95602
        },
        "2020-12": {
            "month": "2020-12",
            "price": "9.74",
            "revenue": 121782
        },
        "2021-01": {
            "month": "2021-01",
            "price": "9.56",
            "revenue": 69317
        },
        "2021-02": {
            "month": "2021-02",
            "price": "9.36",
            "revenue": 60471
        },
        "2021-03": {
            "month": "2021-03",
            "price": "10.17",
            "revenue": 85828
        },
        "2021-04": {
            "month": "2021-04",
            "price": "11.53",
            "revenue": 48504
        },
        "2021-05": {
            "month": "2021-05",
            "price": "9.98",
            "revenue": 67007
        },
        "2021-06": {
            "month": "2021-06",
            "price": "10.15",
            "revenue": 129173
        },
        "2021-07": {
            "month": "2021-07",
            "price": "11.21",
            "revenue": 69585
        },
        "2021-08": {
            "month": "2021-08",
            "price": "12.02",
            "revenue": 36224
        },
        "2021-09": {
            "month": "2021-09",
            "price": "16.48",
            "revenue": 48733
        },
        "2021-10": {
            "month": "2021-10",
            "price": "15.71",
            "revenue": 47042
        },
        "2021-11": {
            "month": "2021-11",
            "price": "17.50",
            "revenue": 46399
        },
        "2021-12": {
            "month": "2021-12",
            "price": "17.43",
            "revenue": 85146
        },
        "2022-01": {
            "month": "2022-01",
            "price": "16.10",
            "revenue": 88490
        },
        "2022-02": {
            "month": "2022-02",
            "price": "15.60",
            "revenue": 36959
        },
        "2022-03": {
            "month": "2022-03",
            "price": "14.64",
            "revenue": 49365
        },
        "2022-04": {
            "month": "2022-04",
            "price": "12.63",
            "revenue": 54453
        },
        "2022-05": {
            "month": "2022-05",
            "price": "11.95",
            "revenue": 39784
        },
        "2022-06": {
            "month": "2022-06",
            "price": "12.06",
            "revenue": 80872
        },
        "2022-07": {
            "month": "2022-07",
            "price": "10.80",
            "revenue": 32269
        },
        "2022-08": {
            "month": "2022-08",
            "price": "12.76",
            "revenue": 36224
        },
        "2022-09": {
            "month": "2022-09",
            "price": "12.24",
            "revenue": 68587
        },
        "2022-10": {
            "month": "2022-10",
            "price": "10.87",
            "revenue": 48944
        },
        "2022-11": {
            "month": "2022-11",
            "price": "11.31",
            "revenue": 30683
        },
        "2022-12": {
            "month": "2022-12",
            "price": "10.48",
            "revenue": 32712
        },
        "2023-01": {
            "month": "2023-01",
            "price": "10.22",
            "revenue": 79385
        },
        "2023-02": {
            "month": "2023-02",
            "price": "10.54",
            "revenue": 30423
        },
        "2023-03": {
            "month": "2023-03",
            "price": "12.02",
            "revenue": 42694
        },
        "2023-04": {
            "month": "2023-04",
            "price": "13.33",
            "revenue": 31974
        },
        "2023-05": {
            "month": "2023-05",
            "price": "12.78",
            "revenue": 46748
        },
        "2023-06": {
            "month": "2023-06",
            "price": "14.80",
            "revenue": 75969
        },
        "2023-07": {
            "month": "2023-07",
            "price": "19.63",
            "revenue": 34317
        },
        "2023-08": {
            "month": "2023-08",
            "price": "19.89",
            "revenue": 28497
        },
        "2023-09": {
            "month": "2023-09",
            "price": "16.75",
            "revenue": 53667
        },
        "2023-10": {
            "month": "2023-10",
            "price": "15.78",
            "revenue": 25874
        },
        "2023-11": {
            "month": "2023-11",
            "price": "15.03",
            "revenue": 28949
        },
        "2023-12": {
            "month": "2023-12",
            "price": "18.05",
            "revenue": 38686
        }
    }
}
