{
    "summary": {
        "stock_name": "勤誠",
        "stock_id": "8210",
        "category": "電腦及週邊設備",
        "main_business": "電腦應用軟體設計工程業務<br>有關電腦用品及週邊設備之進出口貿易業務<br>有關電腦週邊設備及其用品耗材主件系統之研展製造加工及買賣業務",
        "website_url": "http://www.chenbro.com",
        "ceo": "執行長: 陳亞男 / 總經理: 許健南",
        "pe_ratio": 28,
        "report_year_from": 2001,
        "report_year_to": 2023,
        "age": 23,
        "eps_negative_percentage": 0,
        "eps_growth_avg": {
            "last_all": 10.12,
            "last_2y": 8.52,
            "last_4y": 14.88,
            "last_8y": 11.5,
            "last_12y": 10.61,
            "last_16y": 11.64,
            "last_20y": null,
            "at_2006_last_3y": null,
            "at_2007_last_3y": null,
            "at_2008_last_3y": -18.14,
            "at_2009_last_3y": 11.81,
            "at_2010_last_3y": 14.97,
            "at_2011_last_3y": 12.5,
            "at_2012_last_3y": 32.99,
            "at_2013_last_3y": 0.67,
            "at_2014_last_3y": 8.62,
            "at_2015_last_3y": 6.44,
            "at_2016_last_3y": 10.41,
            "at_2017_last_3y": 11.65,
            "at_2018_last_3y": 7.27,
            "at_2019_last_3y": 19.47,
            "at_2020_last_3y": 16.4,
            "at_2021_last_3y": 14.73,
            "at_2022_last_3y": 16.5,
            "at_2023_last_3y": 8.06,
            "at_2024_last_3y": 8.06,
            "at_2006_last_all": -2.81,
            "at_2007_last_all": 2.13,
            "at_2008_last_all": -18.14,
            "at_2009_last_all": 5.49,
            "at_2010_last_all": 9.04,
            "at_2011_last_all": 8.05,
            "at_2012_last_all": 7.43,
            "at_2013_last_all": 3.35,
            "at_2014_last_all": 8.87,
            "at_2015_last_all": 7.46,
            "at_2016_last_all": 8.42,
            "at_2017_last_all": 5.9,
            "at_2018_last_all": 8.42,
            "at_2019_last_all": 10.67,
            "at_2020_last_all": 10.42,
            "at_2021_last_all": 7.98,
            "at_2022_last_all": 10.21,
            "at_2023_last_all": 10.12,
            "at_2024_last_all": 10.12
        },
        "latest_eps": 9,
        "latest_price": 255,
        "latest_roe": 21.06,
        "latest_gross_margin": 24.31,
        "latest_equity": 5577835,
        "latest_revenue": 4729411,
        "latest_gross_profit": 1149518,
        "latest_net_income": 556765,
        "latest_debt_ratio": 60.12,
        "latest_current_ratio": 151.12,
        "latest_account_receivable_turnover_ratio": 1.64,
        "latest_inventory_turnover_ratio": 1.75,
        "latest_reinvestment_rate": 88.8,
        "latest_research_to_sale_ratio": 1.44
    },
    "eps_dividends": {
        "2001": {
            "cash": 0,
            "stock": 0,
            "eps": 0
        },
        "2002": {
            "cash": 0,
            "stock": 0,
            "eps": 0
        },
        "2003": {
            "cash": 1,
            "stock": 0,
            "eps": 0
        },
        "2004": {
            "cash": 0.5,
            "stock": 1,
            "eps": 2.73
        },
        "2005": {
            "cash": 0.5,
            "stock": 1.5,
            "eps": 2.19
        },
        "2006": {
            "cash": 0.5,
            "stock": 1.5,
            "eps": 2.5
        },
        "2007": {
            "cash": 0.5,
            "stock": 1.5,
            "eps": 2.8
        },
        "2008": {
            "cash": 0.5,
            "stock": 1.5,
            "eps": 0.59
        },
        "2009": {
            "cash": 0.5,
            "stock": 0,
            "eps": 3.02
        },
        "2010": {
            "cash": 2.5,
            "stock": 0,
            "eps": 3.83
        },
        "2011": {
            "cash": 5,
            "stock": 0.76,
            "eps": 3.91
        },
        "2012": {
            "cash": 0,
            "stock": 0,
            "eps": 4.03
        },
        "2013": {
            "cash": 2.5,
            "stock": 0,
            "eps": 2.85
        },
        "2014": {
            "cash": 2.5,
            "stock": 0,
            "eps": 4.52
        },
        "2015": {
            "cash": 3,
            "stock": 0,
            "eps": 4.22
        },
        "2016": {
            "cash": 2.6,
            "stock": 0,
            "eps": 5.02
        },
        "2017": {
            "cash": 3,
            "stock": 0,
            "eps": 3.8
        },
        "2018": {
            "cash": 3,
            "stock": 0,
            "eps": 5.36
        },
        "2019": {
            "cash": 4,
            "stock": 0,
            "eps": 7.62
        },
        "2020": {
            "cash": 4.6,
            "stock": 0,
            "eps": 8.13
        },
        "2021": {
            "cash": 4,
            "stock": 0,
            "eps": 5.61
        },
        "2022": {
            "cash": 3,
            "stock": 0,
            "eps": 8.31
        },
        "2023": {
            "cash": 4,
            "stock": 0,
            "eps": 9.01
        },
        "2024": {
            "cash": 5,
            "stock": 0,
            "eps": 0
        }
    },
    "dividends": {
        "2003-04-29": {
            "cash": 1,
            "stock": 0
        },
        "2004-04-27": {
            "cash": 0.5,
            "stock": 1
        },
        "2005-04-27": {
            "cash": 0.5,
            "stock": 1.5
        },
        "2006-04-28": {
            "cash": 0.5,
            "stock": 1.5
        },
        "2007-04-24": {
            "cash": 0.5,
            "stock": 1.5
        },
        "2008-03-25": {
            "cash": 0.5,
            "stock": 1.5
        },
        "2009-04-21": {
            "cash": 0.5,
            "stock": 0
        },
        "2010-03-29": {
            "cash": 2.5,
            "stock": 0
        },
        "2011-01-01": {
            "cash": 2.5,
            "stock": 0.4
        },
        "2011-03-28": {
            "cash": 2.5,
            "stock": 0.36
        },
        "2013-03-25": {
            "cash": 2.5,
            "stock": 0
        },
        "2014-06-20": {
            "cash": 2.5,
            "stock": 0
        },
        "2015-07-21": {
            "cash": 3,
            "stock": 0
        },
        "2016-07-29": {
            "cash": 2.6,
            "stock": 0
        },
        "2017-07-31": {
            "cash": 3,
            "stock": 0
        },
        "2018-07-27": {
            "cash": 3,
            "stock": 0
        },
        "2019-07-31": {
            "cash": 4,
            "stock": 0
        },
        "2020-07-31": {
            "cash": 4.6,
            "stock": 0
        },
        "2021-06-18": {
            "cash": 4,
            "stock": 0
        },
        "2022-07-29": {
            "cash": 3,
            "stock": 0
        },
        "2023-07-31": {
            "cash": 4,
            "stock": 0
        },
        "2024-03-12": {
            "cash": 5,
            "stock": 0
        }
    },
    "prices": {
        "200101": "無",
        "200102": "無",
        "200103": "無",
        "200104": "無",
        "200105": "無",
        "200106": "無",
        "200107": "無",
        "200108": "無",
        "200109": "無",
        "200110": "無",
        "200111": "無",
        "200112": "無",
        "200201": "無",
        "200202": "無",
        "200203": "無",
        "200204": "無",
        "200205": "無",
        "200206": "無",
        "200207": "無",
        "200208": "無",
        "200209": "無",
        "200210": "無",
        "200211": "無",
        "200212": "無",
        "200301": "無",
        "200302": "無",
        "200303": "無",
        "200304": "無",
        "200305": "無",
        "200306": "無",
        "200307": "無",
        "200308": "無",
        "200309": "無",
        "200310": "無",
        "200311": "27.00",
        "200312": "27.00",
        "200401": "無",
        "200402": "26.00",
        "200403": "30.00",
        "200404": "無",
        "200405": "24.90",
        "200406": "23.00",
        "200407": "13.67",
        "200408": "13.06",
        "200409": "15.22",
        "200410": "16.07",
        "200411": "17.16",
        "200412": "18.32",
        "200501": "18.04",
        "200502": "17.22",
        "200503": "20.89",
        "200504": "18.78",
        "200505": "18.84",
        "200506": "20.51",
        "200507": "22.80",
        "200508": "20.15",
        "200509": "19.00",
        "200510": "19.04",
        "200511": "20.23",
        "200512": "21.17",
        "200601": "21.69",
        "200602": "20.42",
        "200603": "20.13",
        "200604": "21.98",
        "200605": "23.62",
        "200606": "22.69",
        "200607": "22.57",
        "200608": "23.24",
        "200609": "22.92",
        "200610": "22.72",
        "200611": "24.28",
        "200612": "25.38",
        "200701": "26.06",
        "200702": "26.62",
        "200703": "27.64",
        "200704": "29.38",
        "200705": "29.97",
        "200706": "31.35",
        "200707": "39.19",
        "200708": "36.00",
        "200709": "31.38",
        "200710": "29.13",
        "200711": "24.44",
        "200712": "22.08",
        "200801": "20.91",
        "200802": "19.53",
        "200803": "20.72",
        "200804": "22.70",
        "200805": "20.94",
        "200806": "19.19",
        "200807": "16.09",
        "200808": "14.45",
        "200809": "11.55",
        "200810": "10.10",
        "200811": "8.98",
        "200812": "8.62",
        "200901": "8.13",
        "200902": "7.30",
        "200903": "8.53",
        "200904": "10.13",
        "200905": "11.82",
        "200906": "11.42",
        "200907": "12.10",
        "200908": "13.07",
        "200909": "16.70",
        "200910": "19.13",
        "200911": "23.03",
        "200912": "27.07",
        "201001": "26.35",
        "201002": "23.54",
        "201003": "25.81",
        "201004": "31.25",
        "201005": "31.32",
        "201006": "31.55",
        "201007": "30.95",
        "201008": "30.51",
        "201009": "29.11",
        "201010": "31.29",
        "201011": "35.45",
        "201012": "47.91",
        "201101": "49.17",
        "201102": "46.34",
        "201103": "42.46",
        "201104": "43.07",
        "201105": "48.08",
        "201106": "47.89",
        "201107": "45.04",
        "201108": "37.88",
        "201109": "33.79",
        "201110": "33.61",
        "201111": "34.26",
        "201112": "31.52",
        "201201": "31.19",
        "201202": "36.08",
        "201203": "39.12",
        "201204": "37.77",
        "201205": "34.98",
        "201206": "31.49",
        "201207": "31.10",
        "201208": "32.13",
        "201209": "32.69",
        "201210": "31.36",
        "201211": "31.45",
        "201212": "33.25",
        "201301": "35.41",
        "201302": "37.73",
        "201303": "37.46",
        "201304": "36.18",
        "201305": "35.23",
        "201306": "35.12",
        "201307": "33.55",
        "201308": "31.76",
        "201309": "31.25",
        "201310": "31.91",
        "201311": "31.29",
        "201312": "32.54",
        "201401": "35.35",
        "201402": "35.32",
        "201403": "35.94",
        "201404": "41.12",
        "201405": "48.60",
        "201406": "58.58",
        "201407": "63.06",
        "201408": "62.01",
        "201409": "58.99",
        "201410": "47.70",
        "201411": "48.38",
        "201412": "54.08",
        "201501": "56.52",
        "201502": "54.12",
        "201503": "54.19",
        "201504": "53.80",
        "201505": "46.02",
        "201506": "41.60",
        "201507": "35.67",
        "201508": "30.89",
        "201509": "34.70",
        "201510": "37.89",
        "201511": "37.08",
        "201512": "42.63",
        "201601": "38.72",
        "201602": "39.76",
        "201603": "42.97",
        "201604": "49.90",
        "201605": "53.23",
        "201606": "57.79",
        "201607": "58.66",
        "201608": "55.13",
        "201609": "52.55",
        "201610": "53.21",
        "201611": "51.04",
        "201612": "52.08",
        "201701": "50.99",
        "201702": "54.80",
        "201703": "56.56",
        "201704": "53.43",
        "201705": "54.42",
        "201706": "55.84",
        "201707": "51.80",
        "201708": "50.04",
        "201709": "51.39",
        "201710": "49.96",
        "201711": "46.24",
        "201712": "42.66",
        "201801": "44.22",
        "201802": "44.42",
        "201803": "47.68",
        "201804": "47.47",
        "201805": "43.15",
        "201806": "42.74",
        "201807": "39.57",
        "201808": "40.02",
        "201809": "39.49",
        "201810": "35.03",
        "201811": "39.26",
        "201812": "44.50",
        "201901": "45.15",
        "201902": "51.50",
        "201903": "60.26",
        "201904": "69.72",
        "201905": "62.90",
        "201906": "63.36",
        "201907": "64.86",
        "201908": "67.59",
        "201909": "71.87",
        "201910": "76.22",
        "201911": "79.85",
        "201912": "83.69",
        "202001": "98.80",
        "202002": "98.54",
        "202003": "78.38",
        "202004": "84.52",
        "202005": "92.66",
        "202006": "96.90",
        "202007": "91.67",
        "202008": "89.78",
        "202009": "89.98",
        "202010": "89.52",
        "202011": "86.44",
        "202012": "83.10",
        "202101": "81.32",
        "202102": "81.08",
        "202103": "84.32",
        "202104": "87.14",
        "202105": "78.25",
        "202106": "73.13",
        "202107": "75.70",
        "202108": "72.12",
        "202109": "73.49",
        "202110": "74.94",
        "202111": "76.02",
        "202112": "74.53",
        "202201": "78.61",
        "202202": "87.37",
        "202203": "75.30",
        "202204": "69.63",
        "202205": "66.94",
        "202206": "67.54",
        "202207": "65.81",
        "202208": "75.77",
        "202209": "77.43",
        "202210": "67.00",
        "202211": "71.67",
        "202212": "73.75",
        "202301": "78.92",
        "202302": "85.41",
        "202303": "84.45",
        "202304": "83.02",
        "202305": "90.78",
        "202306": "132.48",
        "202307": "204.36",
        "202308": "211.77",
        "202309": "210.82",
        "202310": "207.58",
        "202311": "225.00",
        "202312": "261.62",
        "202401": "281.50",
        "202402": "271.42",
        "202403": "258.81",
        "202404": "無"
    },
    "quarters": {
        "20011": {
            "year_quarter": 20011,
            "year": 2001,
            "quarter": 1,
            "eps": null,
            "eps_growth_year": null,
            "eps_4q": null,
            "eps_4q_growth_year": null,
            "roe": null,
            "roe_4q": 0,
            "gross_profit": null,
            "gross_margin": null,
            "gross_margin_4q_avg": 0,
            "net_income": null,
            "net_income_4q": null,
            "revenue": null,
            "revenue_4q": null,
            "common_shares": null,
            "book_valuer_per_share": null,
            "book_valuer_per_share_4q_avg": 0,
            "equity": null,
            "current_ratio": null,
            "debt_ratio": null,
            "inventory_turnover_ratio": null,
            "account_receivable_turnover_ratio": null,
            "reinvestment_rate": null,
            "research_to_sale_ratio": null,
            "price_fair": 0,
            "eps_avg_yearly": 0,
            "eps_latest_yearly": 0,
            "eps_growth_yearly": 0
        },
        "20012": {
            "year_quarter": 20012,
            "year": 2001,
            "quarter": 2,
            "eps": null,
            "eps_growth_year": null,
            "eps_4q": null,
            "eps_4q_growth_year": null,
            "roe": null,
            "roe_4q": 0,
            "gross_profit": null,
            "gross_margin": null,
            "gross_margin_4q_avg": 0,
            "net_income": null,
            "net_income_4q": null,
            "revenue": null,
            "revenue_4q": null,
            "common_shares": null,
            "book_valuer_per_share": null,
            "book_valuer_per_share_4q_avg": 0,
            "equity": null,
            "current_ratio": null,
            "debt_ratio": null,
            "inventory_turnover_ratio": null,
            "account_receivable_turnover_ratio": null,
            "reinvestment_rate": null,
            "research_to_sale_ratio": null,
            "price_fair": 0,
            "eps_avg_yearly": 0,
            "eps_latest_yearly": 0,
            "eps_growth_yearly": 0
        },
        "20013": {
            "year_quarter": 20013,
            "year": 2001,
            "quarter": 3,
            "eps": null,
            "eps_growth_year": null,
            "eps_4q": null,
            "eps_4q_growth_year": null,
            "roe": null,
            "roe_4q": 0,
            "gross_profit": null,
            "gross_margin": null,
            "gross_margin_4q_avg": 0,
            "net_income": null,
            "net_income_4q": null,
            "revenue": null,
            "revenue_4q": null,
            "common_shares": null,
            "book_valuer_per_share": null,
            "book_valuer_per_share_4q_avg": 0,
            "equity": null,
            "current_ratio": null,
            "debt_ratio": null,
            "inventory_turnover_ratio": null,
            "account_receivable_turnover_ratio": null,
            "reinvestment_rate": null,
            "research_to_sale_ratio": null,
            "price_fair": 0,
            "eps_avg_yearly": 0,
            "eps_latest_yearly": 0,
            "eps_growth_yearly": 0
        },
        "20014": {
            "year_quarter": 20014,
            "year": 2001,
            "quarter": 4,
            "eps": null,
            "eps_growth_year": null,
            "eps_4q": null,
            "eps_4q_growth_year": null,
            "roe": null,
            "roe_4q": 0,
            "gross_profit": null,
            "gross_margin": null,
            "gross_margin_4q_avg": 0,
            "net_income": null,
            "net_income_4q": null,
            "revenue": null,
            "revenue_4q": null,
            "common_shares": 500373,
            "book_valuer_per_share": 14.69,
            "book_valuer_per_share_4q_avg": 3.67,
            "equity": 735033,
            "current_ratio": 169.4,
            "debt_ratio": 27.17,
            "inventory_turnover_ratio": null,
            "account_receivable_turnover_ratio": null,
            "reinvestment_rate": null,
            "research_to_sale_ratio": null,
            "price_fair": 0,
            "eps_avg_yearly": 0,
            "eps_latest_yearly": 0,
            "eps_growth_yearly": 0
        },
        "20021": {
            "year_quarter": 20021,
            "year": 2002,
            "quarter": 1,
            "eps": null,
            "eps_growth_year": null,
            "eps_4q": null,
            "eps_4q_growth_year": null,
            "roe": null,
            "roe_4q": 0,
            "gross_profit": null,
            "gross_margin": null,
            "gross_margin_4q_avg": 0,
            "net_income": null,
            "net_income_4q": null,
            "revenue": null,
            "revenue_4q": null,
            "common_shares": null,
            "book_valuer_per_share": null,
            "book_valuer_per_share_4q_avg": 3.67,
            "equity": null,
            "current_ratio": null,
            "debt_ratio": null,
            "inventory_turnover_ratio": null,
            "account_receivable_turnover_ratio": null,
            "reinvestment_rate": null,
            "research_to_sale_ratio": null,
            "price_fair": 0,
            "eps_avg_yearly": 0,
            "eps_latest_yearly": 0,
            "eps_growth_yearly": 0
        },
        "20022": {
            "year_quarter": 20022,
            "year": 2002,
            "quarter": 2,
            "eps": null,
            "eps_growth_year": null,
            "eps_4q": null,
            "eps_4q_growth_year": null,
            "roe": null,
            "roe_4q": 0,
            "gross_profit": null,
            "gross_margin": null,
            "gross_margin_4q_avg": 0,
            "net_income": null,
            "net_income_4q": null,
            "revenue": null,
            "revenue_4q": null,
            "common_shares": null,
            "book_valuer_per_share": null,
            "book_valuer_per_share_4q_avg": 3.67,
            "equity": null,
            "current_ratio": null,
            "debt_ratio": null,
            "inventory_turnover_ratio": null,
            "account_receivable_turnover_ratio": null,
            "reinvestment_rate": null,
            "research_to_sale_ratio": null,
            "price_fair": 0,
            "eps_avg_yearly": 0,
            "eps_latest_yearly": 0,
            "eps_growth_yearly": 0
        },
        "20023": {
            "year_quarter": 20023,
            "year": 2002,
            "quarter": 3,
            "eps": null,
            "eps_growth_year": null,
            "eps_4q": null,
            "eps_4q_growth_year": null,
            "roe": null,
            "roe_4q": 0,
            "gross_profit": null,
            "gross_margin": null,
            "gross_margin_4q_avg": 0,
            "net_income": null,
            "net_income_4q": null,
            "revenue": null,
            "revenue_4q": null,
            "common_shares": null,
            "book_valuer_per_share": null,
            "book_valuer_per_share_4q_avg": 3.67,
            "equity": null,
            "current_ratio": null,
            "debt_ratio": null,
            "inventory_turnover_ratio": null,
            "account_receivable_turnover_ratio": null,
            "reinvestment_rate": null,
            "research_to_sale_ratio": null,
            "price_fair": 0,
            "eps_avg_yearly": 0,
            "eps_latest_yearly": 0,
            "eps_growth_yearly": 0
        },
        "20024": {
            "year_quarter": 20024,
            "year": 2002,
            "quarter": 4,
            "eps": null,
            "eps_growth_year": null,
            "eps_4q": null,
            "eps_4q_growth_year": null,
            "roe": null,
            "roe_4q": 0,
            "gross_profit": null,
            "gross_margin": null,
            "gross_margin_4q_avg": 0,
            "net_income": null,
            "net_income_4q": null,
            "revenue": null,
            "revenue_4q": null,
            "common_shares": 540402,
            "book_valuer_per_share": 14.28,
            "book_valuer_per_share_4q_avg": 3.57,
            "equity": 771746,
            "current_ratio": 189.22,
            "debt_ratio": 31.14,
            "inventory_turnover_ratio": null,
            "account_receivable_turnover_ratio": null,
            "reinvestment_rate": null,
            "research_to_sale_ratio": null,
            "price_fair": 0,
            "eps_avg_yearly": 0,
            "eps_latest_yearly": 0,
            "eps_growth_yearly": 0
        },
        "20031": {
            "year_quarter": 20031,
            "year": 2003,
            "quarter": 1,
            "eps": null,
            "eps_growth_year": null,
            "eps_4q": null,
            "eps_4q_growth_year": null,
            "roe": null,
            "roe_4q": 0,
            "gross_profit": null,
            "gross_margin": null,
            "gross_margin_4q_avg": 0,
            "net_income": null,
            "net_income_4q": null,
            "revenue": null,
            "revenue_4q": null,
            "common_shares": null,
            "book_valuer_per_share": null,
            "book_valuer_per_share_4q_avg": 3.57,
            "equity": null,
            "current_ratio": null,
            "debt_ratio": null,
            "inventory_turnover_ratio": null,
            "account_receivable_turnover_ratio": null,
            "reinvestment_rate": null,
            "research_to_sale_ratio": null,
            "price_fair": 0,
            "eps_avg_yearly": 0,
            "eps_latest_yearly": 0,
            "eps_growth_yearly": 0
        },
        "20032": {
            "year_quarter": 20032,
            "year": 2003,
            "quarter": 2,
            "eps": null,
            "eps_growth_year": null,
            "eps_4q": null,
            "eps_4q_growth_year": null,
            "roe": null,
            "roe_4q": 0,
            "gross_profit": null,
            "gross_margin": null,
            "gross_margin_4q_avg": 0,
            "net_income": null,
            "net_income_4q": null,
            "revenue": null,
            "revenue_4q": null,
            "common_shares": null,
            "book_valuer_per_share": null,
            "book_valuer_per_share_4q_avg": 3.57,
            "equity": null,
            "current_ratio": null,
            "debt_ratio": null,
            "inventory_turnover_ratio": null,
            "account_receivable_turnover_ratio": null,
            "reinvestment_rate": null,
            "research_to_sale_ratio": null,
            "price_fair": 0,
            "eps_avg_yearly": 0,
            "eps_latest_yearly": 0,
            "eps_growth_yearly": 0
        },
        "20033": {
            "year_quarter": 20033,
            "year": 2003,
            "quarter": 3,
            "eps": null,
            "eps_growth_year": null,
            "eps_4q": null,
            "eps_4q_growth_year": null,
            "roe": null,
            "roe_4q": 0,
            "gross_profit": null,
            "gross_margin": null,
            "gross_margin_4q_avg": 0,
            "net_income": null,
            "net_income_4q": null,
            "revenue": null,
            "revenue_4q": null,
            "common_shares": null,
            "book_valuer_per_share": null,
            "book_valuer_per_share_4q_avg": 3.57,
            "equity": null,
            "current_ratio": null,
            "debt_ratio": null,
            "inventory_turnover_ratio": null,
            "account_receivable_turnover_ratio": null,
            "reinvestment_rate": null,
            "research_to_sale_ratio": null,
            "price_fair": 0,
            "eps_avg_yearly": 0,
            "eps_latest_yearly": 0,
            "eps_growth_yearly": 0
        },
        "20034": {
            "year_quarter": 20034,
            "year": 2003,
            "quarter": 4,
            "eps": null,
            "eps_growth_year": null,
            "eps_4q": null,
            "eps_4q_growth_year": null,
            "roe": null,
            "roe_4q": 0,
            "gross_profit": null,
            "gross_margin": null,
            "gross_margin_4q_avg": 0,
            "net_income": null,
            "net_income_4q": null,
            "revenue": null,
            "revenue_4q": null,
            "common_shares": 540402,
            "book_valuer_per_share": 15.01,
            "book_valuer_per_share_4q_avg": 3.75,
            "equity": 811218,
            "current_ratio": 167.28,
            "debt_ratio": 43.04,
            "inventory_turnover_ratio": null,
            "account_receivable_turnover_ratio": null,
            "reinvestment_rate": null,
            "research_to_sale_ratio": null,
            "price_fair": 0,
            "eps_avg_yearly": 0,
            "eps_latest_yearly": 0,
            "eps_growth_yearly": 0
        },
        "20041": {
            "year_quarter": 20041,
            "year": 2004,
            "quarter": 1,
            "eps": 0.68,
            "eps_growth_year": null,
            "eps_4q": null,
            "eps_4q_growth_year": null,
            "roe": 4.44,
            "roe_4q": 4.44,
            "gross_profit": 82536,
            "gross_margin": 15.37,
            "gross_margin_4q_avg": 3.84,
            "net_income": 36681,
            "net_income_4q": null,
            "revenue": 536834,
            "revenue_4q": null,
            "common_shares": 540402,
            "book_valuer_per_share": 15.57,
            "book_valuer_per_share_4q_avg": 7.65,
            "equity": 841670,
            "current_ratio": 164.88,
            "debt_ratio": 36.2,
            "inventory_turnover_ratio": 2.45,
            "account_receivable_turnover_ratio": null,
            "reinvestment_rate": null,
            "research_to_sale_ratio": null,
            "price_fair": 0,
            "eps_avg_yearly": 0,
            "eps_latest_yearly": 0,
            "eps_growth_yearly": 0
        },
        "20042": {
            "year_quarter": 20042,
            "year": 2004,
            "quarter": 2,
            "eps": 0.7,
            "eps_growth_year": null,
            "eps_4q": null,
            "eps_4q_growth_year": null,
            "roe": 4.94,
            "roe_4q": 9.38,
            "gross_profit": 92967,
            "gross_margin": 17.23,
            "gross_margin_4q_avg": 8.15,
            "net_income": 41989,
            "net_income_4q": null,
            "revenue": 539429,
            "revenue_4q": null,
            "common_shares": 540402,
            "book_valuer_per_share": 15.9,
            "book_valuer_per_share_4q_avg": 11.62,
            "equity": 859065,
            "current_ratio": 161.63,
            "debt_ratio": 38,
            "inventory_turnover_ratio": 3.08,
            "account_receivable_turnover_ratio": null,
            "reinvestment_rate": null,
            "research_to_sale_ratio": null,
            "price_fair": 60.94,
            "eps_avg_yearly": 2.8,
            "eps_latest_yearly": 2.8,
            "eps_growth_yearly": 11.76
        },
        "20043": {
            "year_quarter": 20043,
            "year": 2004,
            "quarter": 3,
            "eps": 1.12,
            "eps_growth_year": null,
            "eps_4q": null,
            "eps_4q_growth_year": null,
            "roe": 7.54,
            "roe_4q": 16.92,
            "gross_profit": 98826,
            "gross_margin": 16.02,
            "gross_margin_4q_avg": 12.16,
            "net_income": 67361,
            "net_income_4q": null,
            "revenue": 616868,
            "revenue_4q": null,
            "common_shares": 540402,
            "book_valuer_per_share": 17.18,
            "book_valuer_per_share_4q_avg": 15.92,
            "equity": 928213,
            "current_ratio": 169.86,
            "debt_ratio": 36.09,
            "inventory_turnover_ratio": 3.53,
            "account_receivable_turnover_ratio": null,
            "reinvestment_rate": null,
            "research_to_sale_ratio": null,
            "price_fair": 127.4,
            "eps_avg_yearly": 3.64,
            "eps_latest_yearly": 4.48,
            "eps_growth_yearly": 125.88
        },
        "20044": {
            "year_quarter": 20044,
            "year": 2004,
            "quarter": 4,
            "eps": 0.23,
            "eps_growth_year": null,
            "eps_4q": 2.7,
            "eps_4q_growth_year": null,
            "roe": 1.47,
            "roe_4q": 18.39,
            "gross_profit": 100693,
            "gross_margin": 16.35,
            "gross_margin_4q_avg": 16.24,
            "net_income": 13623,
            "net_income_4q": null,
            "revenue": 615860,
            "revenue_4q": null,
            "common_shares": 603587,
            "book_valuer_per_share": 15.29,
            "book_valuer_per_share_4q_avg": 15.99,
            "equity": 922640,
            "current_ratio": 162.79,
            "debt_ratio": 44.72,
            "inventory_turnover_ratio": 2.38,
            "account_receivable_turnover_ratio": null,
            "reinvestment_rate": null,
            "research_to_sale_ratio": null,
            "price_fair": 8.2,
            "eps_avg_yearly": 2.73,
            "eps_latest_yearly": 0.92,
            "eps_growth_yearly": -22.03
        },
        "20051": {
            "year_quarter": 20051,
            "year": 2005,
            "quarter": 1,
            "eps": 0.64,
            "eps_growth_year": -5.88,
            "eps_4q": 2.68,
            "eps_4q_growth_year": null,
            "roe": 4.1,
            "roe_4q": 18.05,
            "gross_profit": 95598,
            "gross_margin": 16.35,
            "gross_margin_4q_avg": 16.49,
            "net_income": 38617,
            "net_income_4q": null,
            "revenue": 584605,
            "revenue_4q": null,
            "common_shares": 603587,
            "book_valuer_per_share": 15.9,
            "book_valuer_per_share_4q_avg": 16.07,
            "equity": 959567,
            "current_ratio": 176.93,
            "debt_ratio": 33.95,
            "inventory_turnover_ratio": 2.22,
            "account_receivable_turnover_ratio": null,
            "reinvestment_rate": null,
            "research_to_sale_ratio": null,
            "price_fair": 94.15,
            "eps_avg_yearly": 2.69,
            "eps_latest_yearly": 2.56,
            "eps_growth_yearly": 161.74
        },
        "20052": {
            "year_quarter": 20052,
            "year": 2005,
            "quarter": 2,
            "eps": 0.26,
            "eps_growth_year": -62.86,
            "eps_4q": 2.23,
            "eps_4q_growth_year": null,
            "roe": 1.66,
            "roe_4q": 14.77,
            "gross_profit": 80630,
            "gross_margin": 15.5,
            "gross_margin_4q_avg": 16.06,
            "net_income": 15779,
            "net_income_4q": null,
            "revenue": 520341,
            "revenue_4q": null,
            "common_shares": 603587,
            "book_valuer_per_share": 15.55,
            "book_valuer_per_share_4q_avg": 15.98,
            "equity": 938607,
            "current_ratio": 171.08,
            "debt_ratio": 33.9,
            "inventory_turnover_ratio": 3.18,
            "account_receivable_turnover_ratio": null,
            "reinvestment_rate": null,
            "research_to_sale_ratio": null,
            "price_fair": 82.6,
            "eps_avg_yearly": 2.36,
            "eps_latest_yearly": 1.04,
            "eps_growth_yearly": 81.89
        },
        "20053": {
            "year_quarter": 20053,
            "year": 2005,
            "quarter": 3,
            "eps": 1.09,
            "eps_growth_year": -2.68,
            "eps_4q": 2.05,
            "eps_4q_growth_year": null,
            "roe": 7.81,
            "roe_4q": 15.04,
            "gross_profit": 118789,
            "gross_margin": 17.38,
            "gross_margin_4q_avg": 16.4,
            "net_income": 76985,
            "net_income_4q": null,
            "revenue": 683339,
            "revenue_4q": null,
            "common_shares": 704252,
            "book_valuer_per_share": 14.68,
            "book_valuer_per_share_4q_avg": 15.36,
            "equity": 1033943,
            "current_ratio": 165.8,
            "debt_ratio": 35.62,
            "inventory_turnover_ratio": 3.66,
            "account_receivable_turnover_ratio": null,
            "reinvestment_rate": null,
            "research_to_sale_ratio": null,
            "price_fair": 94.27,
            "eps_avg_yearly": 2.69,
            "eps_latest_yearly": 4.36,
            "eps_growth_yearly": 281.06
        },
        "20054": {
            "year_quarter": 20054,
            "year": 2005,
            "quarter": 4,
            "eps": 0.2,
            "eps_growth_year": -13.04,
            "eps_4q": 2.06,
            "eps_4q_growth_year": -23.6,
            "roe": 1.36,
            "roe_4q": 14.93,
            "gross_profit": 103578,
            "gross_margin": 17.05,
            "gross_margin_4q_avg": 16.57,
            "net_income": 14133,
            "net_income_4q": null,
            "revenue": 607443,
            "revenue_4q": null,
            "common_shares": 704252,
            "book_valuer_per_share": 14.81,
            "book_valuer_per_share_4q_avg": 15.24,
            "equity": 1043293,
            "current_ratio": 155.13,
            "debt_ratio": 44.18,
            "inventory_turnover_ratio": 2.06,
            "account_receivable_turnover_ratio": null,
            "reinvestment_rate": null,
            "research_to_sale_ratio": null,
            "price_fair": 84.8,
            "eps_avg_yearly": 2.42,
            "eps_latest_yearly": 0.8,
            "eps_growth_yearly": 194.25
        },
        "20061": {
            "year_quarter": 20061,
            "year": 2006,
            "quarter": 1,
            "eps": 0.65,
            "eps_growth_year": 1.56,
            "eps_4q": 2.17,
            "eps_4q_growth_year": -18.82,
            "roe": 4.29,
            "roe_4q": 15.120000000000001,
            "gross_profit": 100523,
            "gross_margin": 17.47,
            "gross_margin_4q_avg": 16.85,
            "net_income": 45590,
            "net_income_4q": null,
            "revenue": 575352,
            "revenue_4q": null,
            "common_shares": 704252,
            "book_valuer_per_share": 15.39,
            "book_valuer_per_share_4q_avg": 15.11,
            "equity": 1084135,
            "current_ratio": 199.39,
            "debt_ratio": 29.13,
            "inventory_turnover_ratio": 1.99,
            "account_receivable_turnover_ratio": null,
            "reinvestment_rate": null,
            "research_to_sale_ratio": null,
            "price_fair": 85.58,
            "eps_avg_yearly": 2.45,
            "eps_latest_yearly": 2.6,
            "eps_growth_yearly": 282.47
        },
        "20062": {
            "year_quarter": 20062,
            "year": 2006,
            "quarter": 2,
            "eps": 0.81,
            "eps_growth_year": 211.54,
            "eps_4q": 2.75,
            "eps_4q_growth_year": 23.46,
            "roe": 5.22,
            "roe_4q": 18.68,
            "gross_profit": 111330,
            "gross_margin": 17.41,
            "gross_margin_4q_avg": 17.33,
            "net_income": 56960,
            "net_income_4q": null,
            "revenue": 639383,
            "revenue_4q": null,
            "common_shares": 704252,
            "book_valuer_per_share": 15.59,
            "book_valuer_per_share_4q_avg": 15.12,
            "equity": 1097955,
            "current_ratio": 160.56,
            "debt_ratio": 36.33,
            "inventory_turnover_ratio": 3,
            "account_receivable_turnover_ratio": null,
            "reinvestment_rate": null,
            "research_to_sale_ratio": null,
            "price_fair": 88.67,
            "eps_avg_yearly": 2.53,
            "eps_latest_yearly": 3.24,
            "eps_growth_yearly": 262.03
        },
        "20063": {
            "year_quarter": 20063,
            "year": 2006,
            "quarter": 3,
            "eps": 0.95,
            "eps_growth_year": -12.84,
            "eps_4q": 2.37,
            "eps_4q_growth_year": 15.58,
            "roe": 6.82,
            "roe_4q": 17.689999999999998,
            "gross_profit": 114585,
            "gross_margin": 15.94,
            "gross_margin_4q_avg": 16.97,
            "net_income": 77907,
            "net_income_4q": null,
            "revenue": 718682,
            "revenue_4q": null,
            "common_shares": 819712,
            "book_valuer_per_share": 14.48,
            "book_valuer_per_share_4q_avg": 15.07,
            "equity": 1186803,
            "current_ratio": 164.63,
            "debt_ratio": 36.36,
            "inventory_turnover_ratio": 3.36,
            "account_receivable_turnover_ratio": null,
            "reinvestment_rate": null,
            "research_to_sale_ratio": null,
            "price_fair": 93.1,
            "eps_avg_yearly": 2.66,
            "eps_latest_yearly": 3.8,
            "eps_growth_yearly": 242.74
        },
        "20064": {
            "year_quarter": 20064,
            "year": 2006,
            "quarter": 4,
            "eps": 0.09,
            "eps_growth_year": -55,
            "eps_4q": 2.2,
            "eps_4q_growth_year": 6.97,
            "roe": 0.65,
            "roe_4q": 16.98,
            "gross_profit": 112525,
            "gross_margin": 16.91,
            "gross_margin_4q_avg": 16.93,
            "net_income": 7687,
            "net_income_4q": null,
            "revenue": 665616,
            "revenue_4q": null,
            "common_shares": 819712,
            "book_valuer_per_share": 14.48,
            "book_valuer_per_share_4q_avg": 14.99,
            "equity": 1186577,
            "current_ratio": 143.74,
            "debt_ratio": 49.6,
            "inventory_turnover_ratio": 2.27,
            "account_receivable_turnover_ratio": null,
            "reinvestment_rate": null,
            "research_to_sale_ratio": null,
            "price_fair": 85.78,
            "eps_avg_yearly": 2.45,
            "eps_latest_yearly": 0.36,
            "eps_growth_yearly": 187.75
        },
        "20071": {
            "year_quarter": 20071,
            "year": 2007,
            "quarter": 1,
            "eps": 0.92,
            "eps_growth_year": 41.54,
            "eps_4q": 2.67,
            "eps_4q_growth_year": 22.63,
            "roe": 6.12,
            "roe_4q": 18.81,
            "gross_profit": 97277,
            "gross_margin": 18.89,
            "gross_margin_4q_avg": 17.29,
            "net_income": 75110,
            "net_income_4q": null,
            "revenue": 514980,
            "revenue_4q": null,
            "common_shares": 819712,
            "book_valuer_per_share": 15.45,
            "book_valuer_per_share_4q_avg": 15,
            "equity": 1266324,
            "current_ratio": 203.02,
            "debt_ratio": 28.41,
            "inventory_turnover_ratio": 1.86,
            "account_receivable_turnover_ratio": null,
            "reinvestment_rate": null,
            "research_to_sale_ratio": null,
            "price_fair": 89.37,
            "eps_avg_yearly": 2.55,
            "eps_latest_yearly": 3.68,
            "eps_growth_yearly": 479.51
        },
        "20072": {
            "year_quarter": 20072,
            "year": 2007,
            "quarter": 2,
            "eps": 0.76,
            "eps_growth_year": -6.17,
            "eps_4q": 2.73,
            "eps_4q_growth_year": -0.86,
            "roe": 4.88,
            "roe_4q": 18.47,
            "gross_profit": 114196,
            "gross_margin": 18.07,
            "gross_margin_4q_avg": 17.45,
            "net_income": 61984,
            "net_income_4q": null,
            "revenue": 632127,
            "revenue_4q": null,
            "common_shares": 819712,
            "book_valuer_per_share": 15.57,
            "book_valuer_per_share_4q_avg": 15,
            "equity": 1276427,
            "current_ratio": 174.05,
            "debt_ratio": 31.6,
            "inventory_turnover_ratio": 4.14,
            "account_receivable_turnover_ratio": null,
            "reinvestment_rate": null,
            "research_to_sale_ratio": null,
            "price_fair": 90.68,
            "eps_avg_yearly": 2.59,
            "eps_latest_yearly": 3.04,
            "eps_growth_yearly": 437.28
        },
        "20073": {
            "year_quarter": 20073,
            "year": 2007,
            "quarter": 3,
            "eps": 0.69,
            "eps_growth_year": -27.37,
            "eps_4q": 2.21,
            "eps_4q_growth_year": -6.67,
            "roe": 5.01,
            "roe_4q": 16.66,
            "gross_profit": 119145,
            "gross_margin": 17.33,
            "gross_margin_4q_avg": 17.8,
            "net_income": 65527,
            "net_income_4q": null,
            "revenue": 687348,
            "revenue_4q": null,
            "common_shares": 955369,
            "book_valuer_per_share": 14,
            "book_valuer_per_share_4q_avg": 14.88,
            "equity": 1337405,
            "current_ratio": 185.94,
            "debt_ratio": 29.69,
            "inventory_turnover_ratio": 4.59,
            "account_receivable_turnover_ratio": null,
            "reinvestment_rate": null,
            "research_to_sale_ratio": null,
            "price_fair": 91.1,
            "eps_avg_yearly": 2.6,
            "eps_latest_yearly": 2.76,
            "eps_growth_yearly": 403.41
        },
        "20074": {
            "year_quarter": 20074,
            "year": 2007,
            "quarter": 4,
            "eps": 0.43,
            "eps_growth_year": 377.78,
            "eps_4q": 2.56,
            "eps_4q_growth_year": 16.33,
            "roe": 2.97,
            "roe_4q": 18.98,
            "gross_profit": 88657,
            "gross_margin": 16.75,
            "gross_margin_4q_avg": 17.76,
            "net_income": 40856,
            "net_income_4q": null,
            "revenue": 529346,
            "revenue_4q": null,
            "common_shares": 955369,
            "book_valuer_per_share": 14.77,
            "book_valuer_per_share_4q_avg": 14.95,
            "equity": 1410687,
            "current_ratio": 178.18,
            "debt_ratio": 41.33,
            "inventory_turnover_ratio": 1.97,
            "account_receivable_turnover_ratio": null,
            "reinvestment_rate": 51.11,
            "research_to_sale_ratio": null,
            "price_fair": 89.04,
            "eps_avg_yearly": 2.54,
            "eps_latest_yearly": 1.72,
            "eps_growth_yearly": 366.47
        },
        "20081": {
            "year_quarter": 20081,
            "year": 2008,
            "quarter": 1,
            "eps": 0.3,
            "eps_growth_year": -67.39,
            "eps_4q": 2.08,
            "eps_4q_growth_year": -21.94,
            "roe": 2,
            "roe_4q": 14.86,
            "gross_profit": 170668,
            "gross_margin": 24.4,
            "gross_margin_4q_avg": 19.14,
            "net_income": 28359,
            "net_income_4q": null,
            "revenue": 699421,
            "revenue_4q": null,
            "common_shares": 955369,
            "book_valuer_per_share": 14.98,
            "book_valuer_per_share_4q_avg": 14.83,
            "equity": 1430968,
            "current_ratio": 152.53,
            "debt_ratio": 48.73,
            "inventory_turnover_ratio": 1.54,
            "account_receivable_turnover_ratio": null,
            "reinvestment_rate": 96.96,
            "research_to_sale_ratio": null,
            "price_fair": 86.1,
            "eps_avg_yearly": 2.46,
            "eps_latest_yearly": 1.2,
            "eps_growth_yearly": 336.01
        },
        "20082": {
            "year_quarter": 20082,
            "year": 2008,
            "quarter": 2,
            "eps": 0.16,
            "eps_growth_year": -78.95,
            "eps_4q": 1.56,
            "eps_4q_growth_year": -42.81,
            "roe": 1.09,
            "roe_4q": 11.07,
            "gross_profit": 158354,
            "gross_margin": 18.93,
            "gross_margin_4q_avg": 19.35,
            "net_income": 15383,
            "net_income_4q": null,
            "revenue": 836315,
            "revenue_4q": null,
            "common_shares": 955369,
            "book_valuer_per_share": 14.68,
            "book_valuer_per_share_4q_avg": 14.61,
            "equity": 1402493,
            "current_ratio": 147.63,
            "debt_ratio": 50.4,
            "inventory_turnover_ratio": 1.71,
            "account_receivable_turnover_ratio": null,
            "reinvestment_rate": 103.65,
            "research_to_sale_ratio": null,
            "price_fair": 81.38,
            "eps_avg_yearly": 2.33,
            "eps_latest_yearly": 0.64,
            "eps_growth_yearly": 323.6
        },
        "20083": {
            "year_quarter": 20083,
            "year": 2008,
            "quarter": 3,
            "eps": 0.63,
            "eps_growth_year": -8.7,
            "eps_4q": 1.39,
            "eps_4q_growth_year": -37.29,
            "roe": 4.82,
            "roe_4q": 10.88,
            "gross_profit": 200096,
            "gross_margin": 24.64,
            "gross_margin_4q_avg": 21.18,
            "net_income": 70242,
            "net_income_4q": null,
            "revenue": 812131,
            "revenue_4q": null,
            "common_shares": 1115109,
            "book_valuer_per_share": 13.55,
            "book_valuer_per_share_4q_avg": 14.5,
            "equity": 1510584,
            "current_ratio": 150.93,
            "debt_ratio": 53.09,
            "inventory_turnover_ratio": 1.16,
            "account_receivable_turnover_ratio": null,
            "reinvestment_rate": 110.46,
            "research_to_sale_ratio": null,
            "price_fair": 77.09,
            "eps_avg_yearly": 2.2,
            "eps_latest_yearly": 2.52,
            "eps_growth_yearly": 382.04
        },
        "20084": {
            "year_quarter": 20084,
            "year": 2008,
            "quarter": 4,
            "eps": -0.5,
            "eps_growth_year": -216.28,
            "eps_4q": 0.53,
            "eps_4q_growth_year": -79.32,
            "roe": -3.72,
            "roe_4q": 4.19,
            "gross_profit": 150434,
            "gross_margin": 17.56,
            "gross_margin_4q_avg": 21.38,
            "net_income": -55217,
            "net_income_4q": null,
            "revenue": 856718,
            "revenue_4q": null,
            "common_shares": 1115109,
            "book_valuer_per_share": 13.04,
            "book_valuer_per_share_4q_avg": 14.06,
            "equity": 1454381,
            "current_ratio": 147.38,
            "debt_ratio": 55.19,
            "inventory_turnover_ratio": 1.29,
            "account_receivable_turnover_ratio": 3.82,
            "reinvestment_rate": 102.05,
            "research_to_sale_ratio": null,
            "price_fair": 80.08,
            "eps_avg_yearly": 2.29,
            "eps_latest_yearly": 2.52,
            "eps_growth_yearly": 428.7
        },
        "20091": {
            "year_quarter": 20091,
            "year": 2009,
            "quarter": 1,
            "eps": 0.34,
            "eps_growth_year": 13.33,
            "eps_4q": 0.62,
            "eps_4q_growth_year": -70.44,
            "roe": 2.53,
            "roe_4q": 4.72,
            "gross_profit": 181179,
            "gross_margin": 23.66,
            "gross_margin_4q_avg": 21.2,
            "net_income": 37567,
            "net_income_4q": null,
            "revenue": 765891,
            "revenue_4q": null,
            "common_shares": 1115109,
            "book_valuer_per_share": 13.54,
            "book_valuer_per_share_4q_avg": 13.7,
            "equity": 1509832,
            "current_ratio": 155.02,
            "debt_ratio": 52.64,
            "inventory_turnover_ratio": 1.37,
            "account_receivable_turnover_ratio": 1.69,
            "reinvestment_rate": 127.06,
            "research_to_sale_ratio": null,
            "price_fair": 79.4,
            "eps_avg_yearly": 2.27,
            "eps_latest_yearly": 2.52,
            "eps_growth_yearly": 408.39
        },
        "20092": {
            "year_quarter": 20092,
            "year": 2009,
            "quarter": 2,
            "eps": 0.61,
            "eps_growth_year": 281.25,
            "eps_4q": 1.08,
            "eps_4q_growth_year": -30.55,
            "roe": 4.49,
            "roe_4q": 8.12,
            "gross_profit": 209221,
            "gross_margin": 26.76,
            "gross_margin_4q_avg": 23.16,
            "net_income": 67616,
            "net_income_4q": null,
            "revenue": 781913,
            "revenue_4q": null,
            "common_shares": 1115109,
            "book_valuer_per_share": 13.48,
            "book_valuer_per_share_4q_avg": 13.4,
            "equity": 1502674,
            "current_ratio": 144.07,
            "debt_ratio": 54.78,
            "inventory_turnover_ratio": 1.59,
            "account_receivable_turnover_ratio": 1.57,
            "reinvestment_rate": 115.67,
            "research_to_sale_ratio": null,
            "price_fair": 82.9,
            "eps_avg_yearly": 2.37,
            "eps_latest_yearly": 2.44,
            "eps_growth_yearly": 448.04
        },
        "20093": {
            "year_quarter": 20093,
            "year": 2009,
            "quarter": 3,
            "eps": 1.13,
            "eps_growth_year": 79.37,
            "eps_4q": 1.58,
            "eps_4q_growth_year": 13.7,
            "roe": 8.08,
            "roe_4q": 11.379999999999999,
            "gross_profit": 295128,
            "gross_margin": 25.17,
            "gross_margin_4q_avg": 23.29,
            "net_income": 125743,
            "net_income_4q": null,
            "revenue": 1172705,
            "revenue_4q": null,
            "common_shares": 1115109,
            "book_valuer_per_share": 14.45,
            "book_valuer_per_share_4q_avg": 13.63,
            "equity": 1611216,
            "current_ratio": 154.33,
            "debt_ratio": 51.84,
            "inventory_turnover_ratio": 2.51,
            "account_receivable_turnover_ratio": 2.14,
            "reinvestment_rate": 101.43,
            "research_to_sale_ratio": null,
            "price_fair": 83.3,
            "eps_avg_yearly": 2.38,
            "eps_latest_yearly": 4.52,
            "eps_growth_yearly": 381.19
        },
        "20094": {
            "year_quarter": 20094,
            "year": 2009,
            "quarter": 4,
            "eps": 0.94,
            "eps_growth_year": null,
            "eps_4q": 3.02,
            "eps_4q_growth_year": 470.72,
            "roe": 6.3,
            "roe_4q": 21.4,
            "gross_profit": 266625,
            "gross_margin": 27.43,
            "gross_margin_4q_avg": 25.76,
            "net_income": 104729,
            "net_income_4q": null,
            "revenue": 971940,
            "revenue_4q": null,
            "common_shares": 1115109,
            "book_valuer_per_share": 15.42,
            "book_valuer_per_share_4q_avg": 14.22,
            "equity": 1710953,
            "current_ratio": 156.27,
            "debt_ratio": 48.57,
            "inventory_turnover_ratio": 1.83,
            "account_receivable_turnover_ratio": 4.09,
            "reinvestment_rate": 49.77,
            "research_to_sale_ratio": null,
            "price_fair": 90.7,
            "eps_avg_yearly": 2.59,
            "eps_latest_yearly": 3.76,
            "eps_growth_yearly": 399.72
        },
        "20101": {
            "year_quarter": 20101,
            "year": 2010,
            "quarter": 1,
            "eps": 1.01,
            "eps_growth_year": 197.06,
            "eps_4q": 3.69,
            "eps_4q_growth_year": 500.4,
            "roe": 6.35,
            "roe_4q": 25.22,
            "gross_profit": 272797,
            "gross_margin": 27.88,
            "gross_margin_4q_avg": 26.81,
            "net_income": 111796,
            "net_income_4q": null,
            "revenue": 978385,
            "revenue_4q": null,
            "common_shares": 1115109,
            "book_valuer_per_share": 16.32,
            "book_valuer_per_share_4q_avg": 14.92,
            "equity": 1810526,
            "current_ratio": 170.66,
            "debt_ratio": 45.57,
            "inventory_turnover_ratio": 1.76,
            "account_receivable_turnover_ratio": 2.03,
            "reinvestment_rate": 202.56,
            "research_to_sale_ratio": 2.53,
            "price_fair": 94.3,
            "eps_avg_yearly": 2.69,
            "eps_latest_yearly": 4.04,
            "eps_growth_yearly": 337.56
        },
        "20102": {
            "year_quarter": 20102,
            "year": 2010,
            "quarter": 2,
            "eps": 0.97,
            "eps_growth_year": 59.76,
            "eps_4q": 4.06,
            "eps_4q_growth_year": 274.28,
            "roe": 6.22,
            "roe_4q": 26.950000000000003,
            "gross_profit": 261540,
            "gross_margin": 24.86,
            "gross_margin_4q_avg": 26.34,
            "net_income": 108141,
            "net_income_4q": null,
            "revenue": 1051877,
            "revenue_4q": null,
            "common_shares": 1115109,
            "book_valuer_per_share": 14.99,
            "book_valuer_per_share_4q_avg": 15.3,
            "equity": 1663941,
            "current_ratio": 144.06,
            "debt_ratio": 53.91,
            "inventory_turnover_ratio": 1.93,
            "account_receivable_turnover_ratio": 1.94,
            "reinvestment_rate": 202.64,
            "research_to_sale_ratio": 2.4,
            "price_fair": 95.9,
            "eps_avg_yearly": 2.74,
            "eps_latest_yearly": 3.88,
            "eps_growth_yearly": 329.39
        },
        "20103": {
            "year_quarter": 20103,
            "year": 2010,
            "quarter": 3,
            "eps": 1.05,
            "eps_growth_year": -7.38,
            "eps_4q": 3.97,
            "eps_4q_growth_year": 151.57,
            "roe": 6.79,
            "roe_4q": 25.66,
            "gross_profit": 273980,
            "gross_margin": 26.15,
            "gross_margin_4q_avg": 26.58,
            "net_income": 116146,
            "net_income_4q": null,
            "revenue": 1047639,
            "revenue_4q": null,
            "common_shares": 1115109,
            "book_valuer_per_share": 15.84,
            "book_valuer_per_share_4q_avg": 15.64,
            "equity": 1757363,
            "current_ratio": 161.62,
            "debt_ratio": 48.39,
            "inventory_turnover_ratio": 1.82,
            "account_receivable_turnover_ratio": 1.87,
            "reinvestment_rate": 197.6,
            "research_to_sale_ratio": 1.55,
            "price_fair": 96.9,
            "eps_avg_yearly": 2.77,
            "eps_latest_yearly": 4.2,
            "eps_growth_yearly": 326.81
        },
        "20104": {
            "year_quarter": 20104,
            "year": 2010,
            "quarter": 4,
            "eps": 0.8,
            "eps_growth_year": -14.97,
            "eps_4q": 3.83,
            "eps_4q_growth_year": 26.55,
            "roe": 5.03,
            "roe_4q": 24.39,
            "gross_profit": 279658,
            "gross_margin": 26.95,
            "gross_margin_4q_avg": 26.46,
            "net_income": 88691,
            "net_income_4q": null,
            "revenue": 1037748,
            "revenue_4q": null,
            "common_shares": 1115109,
            "book_valuer_per_share": 15.97,
            "book_valuer_per_share_4q_avg": 15.78,
            "equity": 1772591,
            "current_ratio": 172.35,
            "debt_ratio": 45.85,
            "inventory_turnover_ratio": 1.94,
            "account_receivable_turnover_ratio": 2.05,
            "reinvestment_rate": 137.92,
            "research_to_sale_ratio": 2.35,
            "price_fair": 104,
            "eps_avg_yearly": 2.97,
            "eps_latest_yearly": 3.2,
            "eps_growth_yearly": 345.87
        },
        "20111": {
            "year_quarter": 20111,
            "year": 2011,
            "quarter": 1,
            "eps": 1.22,
            "eps_growth_year": 20.79,
            "eps_4q": 4.04,
            "eps_4q_growth_year": 9.26,
            "roe": 7.29,
            "roe_4q": 25.33,
            "gross_profit": 294052,
            "gross_margin": 29.48,
            "gross_margin_4q_avg": 26.86,
            "net_income": 134876,
            "net_income_4q": null,
            "revenue": 997493,
            "revenue_4q": null,
            "common_shares": 1115109,
            "book_valuer_per_share": 17.38,
            "book_valuer_per_share_4q_avg": 16.05,
            "equity": 1928140,
            "current_ratio": 178.66,
            "debt_ratio": 46.23,
            "inventory_turnover_ratio": 1.81,
            "account_receivable_turnover_ratio": 1.89,
            "reinvestment_rate": 180.79,
            "research_to_sale_ratio": 2.62,
            "price_fair": 107,
            "eps_avg_yearly": 3.06,
            "eps_latest_yearly": 4.88,
            "eps_growth_yearly": 97.38
        },
        "20112": {
            "year_quarter": 20112,
            "year": 2011,
            "quarter": 2,
            "eps": 0.87,
            "eps_growth_year": -10.83,
            "eps_4q": 3.82,
            "eps_4q_growth_year": -5.79,
            "roe": 5.45,
            "roe_4q": 24.56,
            "gross_profit": 251033,
            "gross_margin": 24.18,
            "gross_margin_4q_avg": 26.69,
            "net_income": 99903,
            "net_income_4q": null,
            "revenue": 1038307,
            "revenue_4q": null,
            "common_shares": 1115109,
            "book_valuer_per_share": 15.64,
            "book_valuer_per_share_4q_avg": 16.21,
            "equity": 1735994,
            "current_ratio": 160.87,
            "debt_ratio": 52.26,
            "inventory_turnover_ratio": 1.84,
            "account_receivable_turnover_ratio": 1.85,
            "reinvestment_rate": 174.67,
            "research_to_sale_ratio": 2.62,
            "price_fair": 108.1,
            "eps_avg_yearly": 3.09,
            "eps_latest_yearly": 3.48,
            "eps_growth_yearly": 94.15
        },
        "20113": {
            "year_quarter": 20113,
            "year": 2011,
            "quarter": 3,
            "eps": 1.02,
            "eps_growth_year": -2.93,
            "eps_4q": 3.82,
            "eps_4q_growth_year": -3.93,
            "roe": 6.32,
            "roe_4q": 24.09,
            "gross_profit": 255979,
            "gross_margin": 25.13,
            "gross_margin_4q_avg": 26.44,
            "net_income": 117350,
            "net_income_4q": null,
            "revenue": 1018599,
            "revenue_4q": null,
            "common_shares": 1155057,
            "book_valuer_per_share": 17.12,
            "book_valuer_per_share_4q_avg": 16.53,
            "equity": 1977573,
            "current_ratio": 200.81,
            "debt_ratio": 42.57,
            "inventory_turnover_ratio": 1.66,
            "account_receivable_turnover_ratio": 1.81,
            "reinvestment_rate": 184.04,
            "research_to_sale_ratio": 1.2,
            "price_fair": 111.4,
            "eps_avg_yearly": 3.18,
            "eps_latest_yearly": 4.08,
            "eps_growth_yearly": 101.71
        },
        "20114": {
            "year_quarter": 20114,
            "year": 2011,
            "quarter": 4,
            "eps": 0.8,
            "eps_growth_year": 0.24,
            "eps_4q": 3.85,
            "eps_4q_growth_year": 0.57,
            "roe": 4.59,
            "roe_4q": 23.65,
            "gross_profit": 225741,
            "gross_margin": 25.31,
            "gross_margin_4q_avg": 26.03,
            "net_income": 92541,
            "net_income_4q": null,
            "revenue": 891888,
            "revenue_4q": null,
            "common_shares": 1155057,
            "book_valuer_per_share": 17.82,
            "book_valuer_per_share_4q_avg": 16.99,
            "equity": 2058032,
            "current_ratio": 201.19,
            "debt_ratio": 42.87,
            "inventory_turnover_ratio": 1.37,
            "account_receivable_turnover_ratio": 1.69,
            "reinvestment_rate": 142.17,
            "research_to_sale_ratio": 2.77,
            "price_fair": 115.1,
            "eps_avg_yearly": 3.29,
            "eps_latest_yearly": 3.2,
            "eps_growth_yearly": 106.32
        },
        "20121": {
            "year_quarter": 20121,
            "year": 2012,
            "quarter": 1,
            "eps": 0.88,
            "eps_growth_year": -27.87,
            "eps_4q": 3.57,
            "eps_4q_growth_year": -11.66,
            "roe": 4.88,
            "roe_4q": 21.24,
            "gross_profit": 260608,
            "gross_margin": 26.88,
            "gross_margin_4q_avg": 25.38,
            "net_income": 101997,
            "net_income_4q": null,
            "revenue": 969585,
            "revenue_4q": null,
            "common_shares": 1155057,
            "book_valuer_per_share": 18.36,
            "book_valuer_per_share_4q_avg": 17.24,
            "equity": 2121032,
            "current_ratio": 215.09,
            "debt_ratio": 41,
            "inventory_turnover_ratio": 1.6,
            "account_receivable_turnover_ratio": 1.95,
            "reinvestment_rate": 116.6,
            "research_to_sale_ratio": 2.46,
            "price_fair": 120.9,
            "eps_avg_yearly": 3.45,
            "eps_latest_yearly": 3.52,
            "eps_growth_yearly": 117.81
        },
        "20122": {
            "year_quarter": 20122,
            "year": 2012,
            "quarter": 2,
            "eps": 0.98,
            "eps_growth_year": 13,
            "eps_4q": 3.58,
            "eps_4q_growth_year": -6.42,
            "roe": 5.78,
            "roe_4q": 21.57,
            "gross_profit": 266977,
            "gross_margin": 27.45,
            "gross_margin_4q_avg": 26.19,
            "net_income": 117959,
            "net_income_4q": null,
            "revenue": 972601,
            "revenue_4q": null,
            "common_shares": 1155057,
            "book_valuer_per_share": 17,
            "book_valuer_per_share_4q_avg": 17.58,
            "equity": 1964002,
            "current_ratio": 185.4,
            "debt_ratio": 47.2,
            "inventory_turnover_ratio": 1.94,
            "account_receivable_turnover_ratio": 1.85,
            "reinvestment_rate": 111.98,
            "research_to_sale_ratio": 2.41,
            "price_fair": 129.1,
            "eps_avg_yearly": 3.69,
            "eps_latest_yearly": 3.92,
            "eps_growth_yearly": 134.39
        },
        "20123": {
            "year_quarter": 20123,
            "year": 2012,
            "quarter": 3,
            "eps": 0.97,
            "eps_growth_year": -4.15,
            "eps_4q": 3.58,
            "eps_4q_growth_year": -6.32,
            "roe": 5.84,
            "roe_4q": 21.09,
            "gross_profit": 272730,
            "gross_margin": 28.09,
            "gross_margin_4q_avg": 26.93,
            "net_income": 116974,
            "net_income_4q": null,
            "revenue": 970912,
            "revenue_4q": null,
            "common_shares": 1201260,
            "book_valuer_per_share": 17.01,
            "book_valuer_per_share_4q_avg": 17.55,
            "equity": 2043287,
            "current_ratio": 216.87,
            "debt_ratio": 41.24,
            "inventory_turnover_ratio": 2.06,
            "account_receivable_turnover_ratio": 1.8,
            "reinvestment_rate": 103.55,
            "research_to_sale_ratio": 2.9,
            "price_fair": 132.5,
            "eps_avg_yearly": 3.79,
            "eps_latest_yearly": 3.88,
            "eps_growth_yearly": 50.17
        },
        "20124": {
            "year_quarter": 20124,
            "year": 2012,
            "quarter": 4,
            "eps": 1.2,
            "eps_growth_year": 49.91,
            "eps_4q": 4.01,
            "eps_4q_growth_year": 4.05,
            "roe": 6.81,
            "roe_4q": 23.31,
            "gross_profit": 338136,
            "gross_margin": 32.14,
            "gross_margin_4q_avg": 28.64,
            "net_income": 144277,
            "net_income_4q": null,
            "revenue": 1051982,
            "revenue_4q": null,
            "common_shares": 1201260,
            "book_valuer_per_share": 18.28,
            "book_valuer_per_share_4q_avg": 17.66,
            "equity": 2196121,
            "current_ratio": 220,
            "debt_ratio": 41.24,
            "inventory_turnover_ratio": 1.95,
            "account_receivable_turnover_ratio": 1.94,
            "reinvestment_rate": 93.08,
            "research_to_sale_ratio": 3.02,
            "price_fair": 134.87,
            "eps_avg_yearly": 3.85,
            "eps_latest_yearly": 4.8,
            "eps_growth_yearly": 53.15
        },
        "20131": {
            "year_quarter": 20131,
            "year": 2013,
            "quarter": 1,
            "eps": 0.66,
            "eps_growth_year": -25,
            "eps_4q": 3.82,
            "eps_4q_growth_year": 7.02,
            "roe": 3.5,
            "roe_4q": 21.93,
            "gross_profit": 249522,
            "gross_margin": 29.29,
            "gross_margin_4q_avg": 29.24,
            "net_income": 79127,
            "net_income_4q": null,
            "revenue": 851994,
            "revenue_4q": null,
            "common_shares": 1201260,
            "book_valuer_per_share": 19.31,
            "book_valuer_per_share_4q_avg": 17.9,
            "equity": 2319485,
            "current_ratio": 208.45,
            "debt_ratio": 38.26,
            "inventory_turnover_ratio": 1.56,
            "account_receivable_turnover_ratio": 1.76,
            "reinvestment_rate": -13.28,
            "research_to_sale_ratio": 3.13,
            "price_fair": 132.21,
            "eps_avg_yearly": 3.78,
            "eps_latest_yearly": 2.64,
            "eps_growth_yearly": 38.58
        },
        "20132": {
            "year_quarter": 20132,
            "year": 2013,
            "quarter": 2,
            "eps": 0.77,
            "eps_growth_year": -21.59,
            "eps_4q": 3.6,
            "eps_4q_growth_year": 0.7,
            "roe": 4.15,
            "roe_4q": 20.3,
            "gross_profit": 269771,
            "gross_margin": 28.37,
            "gross_margin_4q_avg": 29.47,
            "net_income": 92492,
            "net_income_4q": null,
            "revenue": 950948,
            "revenue_4q": null,
            "common_shares": 1201260,
            "book_valuer_per_share": 17.79,
            "book_valuer_per_share_4q_avg": 18.1,
            "equity": 2137599,
            "current_ratio": 169.11,
            "debt_ratio": 45.66,
            "inventory_turnover_ratio": 1.72,
            "account_receivable_turnover_ratio": 1.85,
            "reinvestment_rate": -12.84,
            "research_to_sale_ratio": 3.11,
            "price_fair": 125.56,
            "eps_avg_yearly": 3.82,
            "eps_latest_yearly": 3.08,
            "eps_growth_yearly": 22.89
        },
        "20133": {
            "year_quarter": 20133,
            "year": 2013,
            "quarter": 3,
            "eps": 0.67,
            "eps_growth_year": -31.19,
            "eps_4q": 3.31,
            "eps_4q_growth_year": -7.42,
            "roe": 3.74,
            "roe_4q": 18.2,
            "gross_profit": 261530,
            "gross_margin": 26.9,
            "gross_margin_4q_avg": 29.18,
            "net_income": 81017,
            "net_income_4q": null,
            "revenue": 972326,
            "revenue_4q": null,
            "common_shares": 1201260,
            "book_valuer_per_share": 18.3,
            "book_valuer_per_share_4q_avg": 18.42,
            "equity": 2194800,
            "current_ratio": 181.91,
            "debt_ratio": 43.17,
            "inventory_turnover_ratio": 1.74,
            "account_receivable_turnover_ratio": 1.67,
            "reinvestment_rate": 2.47,
            "research_to_sale_ratio": 3.51,
            "price_fair": 11.11,
            "eps_avg_yearly": 3.7,
            "eps_latest_yearly": 2.68,
            "eps_growth_yearly": -1.67
        },
        "20134": {
            "year_quarter": 20134,
            "year": 2013,
            "quarter": 4,
            "eps": 0.75,
            "eps_growth_year": -37.97,
            "eps_4q": 2.86,
            "eps_4q_growth_year": -28.73,
            "roe": 3.96,
            "roe_4q": 15.350000000000001,
            "gross_profit": 267651,
            "gross_margin": 28.22,
            "gross_margin_4q_avg": 28.2,
            "net_income": 89196,
            "net_income_4q": null,
            "revenue": 948295,
            "revenue_4q": null,
            "common_shares": 1201260,
            "book_valuer_per_share": 19.27,
            "book_valuer_per_share_4q_avg": 18.67,
            "equity": 2307374,
            "current_ratio": 191.61,
            "debt_ratio": 40.19,
            "inventory_turnover_ratio": 1.69,
            "account_receivable_turnover_ratio": 1.68,
            "reinvestment_rate": 9.17,
            "research_to_sale_ratio": 3.26,
            "price_fair": 56.73,
            "eps_avg_yearly": 3.66,
            "eps_latest_yearly": 3,
            "eps_growth_yearly": 5.52
        },
        "20141": {
            "year_quarter": 20141,
            "year": 2014,
            "quarter": 1,
            "eps": 1.14,
            "eps_growth_year": 72.73,
            "eps_4q": 3.33,
            "eps_4q_growth_year": -12.64,
            "roe": 5.75,
            "roe_4q": 17.6,
            "gross_profit": 318276,
            "gross_margin": 32.88,
            "gross_margin_4q_avg": 29.09,
            "net_income": 136370,
            "net_income_4q": null,
            "revenue": 967984,
            "revenue_4q": null,
            "common_shares": 1201260,
            "book_valuer_per_share": 20.38,
            "book_valuer_per_share_4q_avg": 18.94,
            "equity": 2440014,
            "current_ratio": 192.31,
            "debt_ratio": 40.75,
            "inventory_turnover_ratio": 1.43,
            "account_receivable_turnover_ratio": 1.68,
            "reinvestment_rate": -53.45,
            "research_to_sale_ratio": 3.43,
            "price_fair": 98.31,
            "eps_avg_yearly": 3.69,
            "eps_latest_yearly": 4.56,
            "eps_growth_yearly": 16.66
        },
        "20142": {
            "year_quarter": 20142,
            "year": 2014,
            "quarter": 2,
            "eps": 1.62,
            "eps_growth_year": 110.39,
            "eps_4q": 4.19,
            "eps_4q_growth_year": 16.16,
            "roe": 8.2,
            "roe_4q": 21.65,
            "gross_profit": 419280,
            "gross_margin": 35.92,
            "gross_margin_4q_avg": 30.98,
            "net_income": 194582,
            "net_income_4q": null,
            "revenue": 1167203,
            "revenue_4q": null,
            "common_shares": 1201260,
            "book_valuer_per_share": 19.24,
            "book_valuer_per_share_4q_avg": 19.3,
            "equity": 2303876,
            "current_ratio": 158.69,
            "debt_ratio": 49.27,
            "inventory_turnover_ratio": 1.23,
            "account_receivable_turnover_ratio": 1.83,
            "reinvestment_rate": -51.74,
            "research_to_sale_ratio": 2.97,
            "price_fair": 134.75,
            "eps_avg_yearly": 3.85,
            "eps_latest_yearly": 6.48,
            "eps_growth_yearly": 28.18
        },
        "20143": {
            "year_quarter": 20143,
            "year": 2014,
            "quarter": 3,
            "eps": 0.8,
            "eps_growth_year": 19.4,
            "eps_4q": 4.31,
            "eps_4q_growth_year": 30.11,
            "roe": 4.03,
            "roe_4q": 21.94,
            "gross_profit": 275127,
            "gross_margin": 25.16,
            "gross_margin_4q_avg": 30.55,
            "net_income": 95470,
            "net_income_4q": null,
            "revenue": 1093453,
            "revenue_4q": null,
            "common_shares": 1201260,
            "book_valuer_per_share": 20.34,
            "book_valuer_per_share_4q_avg": 19.81,
            "equity": 2434845,
            "current_ratio": 177.33,
            "debt_ratio": 44.25,
            "inventory_turnover_ratio": 1.32,
            "account_receivable_turnover_ratio": 1.65,
            "reinvestment_rate": -52.91,
            "research_to_sale_ratio": 3.58,
            "price_fair": 88.85,
            "eps_avg_yearly": 3.79,
            "eps_latest_yearly": 3.2,
            "eps_growth_yearly": 13.46
        },
        "20144": {
            "year_quarter": 20144,
            "year": 2014,
            "quarter": 4,
            "eps": 0.96,
            "eps_growth_year": 28.76,
            "eps_4q": 4.52,
            "eps_4q_growth_year": 58.34,
            "roe": 4.56,
            "roe_4q": 22.54,
            "gross_profit": 350497,
            "gross_margin": 28.17,
            "gross_margin_4q_avg": 30.53,
            "net_income": 114850,
            "net_income_4q": null,
            "revenue": 1244348,
            "revenue_4q": null,
            "common_shares": 1201260,
            "book_valuer_per_share": 21.71,
            "book_valuer_per_share_4q_avg": 20.42,
            "equity": 2598952,
            "current_ratio": 182.25,
            "debt_ratio": 43.22,
            "inventory_turnover_ratio": 1.55,
            "account_receivable_turnover_ratio": 1.79,
            "reinvestment_rate": -48.41,
            "research_to_sale_ratio": 3.56,
            "price_fair": 131.71,
            "eps_avg_yearly": 3.83,
            "eps_latest_yearly": 3.84,
            "eps_growth_yearly": 24.41
        },
        "20151": {
            "year_quarter": 20151,
            "year": 2015,
            "quarter": 1,
            "eps": 0.73,
            "eps_growth_year": -35.96,
            "eps_4q": 4.11,
            "eps_4q_growth_year": 23.41,
            "roe": 3.33,
            "roe_4q": 20.119999999999997,
            "gross_profit": 292586,
            "gross_margin": 28.83,
            "gross_margin_4q_avg": 29.52,
            "net_income": 87580,
            "net_income_4q": null,
            "revenue": 1014992,
            "revenue_4q": null,
            "common_shares": 1201260,
            "book_valuer_per_share": 22.24,
            "book_valuer_per_share_4q_avg": 20.88,
            "equity": 2663278,
            "current_ratio": 196.62,
            "debt_ratio": 40.57,
            "inventory_turnover_ratio": 1.22,
            "account_receivable_turnover_ratio": 1.43,
            "reinvestment_rate": -58.84,
            "research_to_sale_ratio": 3.76,
            "price_fair": 56.68,
            "eps_avg_yearly": 3.71,
            "eps_latest_yearly": 2.92,
            "eps_growth_yearly": 5.3
        },
        "20152": {
            "year_quarter": 20152,
            "year": 2015,
            "quarter": 2,
            "eps": 0.95,
            "eps_growth_year": -41.36,
            "eps_4q": 3.44,
            "eps_4q_growth_year": -17.94,
            "roe": 4.48,
            "roe_4q": 16.400000000000002,
            "gross_profit": 314568,
            "gross_margin": 29.71,
            "gross_margin_4q_avg": 27.97,
            "net_income": 113365,
            "net_income_4q": null,
            "revenue": 1058692,
            "revenue_4q": null,
            "common_shares": 1201260,
            "book_valuer_per_share": 20.02,
            "book_valuer_per_share_4q_avg": 21.08,
            "equity": 2396721,
            "current_ratio": 175.29,
            "debt_ratio": 44.71,
            "inventory_turnover_ratio": 1.43,
            "account_receivable_turnover_ratio": 1.52,
            "reinvestment_rate": -58.76,
            "research_to_sale_ratio": 3.96,
            "price_fair": 111.76,
            "eps_avg_yearly": 3.73,
            "eps_latest_yearly": 3.8,
            "eps_growth_yearly": 20
        },
        "20153": {
            "year_quarter": 20153,
            "year": 2015,
            "quarter": 3,
            "eps": 1.12,
            "eps_growth_year": 40,
            "eps_4q": 3.76,
            "eps_4q_growth_year": -12.75,
            "roe": 5.35,
            "roe_4q": 17.72,
            "gross_profit": 287453,
            "gross_margin": 26.29,
            "gross_margin_4q_avg": 28.25,
            "net_income": 134065,
            "net_income_4q": null,
            "revenue": 1093490,
            "revenue_4q": null,
            "common_shares": 1201260,
            "book_valuer_per_share": 21.81,
            "book_valuer_per_share_4q_avg": 21.45,
            "equity": 2610899,
            "current_ratio": 204.88,
            "debt_ratio": 40.96,
            "inventory_turnover_ratio": 1.89,
            "account_receivable_turnover_ratio": 1.38,
            "reinvestment_rate": -68.99,
            "research_to_sale_ratio": 3.8,
            "price_fair": 113.13,
            "eps_avg_yearly": 3.75,
            "eps_latest_yearly": 4.48,
            "eps_growth_yearly": 20.17
        },
        "20154": {
            "year_quarter": 20154,
            "year": 2015,
            "quarter": 4,
            "eps": 1.42,
            "eps_growth_year": 47.87,
            "eps_4q": 4.22,
            "eps_4q_growth_year": -6.73,
            "roe": 6.39,
            "roe_4q": 19.549999999999997,
            "gross_profit": 396188,
            "gross_margin": 31.15,
            "gross_margin_4q_avg": 29,
            "net_income": 169824,
            "net_income_4q": null,
            "revenue": 1272055,
            "revenue_4q": null,
            "common_shares": 1201260,
            "book_valuer_per_share": 22.62,
            "book_valuer_per_share_4q_avg": 21.67,
            "equity": 2708015,
            "current_ratio": 187.05,
            "debt_ratio": 41.47,
            "inventory_turnover_ratio": 1.9,
            "account_receivable_turnover_ratio": 1.36,
            "reinvestment_rate": -69.22,
            "research_to_sale_ratio": 3.19,
            "price_fair": 136.68,
            "eps_avg_yearly": 3.91,
            "eps_latest_yearly": 5.68,
            "eps_growth_yearly": 32.26
        },
        "20161": {
            "year_quarter": 20161,
            "year": 2016,
            "quarter": 1,
            "eps": 0.93,
            "eps_growth_year": 27.4,
            "eps_4q": 4.42,
            "eps_4q_growth_year": 7.35,
            "roe": 4.03,
            "roe_4q": 20.25,
            "gross_profit": 356654,
            "gross_margin": 30.35,
            "gross_margin_4q_avg": 29.38,
            "net_income": 111430,
            "net_income_4q": null,
            "revenue": 1175155,
            "revenue_4q": null,
            "common_shares": 1201260,
            "book_valuer_per_share": 23.52,
            "book_valuer_per_share_4q_avg": 21.99,
            "equity": 2816205,
            "current_ratio": 190.75,
            "debt_ratio": 39.03,
            "inventory_turnover_ratio": 1.47,
            "account_receivable_turnover_ratio": 1.21,
            "reinvestment_rate": -68.36,
            "research_to_sale_ratio": 3.4,
            "price_fair": 121.95,
            "eps_avg_yearly": 3.92,
            "eps_latest_yearly": 3.72,
            "eps_growth_yearly": 21.13
        },
        "20162": {
            "year_quarter": 20162,
            "year": 2016,
            "quarter": 2,
            "eps": 1.42,
            "eps_growth_year": 49.47,
            "eps_4q": 4.89,
            "eps_4q_growth_year": 42.22,
            "roe": 6.23,
            "roe_4q": 22,
            "gross_profit": 406541,
            "gross_margin": 28.46,
            "gross_margin_4q_avg": 29.06,
            "net_income": 169569,
            "net_income_4q": null,
            "revenue": 1428286,
            "revenue_4q": null,
            "common_shares": 1201260,
            "book_valuer_per_share": 21.97,
            "book_valuer_per_share_4q_avg": 22.48,
            "equity": 2630078,
            "current_ratio": 159.39,
            "debt_ratio": 46.37,
            "inventory_turnover_ratio": 1.74,
            "account_receivable_turnover_ratio": 1.44,
            "reinvestment_rate": -69.3,
            "research_to_sale_ratio": 3.35,
            "price_fair": 140.96,
            "eps_avg_yearly": 4.03,
            "eps_latest_yearly": 5.68,
            "eps_growth_yearly": 31.46
        },
        "20163": {
            "year_quarter": 20163,
            "year": 2016,
            "quarter": 3,
            "eps": 1.12,
            "eps_growth_year": 0,
            "eps_4q": 4.88,
            "eps_4q_growth_year": 30,
            "roe": 5.03,
            "roe_4q": 21.680000000000003,
            "gross_profit": 377594,
            "gross_margin": 29.77,
            "gross_margin_4q_avg": 29.93,
            "net_income": 134007,
            "net_income_4q": null,
            "revenue": 1268253,
            "revenue_4q": null,
            "common_shares": 1201260,
            "book_valuer_per_share": 22.56,
            "book_valuer_per_share_4q_avg": 22.67,
            "equity": 2701166,
            "current_ratio": 171.28,
            "debt_ratio": 42.07,
            "inventory_turnover_ratio": 1.54,
            "account_receivable_turnover_ratio": 1.26,
            "reinvestment_rate": -67.37,
            "research_to_sale_ratio": 3.41,
            "price_fair": 142.28,
            "eps_avg_yearly": 4.07,
            "eps_latest_yearly": 4.48,
            "eps_growth_yearly": 26.43
        },
        "20164": {
            "year_quarter": 20164,
            "year": 2016,
            "quarter": 4,
            "eps": 1.55,
            "eps_growth_year": 9.04,
            "eps_4q": 5.01,
            "eps_4q_growth_year": 18.89,
            "roe": 6.66,
            "roe_4q": 21.950000000000003,
            "gross_profit": 409393,
            "gross_margin": 30.59,
            "gross_margin_4q_avg": 29.79,
            "net_income": 185182,
            "net_income_4q": null,
            "revenue": 1338273,
            "revenue_4q": null,
            "common_shares": 1197260,
            "book_valuer_per_share": 23.86,
            "book_valuer_per_share_4q_avg": 22.98,
            "equity": 2856794,
            "current_ratio": 170.18,
            "debt_ratio": 42.73,
            "inventory_turnover_ratio": 1.51,
            "account_receivable_turnover_ratio": 1.27,
            "reinvestment_rate": -49.44,
            "research_to_sale_ratio": 3.5,
            "price_fair": 145.34,
            "eps_avg_yearly": 4.15,
            "eps_latest_yearly": 6.2,
            "eps_growth_yearly": 30.1
        },
        "20171": {
            "year_quarter": 20171,
            "year": 2017,
            "quarter": 1,
            "eps": 1.04,
            "eps_growth_year": 11.83,
            "eps_4q": 5.13,
            "eps_4q_growth_year": 16.08,
            "roe": 4.35,
            "roe_4q": 22.27,
            "gross_profit": 392101,
            "gross_margin": 31.75,
            "gross_margin_4q_avg": 30.14,
            "net_income": 124918,
            "net_income_4q": null,
            "revenue": 1234802,
            "revenue_4q": null,
            "common_shares": 1197260,
            "book_valuer_per_share": 24.08,
            "book_valuer_per_share_4q_avg": 23.12,
            "equity": 2882701,
            "current_ratio": 180.75,
            "debt_ratio": 39.53,
            "inventory_turnover_ratio": 1.26,
            "account_receivable_turnover_ratio": 1.12,
            "reinvestment_rate": 38.36,
            "research_to_sale_ratio": 3.71,
            "price_fair": 148.66,
            "eps_avg_yearly": 4.25,
            "eps_latest_yearly": 4.16,
            "eps_growth_yearly": 33.13
        },
        "20172": {
            "year_quarter": 20172,
            "year": 2017,
            "quarter": 2,
            "eps": 0.87,
            "eps_growth_year": -38.73,
            "eps_4q": 4.58,
            "eps_4q_growth_year": -6.2,
            "roe": 3.77,
            "roe_4q": 19.81,
            "gross_profit": 346348,
            "gross_margin": 26.33,
            "gross_margin_4q_avg": 29.61,
            "net_income": 104519,
            "net_income_4q": null,
            "revenue": 1315211,
            "revenue_4q": null,
            "common_shares": 1197260,
            "book_valuer_per_share": 22.27,
            "book_valuer_per_share_4q_avg": 23.19,
            "equity": 2665702,
            "current_ratio": 150.05,
            "debt_ratio": 46.46,
            "inventory_turnover_ratio": 1.44,
            "account_receivable_turnover_ratio": 1.22,
            "reinvestment_rate": 41.03,
            "research_to_sale_ratio": 3.29,
            "price_fair": 149,
            "eps_avg_yearly": 4.27,
            "eps_latest_yearly": 3.48,
            "eps_growth_yearly": 24.87
        },
        "20173": {
            "year_quarter": 20173,
            "year": 2017,
            "quarter": 3,
            "eps": 0.66,
            "eps_growth_year": -41.07,
            "eps_4q": 4.13,
            "eps_4q_growth_year": -15.54,
            "roe": 2.92,
            "roe_4q": 17.7,
            "gross_profit": 308461,
            "gross_margin": 22.58,
            "gross_margin_4q_avg": 27.81,
            "net_income": 79315,
            "net_income_4q": null,
            "revenue": 1365883,
            "revenue_4q": null,
            "common_shares": 1197260,
            "book_valuer_per_share": 23.14,
            "book_valuer_per_share_4q_avg": 23.34,
            "equity": 2770996,
            "current_ratio": 156.83,
            "debt_ratio": 44.1,
            "inventory_turnover_ratio": 1.71,
            "account_receivable_turnover_ratio": 1.22,
            "reinvestment_rate": 33.39,
            "research_to_sale_ratio": 3.27,
            "price_fair": 137.01,
            "eps_avg_yearly": 4.27,
            "eps_latest_yearly": 2.64,
            "eps_growth_yearly": 22.09
        },
        "20174": {
            "year_quarter": 20174,
            "year": 2017,
            "quarter": 4,
            "eps": 1.23,
            "eps_growth_year": -20.79,
            "eps_4q": 3.8,
            "eps_4q_growth_year": -24.12,
            "roe": 5.16,
            "roe_4q": 16.2,
            "gross_profit": 422409,
            "gross_margin": 26.44,
            "gross_margin_4q_avg": 26.78,
            "net_income": 146690,
            "net_income_4q": null,
            "revenue": 1597858,
            "revenue_4q": null,
            "common_shares": 1197260,
            "book_valuer_per_share": 24.38,
            "book_valuer_per_share_4q_avg": 23.47,
            "equity": 2919353,
            "current_ratio": 156.61,
            "debt_ratio": 45.7,
            "inventory_turnover_ratio": 1.96,
            "account_receivable_turnover_ratio": 1.22,
            "reinvestment_rate": 28.56,
            "research_to_sale_ratio": 2.78,
            "price_fair": 153.65,
            "eps_avg_yearly": 4.39,
            "eps_latest_yearly": 4.92,
            "eps_growth_yearly": 40.69
        },
        "20181": {
            "year_quarter": 20181,
            "year": 2018,
            "quarter": 1,
            "eps": 0.45,
            "eps_growth_year": -56.73,
            "eps_4q": 3.21,
            "eps_4q_growth_year": -37.33,
            "roe": 1.83,
            "roe_4q": 13.68,
            "gross_profit": 321810,
            "gross_margin": 23.16,
            "gross_margin_4q_avg": 24.63,
            "net_income": 54077,
            "net_income_4q": null,
            "revenue": 1389407,
            "revenue_4q": null,
            "common_shares": 1197260,
            "book_valuer_per_share": 25.09,
            "book_valuer_per_share_4q_avg": 23.72,
            "equity": 3004048,
            "current_ratio": 161.16,
            "debt_ratio": 43.92,
            "inventory_turnover_ratio": 1.66,
            "account_receivable_turnover_ratio": 1.06,
            "reinvestment_rate": 28.9,
            "research_to_sale_ratio": 3.32,
            "price_fair": 92.11,
            "eps_avg_yearly": 4.22,
            "eps_latest_yearly": 1.8,
            "eps_growth_yearly": 11.84
        },
        "20182": {
            "year_quarter": 20182,
            "year": 2018,
            "quarter": 2,
            "eps": 1.1,
            "eps_growth_year": 26.44,
            "eps_4q": 3.44,
            "eps_4q_growth_year": -24.86,
            "roe": 4.58,
            "roe_4q": 14.49,
            "gross_profit": 344904,
            "gross_margin": 23.02,
            "gross_margin_4q_avg": 23.8,
            "net_income": 132173,
            "net_income_4q": null,
            "revenue": 1498382,
            "revenue_4q": null,
            "common_shares": 1197260,
            "book_valuer_per_share": 23.08,
            "book_valuer_per_share_4q_avg": 23.92,
            "equity": 2763068,
            "current_ratio": 138.84,
            "debt_ratio": 49.27,
            "inventory_turnover_ratio": 1.89,
            "account_receivable_turnover_ratio": 1.19,
            "reinvestment_rate": 33.03,
            "research_to_sale_ratio": 3.38,
            "price_fair": 143.06,
            "eps_avg_yearly": 4.09,
            "eps_latest_yearly": 4.4,
            "eps_growth_yearly": 37.42
        },
        "20183": {
            "year_quarter": 20183,
            "year": 2018,
            "quarter": 3,
            "eps": 1.53,
            "eps_growth_year": 131.82,
            "eps_4q": 4.31,
            "eps_4q_growth_year": 4.52,
            "roe": 6.49,
            "roe_4q": 18.060000000000002,
            "gross_profit": 442805,
            "gross_margin": 26.17,
            "gross_margin_4q_avg": 24.7,
            "net_income": 183314,
            "net_income_4q": null,
            "revenue": 1692218,
            "revenue_4q": null,
            "common_shares": 1197260,
            "book_valuer_per_share": 24.08,
            "book_valuer_per_share_4q_avg": 24.16,
            "equity": 2883125,
            "current_ratio": 149.57,
            "debt_ratio": 47.17,
            "inventory_turnover_ratio": 2.26,
            "account_receivable_turnover_ratio": 1.2,
            "reinvestment_rate": 25.38,
            "research_to_sale_ratio": 2.84,
            "price_fair": 149.45,
            "eps_avg_yearly": 4.27,
            "eps_latest_yearly": 6.12,
            "eps_growth_yearly": 59.85
        },
        "20184": {
            "year_quarter": 20184,
            "year": 2018,
            "quarter": 4,
            "eps": 2.28,
            "eps_growth_year": 85.96,
            "eps_4q": 5.37,
            "eps_4q_growth_year": 41.04,
            "roe": 9.02,
            "roe_4q": 21.92,
            "gross_profit": 605229,
            "gross_margin": 31.19,
            "gross_margin_4q_avg": 25.89,
            "net_income": 272786,
            "net_income_4q": null,
            "revenue": 1940507,
            "revenue_4q": null,
            "common_shares": 1197260,
            "book_valuer_per_share": 26.44,
            "book_valuer_per_share_4q_avg": 24.67,
            "equity": 3164980,
            "current_ratio": 151.19,
            "debt_ratio": 45.67,
            "inventory_turnover_ratio": 2.51,
            "account_receivable_turnover_ratio": 1.26,
            "reinvestment_rate": 21.68,
            "research_to_sale_ratio": 2.93,
            "price_fair": 161,
            "eps_avg_yearly": 4.6,
            "eps_latest_yearly": 9.12,
            "eps_growth_yearly": 67.11
        },
        "20191": {
            "year_quarter": 20191,
            "year": 2019,
            "quarter": 1,
            "eps": 1.56,
            "eps_growth_year": 246.67,
            "eps_4q": 6.47,
            "eps_4q_growth_year": 101.39,
            "roe": 5.67,
            "roe_4q": 25.759999999999998,
            "gross_profit": 475537,
            "gross_margin": 30.47,
            "gross_margin_4q_avg": 27.71,
            "net_income": 186274,
            "net_income_4q": null,
            "revenue": 1560448,
            "revenue_4q": null,
            "common_shares": 1197260,
            "book_valuer_per_share": 28.44,
            "book_valuer_per_share_4q_avg": 25.51,
            "equity": 3404611,
            "current_ratio": 166.74,
            "debt_ratio": 42.14,
            "inventory_turnover_ratio": 1.72,
            "account_receivable_turnover_ratio": 1.09,
            "reinvestment_rate": 21.66,
            "research_to_sale_ratio": 3.18,
            "price_fair": 168.26,
            "eps_avg_yearly": 4.81,
            "eps_latest_yearly": 6.24,
            "eps_growth_yearly": 65.2
        },
        "20192": {
            "year_quarter": 20192,
            "year": 2019,
            "quarter": 2,
            "eps": 1.63,
            "eps_growth_year": 48.18,
            "eps_4q": 7,
            "eps_4q_growth_year": 103.23,
            "roe": 6.01,
            "roe_4q": 27.189999999999998,
            "gross_profit": 450733,
            "gross_margin": 29.99,
            "gross_margin_4q_avg": 29.46,
            "net_income": 195455,
            "net_income_4q": null,
            "revenue": 1502902,
            "revenue_4q": null,
            "common_shares": 1197260,
            "book_valuer_per_share": 25.87,
            "book_valuer_per_share_4q_avg": 26.21,
            "equity": 3097215,
            "current_ratio": 145.11,
            "debt_ratio": 48.77,
            "inventory_turnover_ratio": 1.48,
            "account_receivable_turnover_ratio": 1.23,
            "reinvestment_rate": 19.33,
            "research_to_sale_ratio": 3.49,
            "price_fair": 174.21,
            "eps_avg_yearly": 4.98,
            "eps_latest_yearly": 6.52,
            "eps_growth_yearly": 58.79
        },
        "20193": {
            "year_quarter": 20193,
            "year": 2019,
            "quarter": 3,
            "eps": 1.97,
            "eps_growth_year": 28.76,
            "eps_4q": 7.43,
            "eps_4q_growth_year": 72.43,
            "roe": 7.41,
            "roe_4q": 28.11,
            "gross_profit": 528881,
            "gross_margin": 31.04,
            "gross_margin_4q_avg": 30.67,
            "net_income": 235641,
            "net_income_4q": null,
            "revenue": 1704007,
            "revenue_4q": null,
            "common_shares": 1197260,
            "book_valuer_per_share": 27.25,
            "book_valuer_per_share_4q_avg": 27,
            "equity": 3263056,
            "current_ratio": 163.02,
            "debt_ratio": 43.17,
            "inventory_turnover_ratio": 1.64,
            "account_receivable_turnover_ratio": 1.23,
            "reinvestment_rate": 15.07,
            "research_to_sale_ratio": 3.14,
            "price_fair": 181.65,
            "eps_avg_yearly": 5.19,
            "eps_latest_yearly": 7.88,
            "eps_growth_yearly": 59.53
        },
        "20194": {
            "year_quarter": 20194,
            "year": 2019,
            "quarter": 4,
            "eps": 2.46,
            "eps_growth_year": 7.99,
            "eps_4q": 7.62,
            "eps_4q_growth_year": 41.97,
            "roe": 8.69,
            "roe_4q": 27.78,
            "gross_profit": 640975,
            "gross_margin": 30.99,
            "gross_margin_4q_avg": 30.62,
            "net_income": 294581,
            "net_income_4q": null,
            "revenue": 2068086,
            "revenue_4q": null,
            "common_shares": 1197260,
            "book_valuer_per_share": 29.4,
            "book_valuer_per_share_4q_avg": 27.74,
            "equity": 3520007,
            "current_ratio": 161.86,
            "debt_ratio": 45.05,
            "inventory_turnover_ratio": 1.65,
            "account_receivable_turnover_ratio": 1.3,
            "reinvestment_rate": 13.4,
            "research_to_sale_ratio": 3.46,
            "price_fair": 190.75,
            "eps_avg_yearly": 5.45,
            "eps_latest_yearly": 9.84,
            "eps_growth_yearly": 59.05
        },
        "20201": {
            "year_quarter": 20201,
            "year": 2020,
            "quarter": 1,
            "eps": 1.13,
            "eps_growth_year": -27.56,
            "eps_4q": 7.19,
            "eps_4q_growth_year": 11.11,
            "roe": 3.79,
            "roe_4q": 25.9,
            "gross_profit": 347119,
            "gross_margin": 25.96,
            "gross_margin_4q_avg": 29.5,
            "net_income": 134960,
            "net_income_4q": null,
            "revenue": 1337275,
            "revenue_4q": null,
            "common_shares": 1197260,
            "book_valuer_per_share": 30,
            "book_valuer_per_share_4q_avg": 28.13,
            "equity": 3607308,
            "current_ratio": 178.94,
            "debt_ratio": 41.23,
            "inventory_turnover_ratio": 1,
            "account_receivable_turnover_ratio": 0.94,
            "reinvestment_rate": 13.73,
            "research_to_sale_ratio": 3.55,
            "price_fair": 192.5,
            "eps_avg_yearly": 5.5,
            "eps_latest_yearly": 4.52,
            "eps_growth_yearly": 54.16
        },
        "20202": {
            "year_quarter": 20202,
            "year": 2020,
            "quarter": 2,
            "eps": 2.18,
            "eps_growth_year": 33.74,
            "eps_4q": 7.73,
            "eps_4q_growth_year": 10.51,
            "roe": 7.56,
            "roe_4q": 27.45,
            "gross_profit": 571289,
            "gross_margin": 25.98,
            "gross_margin_4q_avg": 28.49,
            "net_income": 259517,
            "net_income_4q": null,
            "revenue": 2198836,
            "revenue_4q": null,
            "common_shares": 1197260,
            "book_valuer_per_share": 27.13,
            "book_valuer_per_share_4q_avg": 28.45,
            "equity": 3262095,
            "current_ratio": 139.83,
            "debt_ratio": 52.47,
            "inventory_turnover_ratio": 1.58,
            "account_receivable_turnover_ratio": 1.43,
            "reinvestment_rate": 12.6,
            "research_to_sale_ratio": 2.57,
            "price_fair": 199.15,
            "eps_avg_yearly": 5.69,
            "eps_latest_yearly": 8.72,
            "eps_growth_yearly": 64.22
        },
        "20203": {
            "year_quarter": 20203,
            "year": 2020,
            "quarter": 3,
            "eps": 1.95,
            "eps_growth_year": -1.02,
            "eps_4q": 7.64,
            "eps_4q_growth_year": 2.78,
            "roe": 6.85,
            "roe_4q": 26.89,
            "gross_profit": 541580,
            "gross_margin": 25.62,
            "gross_margin_4q_avg": 27.14,
            "net_income": 232979,
            "net_income_4q": null,
            "revenue": 2113588,
            "revenue_4q": null,
            "common_shares": 1209260,
            "book_valuer_per_share": 29.13,
            "book_valuer_per_share_4q_avg": 28.92,
            "equity": 3535906,
            "current_ratio": 120.31,
            "debt_ratio": 54.91,
            "inventory_turnover_ratio": 1.37,
            "account_receivable_turnover_ratio": 1.15,
            "reinvestment_rate": 41.64,
            "research_to_sale_ratio": 2.94,
            "price_fair": 206.41,
            "eps_avg_yearly": 5.9,
            "eps_latest_yearly": 7.8,
            "eps_growth_yearly": 66.86
        },
        "20204": {
            "year_quarter": 20204,
            "year": 2020,
            "quarter": 4,
            "eps": 2.87,
            "eps_growth_year": 16.75,
            "eps_4q": 8.08,
            "eps_4q_growth_year": 6.05,
            "roe": 9.25,
            "roe_4q": 27.45,
            "gross_profit": 471630,
            "gross_margin": 24.89,
            "gross_margin_4q_avg": 25.61,
            "net_income": 346091,
            "net_income_4q": null,
            "revenue": 1894846,
            "revenue_4q": null,
            "common_shares": 1209260,
            "book_valuer_per_share": 32.49,
            "book_valuer_per_share_4q_avg": 29.69,
            "equity": 3950042,
            "current_ratio": 115.68,
            "debt_ratio": 50.85,
            "inventory_turnover_ratio": 1.07,
            "account_receivable_turnover_ratio": 1.07,
            "reinvestment_rate": 48.73,
            "research_to_sale_ratio": 3.15,
            "price_fair": 217.96,
            "eps_avg_yearly": 6.23,
            "eps_latest_yearly": 11.48,
            "eps_growth_yearly": 69.06
        },
        "20211": {
            "year_quarter": 20211,
            "year": 2021,
            "quarter": 1,
            "eps": 1.05,
            "eps_growth_year": -7.08,
            "eps_4q": 8,
            "eps_4q_growth_year": 11.34,
            "roe": 3.13,
            "roe_4q": 26.789999999999996,
            "gross_profit": 393353,
            "gross_margin": 21.63,
            "gross_margin_4q_avg": 24.53,
            "net_income": 125595,
            "net_income_4q": null,
            "revenue": 1818927,
            "revenue_4q": null,
            "common_shares": 1209110,
            "book_valuer_per_share": 33.48,
            "book_valuer_per_share_4q_avg": 30.56,
            "equity": 4068453,
            "current_ratio": 130.49,
            "debt_ratio": 51.57,
            "inventory_turnover_ratio": 0.95,
            "account_receivable_turnover_ratio": 1.03,
            "reinvestment_rate": 57.6,
            "research_to_sale_ratio": 2.92,
            "price_fair": 218.05,
            "eps_avg_yearly": 6.23,
            "eps_latest_yearly": 4.2,
            "eps_growth_yearly": 61.43
        },
        "20212": {
            "year_quarter": 20212,
            "year": 2021,
            "quarter": 2,
            "eps": 1.48,
            "eps_growth_year": -32.11,
            "eps_4q": 7.32,
            "eps_4q_growth_year": -5.34,
            "roe": 4.54,
            "roe_4q": 23.770000000000003,
            "gross_profit": 475605,
            "gross_margin": 20.34,
            "gross_margin_4q_avg": 23.12,
            "net_income": 177577,
            "net_income_4q": null,
            "revenue": 2338238,
            "revenue_4q": null,
            "common_shares": 1208610,
            "book_valuer_per_share": 30.89,
            "book_valuer_per_share_4q_avg": 31.5,
            "equity": 3754129,
            "current_ratio": 114.82,
            "debt_ratio": 60.14,
            "inventory_turnover_ratio": 1.11,
            "account_receivable_turnover_ratio": 1.18,
            "reinvestment_rate": 67.92,
            "research_to_sale_ratio": 2.29,
            "price_fair": 223.39,
            "eps_avg_yearly": 6.38,
            "eps_latest_yearly": 5.92,
            "eps_growth_yearly": 75.76
        },
        "20213": {
            "year_quarter": 20213,
            "year": 2021,
            "quarter": 3,
            "eps": 1.8,
            "eps_growth_year": -7.69,
            "eps_4q": 7.17,
            "eps_4q_growth_year": -6.22,
            "roe": 5.56,
            "roe_4q": 22.48,
            "gross_profit": 528990,
            "gross_margin": 19.99,
            "gross_margin_4q_avg": 21.71,
            "net_income": 215064,
            "net_income_4q": null,
            "revenue": 2646237,
            "revenue_4q": null,
            "common_shares": 1208610,
            "book_valuer_per_share": 32.8,
            "book_valuer_per_share_4q_avg": 32.42,
            "equity": 3984473,
            "current_ratio": 125.21,
            "debt_ratio": 61.47,
            "inventory_turnover_ratio": 1.1,
            "account_receivable_turnover_ratio": 1.17,
            "reinvestment_rate": 72.92,
            "research_to_sale_ratio": 1.96,
            "price_fair": 233.36,
            "eps_avg_yearly": 6.67,
            "eps_latest_yearly": 7.2,
            "eps_growth_yearly": 87.2
        },
        "20214": {
            "year_quarter": 20214,
            "year": 2021,
            "quarter": 4,
            "eps": 1.28,
            "eps_growth_year": -55.56,
            "eps_4q": 5.57,
            "eps_4q_growth_year": -31.04,
            "roe": 3.77,
            "roe_4q": 17,
            "gross_profit": 445918,
            "gross_margin": 17.02,
            "gross_margin_4q_avg": 19.75,
            "net_income": 153790,
            "net_income_4q": null,
            "revenue": 2619618,
            "revenue_4q": null,
            "common_shares": 1207885,
            "book_valuer_per_share": 34.41,
            "book_valuer_per_share_4q_avg": 32.9,
            "equity": 4176637,
            "current_ratio": 128.78,
            "debt_ratio": 62.88,
            "inventory_turnover_ratio": 0.98,
            "account_receivable_turnover_ratio": 1.1,
            "reinvestment_rate": 85.6,
            "research_to_sale_ratio": 1.74,
            "price_fair": 233.8,
            "eps_avg_yearly": 6.68,
            "eps_latest_yearly": 5.12,
            "eps_growth_yearly": 58.38
        },
        "20221": {
            "year_quarter": 20221,
            "year": 2022,
            "quarter": 1,
            "eps": 1.05,
            "eps_growth_year": 0,
            "eps_4q": 5.57,
            "eps_4q_growth_year": -30.36,
            "roe": 2.93,
            "roe_4q": 16.8,
            "gross_profit": 380197,
            "gross_margin": 18.2,
            "gross_margin_4q_avg": 18.89,
            "net_income": 125928,
            "net_income_4q": null,
            "revenue": 2088705,
            "revenue_4q": null,
            "common_shares": 1207697,
            "book_valuer_per_share": 36.34,
            "book_valuer_per_share_4q_avg": 33.61,
            "equity": 4408848,
            "current_ratio": 127.57,
            "debt_ratio": 62.27,
            "inventory_turnover_ratio": 0.64,
            "account_receivable_turnover_ratio": 0.89,
            "reinvestment_rate": 99.1,
            "research_to_sale_ratio": 2.07,
            "price_fair": 239.05,
            "eps_avg_yearly": 6.83,
            "eps_latest_yearly": 4.2,
            "eps_growth_yearly": 69.75
        },
        "20222": {
            "year_quarter": 20222,
            "year": 2022,
            "quarter": 2,
            "eps": 2.31,
            "eps_growth_year": 56.08,
            "eps_4q": 6.39,
            "eps_4q_growth_year": -12.64,
            "roe": 6.37,
            "roe_4q": 18.63,
            "gross_profit": 536001,
            "gross_margin": 19.27,
            "gross_margin_4q_avg": 18.62,
            "net_income": 277784,
            "net_income_4q": null,
            "revenue": 2781851,
            "revenue_4q": null,
            "common_shares": 1207697,
            "book_valuer_per_share": 35.52,
            "book_valuer_per_share_4q_avg": 34.77,
            "equity": 4310888,
            "current_ratio": 126.54,
            "debt_ratio": 64.2,
            "inventory_turnover_ratio": 0.8,
            "account_receivable_turnover_ratio": 1.07,
            "reinvestment_rate": 88.23,
            "research_to_sale_ratio": 1.65,
            "price_fair": 249.64,
            "eps_avg_yearly": 7.13,
            "eps_latest_yearly": 9.24,
            "eps_growth_yearly": 63.63
        },
        "20223": {
            "year_quarter": 20223,
            "year": 2022,
            "quarter": 3,
            "eps": 3.65,
            "eps_growth_year": 102.78,
            "eps_4q": 8.26,
            "eps_4q_growth_year": 15.24,
            "roe": 9.71,
            "roe_4q": 22.78,
            "gross_profit": 714650,
            "gross_margin": 23.59,
            "gross_margin_4q_avg": 19.52,
            "net_income": 443505,
            "net_income_4q": null,
            "revenue": 3029664,
            "revenue_4q": null,
            "common_shares": 1206320,
            "book_valuer_per_share": 39.82,
            "book_valuer_per_share_4q_avg": 36.52,
            "equity": 4828088,
            "current_ratio": 135.72,
            "debt_ratio": 63.29,
            "inventory_turnover_ratio": 0.81,
            "account_receivable_turnover_ratio": 1.02,
            "reinvestment_rate": 88.04,
            "research_to_sale_ratio": 1.77,
            "price_fair": 268.19,
            "eps_avg_yearly": 7.66,
            "eps_latest_yearly": 14.6,
            "eps_growth_yearly": 68.36
        },
        "20224": {
            "year_quarter": 20224,
            "year": 2022,
            "quarter": 4,
            "eps": 1.3,
            "eps_growth_year": 1.76,
            "eps_4q": 8.28,
            "eps_4q_growth_year": 48.61,
            "roe": 3.3,
            "roe_4q": 22.310000000000002,
            "gross_profit": 499701,
            "gross_margin": 18.8,
            "gross_margin_4q_avg": 19.97,
            "net_income": 161246,
            "net_income_4q": null,
            "revenue": 2657481,
            "revenue_4q": null,
            "common_shares": 1206320,
            "book_valuer_per_share": 40.68,
            "book_valuer_per_share_4q_avg": 38.09,
            "equity": 4936735,
            "current_ratio": 147.92,
            "debt_ratio": 59.95,
            "inventory_turnover_ratio": 0.8,
            "account_receivable_turnover_ratio": 0.98,
            "reinvestment_rate": 94.22,
            "research_to_sale_ratio": 1.67,
            "price_fair": 259.61,
            "eps_avg_yearly": 7.42,
            "eps_latest_yearly": 5.2,
            "eps_growth_yearly": 40.01
        },
        "20231": {
            "year_quarter": 20231,
            "year": 2023,
            "quarter": 1,
            "eps": 0.23,
            "eps_growth_year": -78.1,
            "eps_4q": 7.46,
            "eps_4q_growth_year": 33.91,
            "roe": 0.62,
            "roe_4q": 20,
            "gross_profit": 271177,
            "gross_margin": 16.47,
            "gross_margin_4q_avg": 19.53,
            "net_income": 30684,
            "net_income_4q": null,
            "revenue": 1646631,
            "revenue_4q": null,
            "common_shares": 1206320,
            "book_valuer_per_share": 41.07,
            "book_valuer_per_share_4q_avg": 39.27,
            "equity": 4986439,
            "current_ratio": 155.85,
            "debt_ratio": 56.22,
            "inventory_turnover_ratio": 0.59,
            "account_receivable_turnover_ratio": 0.83,
            "reinvestment_rate": 98.16,
            "research_to_sale_ratio": 2.42,
            "price_fair": 247.98,
            "eps_avg_yearly": 7.09,
            "eps_latest_yearly": 0.92,
            "eps_growth_yearly": 27.33
        },
        "20232": {
            "year_quarter": 20232,
            "year": 2023,
            "quarter": 2,
            "eps": 2.07,
            "eps_growth_year": -10.39,
            "eps_4q": 7.24,
            "eps_4q_growth_year": 13.15,
            "roe": 5.55,
            "roe_4q": 19.18,
            "gross_profit": 592929,
            "gross_margin": 23.59,
            "gross_margin_4q_avg": 20.61,
            "net_income": 270849,
            "net_income_4q": null,
            "revenue": 2513805,
            "revenue_4q": null,
            "common_shares": 1206070,
            "book_valuer_per_share": 39.06,
            "book_valuer_per_share_4q_avg": 40.16,
            "equity": 4765528,
            "current_ratio": 143.45,
            "debt_ratio": 59.76,
            "inventory_turnover_ratio": 0.87,
            "account_receivable_turnover_ratio": 1.29,
            "reinvestment_rate": 96.23,
            "research_to_sale_ratio": 1.9,
            "price_fair": 251.83,
            "eps_avg_yearly": 7.2,
            "eps_latest_yearly": 8.28,
            "eps_growth_yearly": 226.21
        },
        "20233": {
            "year_quarter": 20233,
            "year": 2023,
            "quarter": 3,
            "eps": 2.08,
            "eps_growth_year": -43.01,
            "eps_4q": 5.67,
            "eps_4q_growth_year": -31.32,
            "roe": 5.03,
            "roe_4q": 14.5,
            "gross_profit": 560203,
            "gross_margin": 23.76,
            "gross_margin_4q_avg": 20.66,
            "net_income": 248742,
            "net_income_4q": null,
            "revenue": 2357411,
            "revenue_4q": null,
            "common_shares": 1206070,
            "book_valuer_per_share": 42.09,
            "book_valuer_per_share_4q_avg": 40.73,
            "equity": 5128605,
            "current_ratio": 158.96,
            "debt_ratio": 57.73,
            "inventory_turnover_ratio": 0.83,
            "account_receivable_turnover_ratio": 1.06,
            "reinvestment_rate": 97.31,
            "research_to_sale_ratio": 1.96,
            "price_fair": 252.79,
            "eps_avg_yearly": 7.22,
            "eps_latest_yearly": 8.32,
            "eps_growth_yearly": 221.11
        },
        "20234": {
            "year_quarter": 20234,
            "year": 2023,
            "quarter": 4,
            "eps": 4.63,
            "eps_growth_year": 256.27,
            "eps_4q": 9,
            "eps_4q_growth_year": 8.72,
            "roe": 10.4,
            "roe_4q": 21.6,
            "gross_profit": 1149518,
            "gross_margin": 24.31,
            "gross_margin_4q_avg": 22.03,
            "net_income": 556765,
            "net_income_4q": null,
            "revenue": 4729411,
            "revenue_4q": null,
            "common_shares": 1205945,
            "book_valuer_per_share": 45.83,
            "book_valuer_per_share_4q_avg": 42.01,
            "equity": 5577835,
            "current_ratio": 151.12,
            "debt_ratio": 60.12,
            "inventory_turnover_ratio": 1.75,
            "account_receivable_turnover_ratio": 1.64,
            "reinvestment_rate": 88.8,
            "research_to_sale_ratio": 1.44,
            "price_fair": 271.78,
            "eps_avg_yearly": 7.77,
            "eps_latest_yearly": 18.52,
            "eps_growth_yearly": 245.55
        }
    },
    "months": {
        "2003-11": {
            "month": "2003-11",
            "price": "27.00",
            "revenue": 202567
        },
        "2003-12": {
            "month": "2003-12",
            "price": "27.00",
            "revenue": 173918
        },
        "2004-02": {
            "month": "2004-02",
            "price": "26.00",
            "revenue": 182175
        },
        "2004-03": {
            "month": "2004-03",
            "price": "30.00",
            "revenue": 172971
        },
        "2004-05": {
            "month": "2004-05",
            "price": "24.90",
            "revenue": 192620
        },
        "2004-06": {
            "month": "2004-06",
            "price": "23.00",
            "revenue": 182307
        },
        "2004-07": {
            "month": "2004-07",
            "price": "13.67",
            "revenue": 178429
        },
        "2004-08": {
            "month": "2004-08",
            "price": "13.06",
            "revenue": 206691
        },
        "2004-09": {
            "month": "2004-09",
            "price": "15.22",
            "revenue": 217099
        },
        "2004-10": {
            "month": "2004-10",
            "price": "16.07",
            "revenue": 215853
        },
        "2004-11": {
            "month": "2004-11",
            "price": "17.16",
            "revenue": 234541
        },
        "2004-12": {
            "month": "2004-12",
            "price": "18.32",
            "revenue": 197819
        },
        "2005-01": {
            "month": "2005-01",
            "price": "18.04",
            "revenue": 193455
        },
        "2005-02": {
            "month": "2005-02",
            "price": "17.22",
            "revenue": 149422
        },
        "2005-03": {
            "month": "2005-03",
            "price": "20.89",
            "revenue": 204953
        },
        "2005-04": {
            "month": "2005-04",
            "price": "18.78",
            "revenue": 181582
        },
        "2005-05": {
            "month": "2005-05",
            "price": "18.84",
            "revenue": 176609
        },
        "2005-06": {
            "month": "2005-06",
            "price": "20.51",
            "revenue": 165449
        },
        "2005-07": {
            "month": "2005-07",
            "price": "22.80",
            "revenue": 221174
        },
        "2005-08": {
            "month": "2005-08",
            "price": "20.15",
            "revenue": 204344
        },
        "2005-09": {
            "month": "2005-09",
            "price": "19.00",
            "revenue": 257820
        },
        "2005-10": {
            "month": "2005-10",
            "price": "19.04",
            "revenue": 205303
        },
        "2005-11": {
            "month": "2005-11",
            "price": "20.23",
            "revenue": 211963
        },
        "2005-12": {
            "month": "2005-12",
            "price": "21.17",
            "revenue": 190178
        },
        "2006-01": {
            "month": "2006-01",
            "price": "21.69",
            "revenue": 157606
        },
        "2006-02": {
            "month": "2006-02",
            "price": "20.42",
            "revenue": 162685
        },
        "2006-03": {
            "month": "2006-03",
            "price": "20.13",
            "revenue": 255061
        },
        "2006-04": {
            "month": "2006-04",
            "price": "21.98",
            "revenue": 216373
        },
        "2006-05": {
            "month": "2006-05",
            "price": "23.62",
            "revenue": 199100
        },
        "2006-06": {
            "month": "2006-06",
            "price": "22.69",
            "revenue": 223910
        },
        "2006-07": {
            "month": "2006-07",
            "price": "22.57",
            "revenue": 213498
        },
        "2006-08": {
            "month": "2006-08",
            "price": "23.24",
            "revenue": 238207
        },
        "2006-09": {
            "month": "2006-09",
            "price": "22.92",
            "revenue": 266976
        },
        "2006-10": {
            "month": "2006-10",
            "price": "22.72",
            "revenue": 232940
        },
        "2006-11": {
            "month": "2006-11",
            "price": "24.28",
            "revenue": 235024
        },
        "2006-12": {
            "month": "2006-12",
            "price": "25.38",
            "revenue": 197652
        },
        "2007-01": {
            "month": "2007-01",
            "price": "26.06",
            "revenue": 211117
        },
        "2007-02": {
            "month": "2007-02",
            "price": "26.62",
            "revenue": 136465
        },
        "2007-03": {
            "month": "2007-03",
            "price": "27.64",
            "revenue": 167398
        },
        "2007-04": {
            "month": "2007-04",
            "price": "29.38",
            "revenue": 201848
        },
        "2007-05": {
            "month": "2007-05",
            "price": "29.97",
            "revenue": 201883
        },
        "2007-06": {
            "month": "2007-06",
            "price": "31.35",
            "revenue": 236875
        },
        "2007-07": {
            "month": "2007-07",
            "price": "39.19",
            "revenue": 234729
        },
        "2007-08": {
            "month": "2007-08",
            "price": "36.00",
            "revenue": 237494
        },
        "2007-09": {
            "month": "2007-09",
            "price": "31.38",
            "revenue": 206647
        },
        "2007-10": {
            "month": "2007-10",
            "price": "29.13",
            "revenue": 170973
        },
        "2007-11": {
            "month": "2007-11",
            "price": "24.44",
            "revenue": 172730
        },
        "2007-12": {
            "month": "2007-12",
            "price": "22.08",
            "revenue": 185643
        },
        "2008-01": {
            "month": "2008-01",
            "price": "20.91",
            "revenue": 183237
        },
        "2008-02": {
            "month": "2008-02",
            "price": "19.53",
            "revenue": 113576
        },
        "2008-03": {
            "month": "2008-03",
            "price": "20.72",
            "revenue": 176290
        },
        "2008-04": {
            "month": "2008-04",
            "price": "22.70",
            "revenue": 144378
        },
        "2008-05": {
            "month": "2008-05",
            "price": "20.94",
            "revenue": 181243
        },
        "2008-06": {
            "month": "2008-06",
            "price": "19.19",
            "revenue": 171482
        },
        "2008-07": {
            "month": "2008-07",
            "price": "16.09",
            "revenue": 183561
        },
        "2008-08": {
            "month": "2008-08",
            "price": "14.45",
            "revenue": 245718
        },
        "2008-09": {
            "month": "2008-09",
            "price": "11.55",
            "revenue": 118670
        },
        "2008-10": {
            "month": "2008-10",
            "price": "10.10",
            "revenue": 148575
        },
        "2008-11": {
            "month": "2008-11",
            "price": "8.98",
            "revenue": 118814
        },
        "2008-12": {
            "month": "2008-12",
            "price": "8.62",
            "revenue": 112919
        },
        "2009-01": {
            "month": "2009-01",
            "price": "8.13",
            "revenue": 99097
        },
        "2009-02": {
            "month": "2009-02",
            "price": "7.30",
            "revenue": 119443
        },
        "2009-03": {
            "month": "2009-03",
            "price": "8.53",
            "revenue": 134644
        },
        "2009-04": {
            "month": "2009-04",
            "price": "10.13",
            "revenue": 138281
        },
        "2009-05": {
            "month": "2009-05",
            "price": "11.82",
            "revenue": 122356
        },
        "2009-06": {
            "month": "2009-06",
            "price": "11.42",
            "revenue": 163293
        },
        "2009-07": {
            "month": "2009-07",
            "price": "12.10",
            "revenue": 376500
        },
        "2009-08": {
            "month": "2009-08",
            "price": "13.07",
            "revenue": 316725
        },
        "2009-09": {
            "month": "2009-09",
            "price": "16.70",
            "revenue": 347997
        },
        "2009-10": {
            "month": "2009-10",
            "price": "19.13",
            "revenue": 328885
        },
        "2009-11": {
            "month": "2009-11",
            "price": "23.03",
            "revenue": 306204
        },
        "2009-12": {
            "month": "2009-12",
            "price": "27.07",
            "revenue": 390471
        },
        "2010-01": {
            "month": "2010-01",
            "price": "26.35",
            "revenue": 337754
        },
        "2010-02": {
            "month": "2010-02",
            "price": "23.54",
            "revenue": 268941
        },
        "2010-03": {
            "month": "2010-03",
            "price": "25.81",
            "revenue": 366147
        },
        "2010-04": {
            "month": "2010-04",
            "price": "31.25",
            "revenue": 322420
        },
        "2010-05": {
            "month": "2010-05",
            "price": "31.32",
            "revenue": 360500
        },
        "2010-06": {
            "month": "2010-06",
            "price": "31.55",
            "revenue": 369162
        },
        "2010-07": {
            "month": "2010-07",
            "price": "30.95",
            "revenue": 344441
        },
        "2010-08": {
            "month": "2010-08",
            "price": "30.51",
            "revenue": 331883
        },
        "2010-09": {
            "month": "2010-09",
            "price": "29.11",
            "revenue": 359257
        },
        "2010-10": {
            "month": "2010-10",
            "price": "31.29",
            "revenue": 345851
        },
        "2010-11": {
            "month": "2010-11",
            "price": "35.45",
            "revenue": 320396
        },
        "2010-12": {
            "month": "2010-12",
            "price": "47.91",
            "revenue": 394198
        },
        "2011-01": {
            "month": "2011-01",
            "price": "49.17",
            "revenue": 304086
        },
        "2011-02": {
            "month": "2011-02",
            "price": "46.34",
            "revenue": 281301
        },
        "2011-03": {
            "month": "2011-03",
            "price": "42.46",
            "revenue": 419284
        },
        "2011-04": {
            "month": "2011-04",
            "price": "43.07",
            "revenue": 343047
        },
        "2011-05": {
            "month": "2011-05",
            "price": "48.08",
            "revenue": 303023
        },
        "2011-06": {
            "month": "2011-06",
            "price": "47.89",
            "revenue": 392842
        },
        "2011-07": {
            "month": "2011-07",
            "price": "45.04",
            "revenue": 316598
        },
        "2011-08": {
            "month": "2011-08",
            "price": "37.88",
            "revenue": 336487
        },
        "2011-09": {
            "month": "2011-09",
            "price": "33.79",
            "revenue": 366187
        },
        "2011-10": {
            "month": "2011-10",
            "price": "33.61",
            "revenue": 286609
        },
        "2011-11": {
            "month": "2011-11",
            "price": "34.26",
            "revenue": 309613
        },
        "2011-12": {
            "month": "2011-12",
            "price": "31.52",
            "revenue": 298985
        },
        "2012-01": {
            "month": "2012-01",
            "price": "31.19",
            "revenue": 286580
        },
        "2012-02": {
            "month": "2012-02",
            "price": "36.08",
            "revenue": 296622
        },
        "2012-03": {
            "month": "2012-03",
            "price": "39.12",
            "revenue": 388208
        },
        "2012-04": {
            "month": "2012-04",
            "price": "37.77",
            "revenue": 308654
        },
        "2012-05": {
            "month": "2012-05",
            "price": "34.98",
            "revenue": 316756
        },
        "2012-06": {
            "month": "2012-06",
            "price": "31.49",
            "revenue": 353396
        },
        "2012-07": {
            "month": "2012-07",
            "price": "31.10",
            "revenue": 304541
        },
        "2012-08": {
            "month": "2012-08",
            "price": "32.13",
            "revenue": 348095
        },
        "2012-09": {
            "month": "2012-09",
            "price": "32.69",
            "revenue": 323970
        },
        "2012-10": {
            "month": "2012-10",
            "price": "31.36",
            "revenue": 349025
        },
        "2012-11": {
            "month": "2012-11",
            "price": "31.45",
            "revenue": 350304
        },
        "2012-12": {
            "month": "2012-12",
            "price": "33.25",
            "revenue": 356356
        },
        "2013-01": {
            "month": "2013-01",
            "price": "35.41",
            "revenue": 350605
        },
        "2013-02": {
            "month": "2013-02",
            "price": "37.73",
            "revenue": 210841
        },
        "2013-03": {
            "month": "2013-03",
            "price": "37.46",
            "revenue": 290204
        },
        "2013-04": {
            "month": "2013-04",
            "price": "36.18",
            "revenue": 267810
        },
        "2013-05": {
            "month": "2013-05",
            "price": "35.23",
            "revenue": 365452
        },
        "2013-06": {
            "month": "2013-06",
            "price": "35.12",
            "revenue": 318377
        },
        "2013-07": {
            "month": "2013-07",
            "price": "33.55",
            "revenue": 334291
        },
        "2013-08": {
            "month": "2013-08",
            "price": "31.76",
            "revenue": 324228
        },
        "2013-09": {
            "month": "2013-09",
            "price": "31.25",
            "revenue": 316372
        },
        "2013-10": {
            "month": "2013-10",
            "price": "31.91",
            "revenue": 312530
        },
        "2013-11": {
            "month": "2013-11",
            "price": "31.29",
            "revenue": 271526
        },
        "2013-12": {
            "month": "2013-12",
            "price": "32.54",
            "revenue": 362296
        },
        "2014-01": {
            "month": "2014-01",
            "price": "35.35",
            "revenue": 334251
        },
        "2014-02": {
            "month": "2014-02",
            "price": "35.32",
            "revenue": 252040
        },
        "2014-03": {
            "month": "2014-03",
            "price": "35.94",
            "revenue": 383146
        },
        "2014-04": {
            "month": "2014-04",
            "price": "41.12",
            "revenue": 400948
        },
        "2014-05": {
            "month": "2014-05",
            "price": "48.60",
            "revenue": 388267
        },
        "2014-06": {
            "month": "2014-06",
            "price": "58.58",
            "revenue": 381604
        },
        "2014-07": {
            "month": "2014-07",
            "price": "63.06",
            "revenue": 371653
        },
        "2014-08": {
            "month": "2014-08",
            "price": "62.01",
            "revenue": 310306
        },
        "2014-09": {
            "month": "2014-09",
            "price": "58.99",
            "revenue": 413974
        },
        "2014-10": {
            "month": "2014-10",
            "price": "47.70",
            "revenue": 390627
        },
        "2014-11": {
            "month": "2014-11",
            "price": "48.38",
            "revenue": 362175
        },
        "2014-12": {
            "month": "2014-12",
            "price": "54.08",
            "revenue": 496440
        },
        "2015-01": {
            "month": "2015-01",
            "price": "56.52",
            "revenue": 381062
        },
        "2015-02": {
            "month": "2015-02",
            "price": "54.12",
            "revenue": 235444
        },
        "2015-03": {
            "month": "2015-03",
            "price": "54.19",
            "revenue": 400368
        },
        "2015-04": {
            "month": "2015-04",
            "price": "53.80",
            "revenue": 347067
        },
        "2015-05": {
            "month": "2015-05",
            "price": "46.02",
            "revenue": 389750
        },
        "2015-06": {
            "month": "2015-06",
            "price": "41.60",
            "revenue": 322206
        },
        "2015-07": {
            "month": "2015-07",
            "price": "35.67",
            "revenue": 346452
        },
        "2015-08": {
            "month": "2015-08",
            "price": "30.89",
            "revenue": 379075
        },
        "2015-09": {
            "month": "2015-09",
            "price": "34.70",
            "revenue": 368062
        },
        "2015-10": {
            "month": "2015-10",
            "price": "37.89",
            "revenue": 348236
        },
        "2015-11": {
            "month": "2015-11",
            "price": "37.08",
            "revenue": 448224
        },
        "2015-12": {
            "month": "2015-12",
            "price": "42.63",
            "revenue": 473138
        },
        "2016-01": {
            "month": "2016-01",
            "price": "38.72",
            "revenue": 442065
        },
        "2016-02": {
            "month": "2016-02",
            "price": "39.76",
            "revenue": 243138
        },
        "2016-03": {
            "month": "2016-03",
            "price": "42.97",
            "revenue": 489053
        },
        "2016-04": {
            "month": "2016-04",
            "price": "49.90",
            "revenue": 459471
        },
        "2016-05": {
            "month": "2016-05",
            "price": "53.23",
            "revenue": 515062
        },
        "2016-06": {
            "month": "2016-06",
            "price": "57.79",
            "revenue": 452057
        },
        "2016-07": {
            "month": "2016-07",
            "price": "58.66",
            "revenue": 430017
        },
        "2016-08": {
            "month": "2016-08",
            "price": "55.13",
            "revenue": 399691
        },
        "2016-09": {
            "month": "2016-09",
            "price": "52.55",
            "revenue": 438867
        },
        "2016-10": {
            "month": "2016-10",
            "price": "53.21",
            "revenue": 449817
        },
        "2016-11": {
            "month": "2016-11",
            "price": "51.04",
            "revenue": 443895
        },
        "2016-12": {
            "month": "2016-12",
            "price": "52.08",
            "revenue": 447208
        },
        "2017-01": {
            "month": "2017-01",
            "price": "50.99",
            "revenue": 383796
        },
        "2017-02": {
            "month": "2017-02",
            "price": "54.80",
            "revenue": 324979
        },
        "2017-03": {
            "month": "2017-03",
            "price": "56.56",
            "revenue": 526027
        },
        "2017-04": {
            "month": "2017-04",
            "price": "53.43",
            "revenue": 462745
        },
        "2017-05": {
            "month": "2017-05",
            "price": "54.42",
            "revenue": 418071
        },
        "2017-06": {
            "month": "2017-06",
            "price": "55.84",
            "revenue": 434396
        },
        "2017-07": {
            "month": "2017-07",
            "price": "51.80",
            "revenue": 412775
        },
        "2017-08": {
            "month": "2017-08",
            "price": "50.04",
            "revenue": 462377
        },
        "2017-09": {
            "month": "2017-09",
            "price": "51.39",
            "revenue": 490732
        },
        "2017-10": {
            "month": "2017-10",
            "price": "49.96",
            "revenue": 472340
        },
        "2017-11": {
            "month": "2017-11",
            "price": "46.24",
            "revenue": 495680
        },
        "2017-12": {
            "month": "2017-12",
            "price": "42.66",
            "revenue": 630138
        },
        "2018-01": {
            "month": "2018-01",
            "price": "44.22",
            "revenue": 531718
        },
        "2018-02": {
            "month": "2018-02",
            "price": "44.42",
            "revenue": 308589
        },
        "2018-03": {
            "month": "2018-03",
            "price": "47.68",
            "revenue": 549100
        },
        "2018-04": {
            "month": "2018-04",
            "price": "47.47",
            "revenue": 460959
        },
        "2018-05": {
            "month": "2018-05",
            "price": "43.15",
            "revenue": 500510
        },
        "2018-06": {
            "month": "2018-06",
            "price": "42.74",
            "revenue": 536914
        },
        "2018-07": {
            "month": "2018-07",
            "price": "39.57",
            "revenue": 559161
        },
        "2018-08": {
            "month": "2018-08",
            "price": "40.02",
            "revenue": 556247
        },
        "2018-09": {
            "month": "2018-09",
            "price": "39.49",
            "revenue": 576810
        },
        "2018-10": {
            "month": "2018-10",
            "price": "35.03",
            "revenue": 614562
        },
        "2018-11": {
            "month": "2018-11",
            "price": "39.26",
            "revenue": 711140
        },
        "2018-12": {
            "month": "2018-12",
            "price": "44.50",
            "revenue": 626655
        },
        "2019-01": {
            "month": "2019-01",
            "price": "45.15",
            "revenue": 614789
        },
        "2019-02": {
            "month": "2019-02",
            "price": "51.50",
            "revenue": 385262
        },
        "2019-03": {
            "month": "2019-03",
            "price": "60.26",
            "revenue": 560397
        },
        "2019-04": {
            "month": "2019-04",
            "price": "69.72",
            "revenue": 496898
        },
        "2019-05": {
            "month": "2019-05",
            "price": "62.90",
            "revenue": 502941
        },
        "2019-06": {
            "month": "2019-06",
            "price": "63.36",
            "revenue": 503063
        },
        "2019-07": {
            "month": "2019-07",
            "price": "64.86",
            "revenue": 574848
        },
        "2019-08": {
            "month": "2019-08",
            "price": "67.59",
            "revenue": 553952
        },
        "2019-09": {
            "month": "2019-09",
            "price": "71.87",
            "revenue": 575208
        },
        "2019-10": {
            "month": "2019-10",
            "price": "76.22",
            "revenue": 594186
        },
        "2019-11": {
            "month": "2019-11",
            "price": "79.85",
            "revenue": 741145
        },
        "2019-12": {
            "month": "2019-12",
            "price": "83.69",
            "revenue": 732755
        },
        "2020-01": {
            "month": "2020-01",
            "price": "98.80",
            "revenue": 464809
        },
        "2020-02": {
            "month": "2020-02",
            "price": "98.54",
            "revenue": 319325
        },
        "2020-03": {
            "month": "2020-03",
            "price": "78.38",
            "revenue": 553141
        },
        "2020-04": {
            "month": "2020-04",
            "price": "84.52",
            "revenue": 763950
        },
        "2020-05": {
            "month": "2020-05",
            "price": "92.66",
            "revenue": 764882
        },
        "2020-06": {
            "month": "2020-06",
            "price": "96.90",
            "revenue": 670003
        },
        "2020-07": {
            "month": "2020-07",
            "price": "91.67",
            "revenue": 730654
        },
        "2020-08": {
            "month": "2020-08",
            "price": "89.78",
            "revenue": 667997
        },
        "2020-09": {
            "month": "2020-09",
            "price": "89.98",
            "revenue": 714938
        },
        "2020-10": {
            "month": "2020-10",
            "price": "89.52",
            "revenue": 551833
        },
        "2020-11": {
            "month": "2020-11",
            "price": "86.44",
            "revenue": 648445
        },
        "2020-12": {
            "month": "2020-12",
            "price": "83.10",
            "revenue": 694569
        },
        "2021-01": {
            "month": "2021-01",
            "price": "81.32",
            "revenue": 577048
        },
        "2021-02": {
            "month": "2021-02",
            "price": "81.08",
            "revenue": 436786
        },
        "2021-03": {
            "month": "2021-03",
            "price": "84.32",
            "revenue": 805094
        },
        "2021-04": {
            "month": "2021-04",
            "price": "87.14",
            "revenue": 760631
        },
        "2021-05": {
            "month": "2021-05",
            "price": "78.25",
            "revenue": 735229
        },
        "2021-06": {
            "month": "2021-06",
            "price": "73.13",
            "revenue": 842377
        },
        "2021-07": {
            "month": "2021-07",
            "price": "75.70",
            "revenue": 788938
        },
        "2021-08": {
            "month": "2021-08",
            "price": "72.12",
            "revenue": 921640
        },
        "2021-09": {
            "month": "2021-09",
            "price": "73.49",
            "revenue": 935660
        },
        "2021-10": {
            "month": "2021-10",
            "price": "74.94",
            "revenue": 866019
        },
        "2021-11": {
            "month": "2021-11",
            "price": "76.02",
            "revenue": 820707
        },
        "2021-12": {
            "month": "2021-12",
            "price": "74.53",
            "revenue": 932892
        },
        "2022-01": {
            "month": "2022-01",
            "price": "78.61",
            "revenue": 735855
        },
        "2022-02": {
            "month": "2022-02",
            "price": "87.37",
            "revenue": 538946
        },
        "2022-03": {
            "month": "2022-03",
            "price": "75.30",
            "revenue": 813905
        },
        "2022-04": {
            "month": "2022-04",
            "price": "69.63",
            "revenue": 520343
        },
        "2022-05": {
            "month": "2022-05",
            "price": "66.94",
            "revenue": 947127
        },
        "2022-06": {
            "month": "2022-06",
            "price": "67.54",
            "revenue": 1314380
        },
        "2022-07": {
            "month": "2022-07",
            "price": "65.81",
            "revenue": 1020710
        },
        "2022-08": {
            "month": "2022-08",
            "price": "75.77",
            "revenue": 1024998
        },
        "2022-09": {
            "month": "2022-09",
            "price": "77.43",
            "revenue": 983956
        },
        "2022-10": {
            "month": "2022-10",
            "price": "67.00",
            "revenue": 786698
        },
        "2022-11": {
            "month": "2022-11",
            "price": "71.67",
            "revenue": 780523
        },
        "2022-12": {
            "month": "2022-12",
            "price": "73.75",
            "revenue": 1090260
        },
        "2023-01": {
            "month": "2023-01",
            "price": "78.92",
            "revenue": 422035
        },
        "2023-02": {
            "month": "2023-02",
            "price": "85.41",
            "revenue": 535125
        },
        "2023-03": {
            "month": "2023-03",
            "price": "84.45",
            "revenue": 689471
        },
        "2023-04": {
            "month": "2023-04",
            "price": "83.02",
            "revenue": 771861
        },
        "2023-05": {
            "month": "2023-05",
            "price": "90.78",
            "revenue": 914555
        },
        "2023-06": {
            "month": "2023-06",
            "price": "132.48",
            "revenue": 827389
        },
        "2023-07": {
            "month": "2023-07",
            "price": "204.36",
            "revenue": 711915
        },
        "2023-08": {
            "month": "2023-08",
            "price": "211.77",
            "revenue": 740092
        },
        "2023-09": {
            "month": "2023-09",
            "price": "210.82",
            "revenue": 905403
        },
        "2023-10": {
            "month": "2023-10",
            "price": "207.58",
            "revenue": 1124574
        },
        "2023-11": {
            "month": "2023-11",
            "price": "225.00",
            "revenue": 1794060
        },
        "2023-12": {
            "month": "2023-12",
            "price": "261.62",
            "revenue": 1810810
        },
        "2024-01": {
            "month": "2024-01",
            "price": "281.50",
            "revenue": 1112849
        },
        "2024-02": {
            "month": "2024-02",
            "price": "271.42",
            "revenue": 595766
        }
    }
}
